1818 3178
145 147 190 182 30
592 153 643 180 nn
669 151 830 179 cnRIs'rI
856 150 1171 178 INCARNATIONE.

140 256 332 304 quantur),
358 253 420 291 sed
454 258 489 290 et
524 252 711 300 concipere
735 251 813 300 ipsa
848 263 992 300 quoque
1027 250 1194 297 deberet;
1219 251 1336 300 magis
1363 251 1461 289 enim
1485 255 1628 302 praeter

140 322 306 354 naturam
339 320 406 356 est.
439 315 614 361 virginem
649 326 691 350 ex
727 326 764 350 se
794 313 872 363 ipsa
909 313 1117 363 concepisse
1151 315 1344 362 (efficiente
1380 315 1554 353 nimirum
1588 316 1627 353 id

142 379 278 427 Spiritu
304 380 440 416 sancto.
475 375 532 411 cui
568 374 658 411 nihil
694 378 749 411 est
784 374 1040 424 impossibile),
1075 388 1186 425 quam
1219 376 1368 414 aliunde
1395 377 1627 428 desumptum

137 444 306 486 gestasse.
331 437 538 487 praesertim
565 449 646 472 cum
674 437 855 486 Propheta
879 436 984 474 iuxta
1011 437 1191 475 Matthaei
1217 439 1467 477 narrationem
1493 440 1627 477 diserte

139 502 250 537 dicat:
279 500 372 536 Ecce
399 500 499 546 virgo
526 499 835 548 impregnabiturg
862 506 898 536 ct
926 499 1044 537 Lucas
1071 500 1196 537 cadem
1223 501 1428 552 Prophetae
1455 503 1565 540 verba
1579 502 1625 539 ad

137 563 311 611 virginem
344 562 458 611 ipsam
494 561 650 598 referens
685 561 756 598 ait:
785 562 842 599 Tu
870 563 1063 612 concipies,
1117 564 1246 613 Neque
1272 564 1332 602 hic
1357 565 1535 615 particula
1562 566 1626 603 illa

135 625 180 674 ἐξ
217 625 380 672 designat
416 624 642 661 substantiae
669 625 850 673 originem
875 625 914 662 in
943 625 1080 662 Christi
1109 627 1359 676 conceptione,
1386 628 1473 664 dum
1499 628 1623 666 Evan-

133 688 261 737 gelista
287 700 306 724 e
333 687 470 737 Spiritu
497 691 622 724 sancto
649 701 726 724 esse
752 688 814 733 ait,
841 689 940 738 quod
966 689 1005 726 in
1033 689 1175 738 virgine
1198 691 1366 738 genitum
1392 695 1498 738 esset,
1520 692 1625 742 quasi

134 765 214 788 caro
243 751 377 788 Christi
404 751 558 788 deducta
585 751 631 788 sit
657 765 701 788 ex
729 752 886 802 Spiritus
914 754 1031 790 sancti
1057 754 1275 801 substantia,
1302 755 1365 792 sed
1390 755 1530 793 indicat
1555 769 1622 806 po-

132 817 203 852 tius
230 815 461 852 admirandae
488 815 595 851 huius
623 816 872 865 conceptionis
899 820 1096 855 auctorem.
1136 817 1197 854 Sic
1223 831 1299 855 rem
1325 831 1369 856 ex
1396 819 1519 869 aliquo
1535 833 1622 869 pro-

132 879 239 915 diisse
275 878 428 915 dicimus
465 879 587 926 vulgo,
625 879 711 915 dum
738 883 924 916 auctorem
949 880 1049 918 illius
1077 882 1245 919 volumus
1271 882 1446 921 indicare.
1501 883 1561 920 Sic
1587 887 1623 920 et

133 943 296 978 Christus
330 941 509 978 Dominus
544 942 587 978 de
621 942 775 979 Joannis
813 943 1001 993 baptis-(E
1037 944 1174 991 iii³)mo
1210 945 1372 996 quaerit,
1406 959 1425 983 e
1463 947 1624 988 coelone,

129 1020 171 1041 an
212 1017 294 1041 vero
330 1018 373 1041 ex
401 1005 610 1042 hominibus
637 1010 744 1048 esset,
772 1020 843 1042 non
874 1020 959 1044 sane
984 1008 1194 1056 intelligens
1223 1009 1315 1046 coeli
1339 1013 1403 1046 aut
1432 1009 1622 1047 hominum

129 1069 382 1110 substantiam,
409 1069 469 1104 sed
500 1069 663 1113 deumne,
690 1070 751 1118 qui
779 1070 815 1106 in
846 1070 955 1107 coelis
981 1075 1048 1115 est,
1074 1084 1122 1108 an
1149 1085 1233 1109 vero
1261 1072 1428 1109 homines
1455 1079 1621 1110 auctores

130 1131 286 1168 haberet.
325 1131 384 1167 Sic
410 1135 445 1168 et
474 1132 630 1168 loannes
656 1145 699 1169 ex
731 1133 804 1169 Deo
834 1146 900 1170 nos
925 1135 1070 1181 genitos
1097 1148 1174 1172 esse
1200 1135 1318 1179 docet,
1344 1136 1430 1183 dum
1457 1149 1525 1174 nos
1553 1136 1622 1174 Dei

130 1195 303 1232 beneficio
337 1195 380 1231 ad
419 1195 541 1240 vitain,
575 1209 596 1231 a
630 1209 701 1244 qua
726 1197 986 1243 excideramus,
1020 1198 1060 1235 in
1094 1199 1242 1236 Christo
1269 1213 1414 1237 rursum
1441 1201 1620 1251 repositos

129 1272 205 1295 esse
240 1262 407 1301 testatur,
441 1261 475 1295 ct
502 1271 594 1307 quae
620 1259 696 1295 eius
722 1260 865 1306 generis
892 1261 1008 1297 multa
1033 1261 1071 1297 in
1099 1261 1289 1311 scripturis
1317 1263 1509 1300 habentur.
1563 1264 1619 1301 Ex

129 1322 261 1371 quibus
288 1322 392 1358 facile
417 1325 577 1371 apparet,
604 1335 677 1358 1100
704 1335 809 1372 posse
836 1323 873 1360 id
900 1324 989 1361 effici
1017 1324 1086 1361 1100
1112 1325 1206 1370 1000,
1231 1330 1272 1363 ut
1294 1331 1442 1376 propter
1459 1328 1620 1377 particu-

128 1385 199 1421 lam
242 1385 286 1433 ἐξ
331 1385 447 1421 sancti
492 1385 648 1435 Spiritus
693 1387 937 1424 substantiam
972 1388 1038 1426 sub
1074 1389 1173 1426 illius
1208 1390 1356 1427 nomine
1388 1392 1619 1441 accipiamus.

127 1448 208 1485 Imo
246 1461 341 1493 vere,
374 1449 404 1486 si
429 1449 644 1498 particulam
680 1450 773 1487 hanc
808 1455 997 1501 tantopere
1022 1466 1227 1501 urgeamus,
1253 1454 1358 1491 facile
1385 1457 1619 1493 ostendemus

126 1512 206 1548 aliis
233 1511 322 1548 locis
348 1512 410 1548 illa
436 1512 554 1549 multo
583 1513 849 1560 significantius
879 1515 1061 1563 designari
1088 1517 1268 1565 originem
1295 1519 1522 1556 substantiae
1539 1532 1618 1557 car-

127 1575 183 1612 nis
220 1574 355 1611 Christi
398 1578 544 1624 propter
580 1575 743 1612 additam
776 1577 875 1614 illius
910 1578 1060 1616 minime
1094 1580 1288 1618 obscuram
1323 1582 1619 1628 declarationem,

127 1651 234 1687 quam
262 1637 320 1674 hic
347 1651 431 1674 saue
459 1639 596 1675 nullam
623 1639 798 1678 videmus.
846 1642 932 1678 Quo
958 1646 1065 1692 pacto
1092 1644 1189 1681 enim
1217 1645 1367 1693 negabis
1395 1647 1547 1685 Paulum
1575 1649 1619 1686 dc

128 1701 246 1738 carnis
282 1700 418 1737 Christi
453 1701 594 1748 origine
628 1702 739 1751 loqui,
776 1702 861 1740 dum
899 1704 1085 1742 Christum
1119 1719 1195 1744 non
1228 1721 1293 1758 per
1328 1722 1449 1747 semen
1487 1710 1648 1751 David.>

128 1776 255 1813 nempe
292 1763 456 1808 Mariam,
488 1764 791 1813 quemadmodum
821 1770 859 1803 tu
885 1767 1146 1818 interpretaris,
1173 1771 1236 1807 sed
1263 1784 1305 1808 ex
1335 1773 1470 1810 semine
1499 1774 1616 1812 David

126 1827 290 1875 genitum
325 1831 360 1864 et
395 1840 438 1864 ex
474 1827 619 1865 Iudaeis
646 1841 722 1865 0550
750 1831 880 1867 docet?
933 1833 1048 1869 Addit
1074 1833 1136 1871 ille
1163 1835 1295 1873 diserte
1321 1837 1616 1882 declarationem,

126 1903 198 1939 qua
229 1890 390 1926 excludit
423 1891 632 1939 peregrinas
668 1904 793 1929 001005
827 1893 1159 1944 interpretationes,
1197 1902 1232 1935 et
1269 1900 1430 1937 ostendit
1466 1914 1504 1938 se
1540 1915 1613 1940 non

123 1954 194 1990 alia
222 1954 264 1990 dc
291 1954 339 2001 (E
366 1954 442 2000 iiib)
471 1968 519 1999 re,
546 1968 653 2005 quam
682 1956 725 1993 de
752 1958 869 1994 carnis
883 1959 1022 2007 origine
1040 1960 1152 2011 loqui.
1180 1962 1280 2000 Dicit
1301 1964 1409 2007 enim,
1426 1966 1613 2004 Christum

123 2017 241 2066 ipsum
275 2030 353 2054 esse
385 2018 549 2066 genitum
585 2019 658 2056 sive
692 2020 830 2057 factum
865 2035 908 2058 ex
943 2023 1080 2061 semine
1114 2024 1245 2070 David,
1280 2040 1358 2065 esse
1392 2042 1435 2066 ex
1463 2030 1609 2068 Iudaeis

123 2085 166 2118 τὸ
203 2086 307 2119 κατὰ
343 2086 477 2129 σάρκα,
514 2081 582 2117 1100
617 2085 683 2126 051,
718 2088 895 2132 quantum
929 2085 975 2122 ad
1011 2087 1129 2125 carnis
1157 2090 1401 2128 substantiam
1427 2094 1613 2133 attineret.

123 2142 222 2179 Dicit
253 2149 447 2192 praeterea,
484 2144 668 2182 Christum
704 2159 747 2183 cx
779 2148 928 2185 muliere
954 2150 1092 2187 factum
1102 2167 1111 2197 3
1140 2152 1228 2189 dicit
1254 2157 1289 2191 et
1318 2141 1540 2203 Matthaeus]
1567 2173 1611 2197 ex

122 2206 184 2242 illa
217 2206 392 2254 genitum.
439 2207 513 2244 Hic
548 2221 631 2245 vero
667 2213 704 2247 te
729 2211 916 2250 audiemus
943 2214 1092 2260 scilicet,
1117 2220 1158 2253 ut
1186 2217 1281 2255 hanc
1305 2220 1525 2269 particulam
1551 2222 1612 2273 ἐξ,

122 2282 229 2319 quam
266 2270 398 2307 Paulus
430 2272 621 2309 manifeste
655 2273 698 2310 ad
737 2275 854 2313 carnis
890 2277 1134 2317 substantiam
1159 2282 1280 2326 refert,
1306 2283 1357 2321 ita
1385 2298 1610 2336 exponamus

120 2332 279 2375 interim,
313 2337 353 2370 ut
388 2347 481 2379 eum,
515 2336 577 2385 qui
613 2350 654 2374 ex
681 2342 796 2375 matre
824 2344 857 2377 et
884 2341 1002 2379 factus
1029 2347 1064 2380 et
1091 2345 1238 2392 genitus
1266 2361 1344 2385 esse
1371 2349 1518 2396 dicitur,
1543 2366 1608 2403 per

120 2400 272 2433 matrem
312 2398 498 2436 transiisse
541 2399 718 2439 duntaxat
758 2403 1017 2453 intelligamus,
1058 2411 1270 2458 praesertim
1305 2425 1388 2450 cum
1422 2415 1610 2455 Christum

121 2458 320 2496 Dominum
347 2461 422 2513 cius
448 2463 574 2500 matris
602 2478 724 2501 verum
750 2479 792 2503 ac
820 2470 1019 2507 naturalem
1045 2472 1161 2510 filium
1188 2487 1265 2512 esse
1292 2490 1367 2515 non
1388 2478 1608 2528 dubitemus,

120 2535 211 2572 quae
245 2523 362 2573 ipsum
389 2524 489 2562 iuxta
515 2526 715 2577 Prophetae
742 2534 777 2567 et
806 2533 938 2580 Angeli
963 2535 1214 2575 testimonium
1241 2553 1323 2578 vere
1349 2545 1385 2579 et
1410 2546 1609 2595 peperisset

120 2589 155 2622 ct
183 2587 433 2636 concepisset?
462 2588 519 2625 Ita
545 2593 587 2626 tu
612 2590 648 2627 id
677 2593 822 2641 quidem
846 2596 899 2633 vis
926 2597 1095 2647 intelligi,
1123 2602 1183 2638 sed
1213 2603 1321 2642 nobis
1340 2606 1428 2644 satis
1447 2622 1520 2646 non
1541 2615 1607 2656 est,

118 2650 154 2683 tc
190 2648 258 2684 hoc
293 2649 345 2686 ita
378 2651 478 2690 vellc.
516 2651 584 2689 11151
612 2653 718 2692 simul
746 2656 873 2696 doceas
900 2660 1020 2707 etiam,
1048 2675 1112 2700 cur
1137 2664 1173 2701 id
1202 2665 1252 2703 ita
1281 2669 1381 2711 velis,
1409 2683 1545 2722 curque
1570 2678 1607 2712 tc

119 2709 178 2746 hic
203 2711 327 2748 audire
354 2712 557 2751 debeamus.
601 2716 643 2752 Id
671 2730 778 2766 porro
808 2733 889 2758 cum
916 2736 989 2760 non
1015 2728 1241 2775 potuerimus
1269 2731 1390 2770 videre
1417 2734 1607 2782 hactenus,

118 2784 224 2820 aegre
248 2774 341 2812 ferre
368 2788 440 2812 non
469 2776 629 2823 debebis,
656 2780 686 2816 si
712 2782 909 2832 scripturae
936 2786 1205 2837 simplicitatem
1231 2796 1266 2830 et
1286 2807 1505 2836 consensum
1521 2803 1606 2838 tuae

118 2833 407 2886 interpretationi
440 2851 715 2890 praeponamus.
749 2844 831 2882 Jam
865 2850 900 2885 et
925 2848 1004 2900 ipsa
1031 2851 1098 2889 Dei
1123 2853 1163 2891 in
1191 2855 1330 2905 Spiritu
1357 2864 1484 2900 sancto
1513 2864 1605 2902 ratio
