1818 3178
149 85 221 121 284

142 193 276 234 Ioan.
303 194 326 233 ὃ.
353 195 517 234 Lasco.
1099 199 1159 237 12.

170 258 210 294 Si
230 257 550 295 somnolenterin-
976 260 1258 312 Westphalu
1271 277 1300 302 s.

143 336 162 373 q
171 322 249 359 uiro
275 322 320 359 de
340 322 553 359 Confessio-
655 323 755 361 Satis
791 326 1034 363 somnolenter
1069 328 1222 375 inquirit
1250 330 1398 368 Lassus
1426 333 1469 369 de
1498 334 1663 372 autlzorz'-

141 387 199 424 nis
234 387 439 430 autoribus,
480 400 554 437 quo
608 388 672 425 bus
710 390 968 437 consessionis,
1003 391 1162 439 pulchre
1206 395 1444 434 dissimulans
1485 410 1524 435 se
1566 400 1662 438 seire

138 455 245 501 pacto
296 450 449 500 pulchre
493 464 551 488 me
605 454 756 501 quinam
793 455 948 499 fuerint.
1009 455 1112 492 Unus
1141 469 1184 492 em
1211 459 1378 497 omnibus
1405 462 1504 498 solus
1527 464 1666 510 placet,

138 513 448 557 sciredissimulo,
463 514 546 564 qui-
599 523 632 553 et
667 530 762 553 unus
799 519 1022 561 nominatur,
1058 521 1102 556 de
1131 533 1202 568 quo
1232 523 1385 560 meliora
1413 526 1484 561 sibi
1505 528 1662 574 promit-

137 592 221 615 nam
232 578 287 615 illi
299 579 455 616 fuerint?
474 579 548 616 Hie
600 583 652 624 tit,
689 595 801 630 quam
828 589 867 618 ut
894 584 933 619 in
959 584 1028 620 tali
1045 587 1271 632 praesertim
1300 590 1528 636 consessione
1555 593 1663 630 aliud

136 642 363 680 admirabilis
374 643 444 681 iste
455 644 547 680 Pro·
599 648 753 683 senserit
796 660 907 695 quam
934 649 1138 696 scripserit.
1195 650 1347 689 Laudat
1374 653 1412 688 in
1439 654 1515 690 eius
1542 657 1661 694 verbis

134 708 207 744 feta
230 707 541 758 conjungit,quae
588 711 904 758 perspicuitatem,
942 717 981 747 ac
1005 712 1084 758 filii
1119 714 1193 749 Dei
1226 716 1337 751 verba
1378 730 1452 752 non
1486 725 1570 755 sunt
1606 721 1662 757 illi

133 785 257 810 seeum
282 772 363 822 ipsa
381 772 543 810 invicem
590 776 808 823 perspicua,
836 777 909 812 nisi
926 777 1096 814 tenebrae
1115 778 1231 815 lucem
1248 780 1417 827 inferant
1432 782 1509 818 suis
1528 785 1658 832 tropis.

132 836 460 886 pugnant.Deinde
472 838 545 875 sci-

132 913 170 937 re
180 913 248 937 nos
264 904 409 951 oportet
420 901 546 946 etiam,

131 977 224 1014 quae
267 965 463 1009 nescimus,
507 965 545 1003 in

130 1028 339 1079 ’Westphali
375 1031 550 1078 gratiam,

129 1106 176 1131 ne
202 1097 329 1132 tantus
357 1095 496 1145 alioqui
525 1096 691 1133 veritatis
720 1099 882 1134 assertor
908 1097 947 1135 in
973 1098 1170 1137 mendacio
1199 1099 1360 1141 haereat.
1387 1103 1453 1141 Illi
1480 1118 1566 1144 vero
1593 1107 1655 1146 in·

128 1162 275 1207 teg-rum
302 1159 385 1201 erit,
412 1164 447 1196 et
474 1160 629 1205 nescire,
658 1160 730 1197 nisi
757 1174 849 1211 quae
877 1162 923 1199 ad
954 1175 1084 1200 causae
1112 1177 1198 1202 suae
1227 1167 1464 1206 commodum
1492 1170 1653 1219 sei-(fol.

128 1223 236 1270 22)re
271 1223 382 1266 volet,
417 1223 563 1261 etiamsi
599 1224 795 1262 notissima
832 1225 907 1263 sint
944 1227 1133 1273 omnibus,
1169 1232 1205 1267 et
1231 1242 1379 1269 rursum
1406 1232 1500 1271 seire
1529 1235 1653 1274 omnia

128 1285 175 1322 ad
210 1286 457 1324 intendendas
491 1288 574 1325 aliis
611 1289 828 1333 calumnias,
863 1303 958 1340 quae
993 1305 1112 1342 neque
1149 1293 1261 1339 dicta,
1297 1309 1417 1347 neque
1445 1291 1582 1349 scripta
1610 1313 1653 1338 ac

126 1362 174 1387 ne
201 1351 362 1399 cogitata
389 1351 538 1401 quidem
567 1356 653 1391 sunt
679 1366 857 1404 unquam.
893 1355 1000 1393 Certe
1026 1369 1124 1394 unus
1152 1357 1226 1402 ille,
1253 1372 1364 1409 quem
1392 1361 1502 1400 nobis
1531 1364 1652 1402 solum

125 1415 270 1465 placere
307 1415 408 1462 dicit,
443 1420 595 1466 rogatus
631 1431 652 1454 a
688 1431 746 1455 me
780 1419 825 1455 de
861 1419 1118 1458 Confessionis
1146 1423 1353 1470 autoribus,
1379 1427 1586 1476 respondit,
1614 1442 1652 1467 se

127 1480 245 1516 solum
282 1483 318 1517 et
354 1481 501 1531 quidem
538 1481 698 1520 invitum
736 1486 904 1521 coactum
941 1484 1055 1522 fuisse
1090 1486 1191 1534 (aliis
1228 1488 1403 1527 omnibus
1439 1490 1536 1529 hanc
1562 1506 1650 1543 pro-

123 1545 286 1582 vinciam
314 1546 625 1596 detrectantibus)
652 1548 812 1585 seribere
839 1562 920 1586 eam
941 1550 1061 1600 ipsam
1079 1552 1373 1593 Confessionem.
1403 1555 1506 1594 Quid
1524 1563 1649 1596 autem

125 1609 277 1648 offendit
313 1609 582 1662 Westphalum‚
618 1612 706 1650 dum
743 1626 858 1651 unum
896 1613 1015 1658 illum,
1052 1628 1161 1666 quem
1191 1617 1311 1655 solum
1340 1620 1440 1666 novi,
1467 1622 1648 1660 nomino?

124 1675 206 1712 Iam
242 1675 383 1713 scilicet
420 1689 465 1713 ne
494 1677 680 1715 nominari
708 1678 858 1728 quidem
886 1680 1043 1729 amplius
1071 1681 1127 1718 fas
1155 1681 1224 1719 erit
1251 1696 1475 1734 quenquam,
1502 1687 1575 1725 nisi
1602 1701 1647 1726 ex

123 1740 349 1791 praescripto
387 1740 620 1792 Westphali?
676 1742 747 1780 Sed
783 1743 905 1781 iudice
942 1743 1161 1796 Westphalo
1198 1759 1296 1784 unus
1334 1747 1395 1785 hic
1429 1750 1647 1790 nominatur

123 1818 142 1841 a
172 1804 294 1849 nobis,
320 1805 405 1855 quia
433 1806 534 1843 solus
562 1807 693 1857 placet.
749 1807 902 1845 Quanto
931 1809 1050 1858 magis
1077 1809 1194 1859 igitur
1220 1824 1288 1860 ego
1319 1811 1536 1864 Westphalo
1562 1817 1644 1867 pla-

123 1882 199 1914 ceo,
226 1869 290 1919 qui
317 1873 352 1907 et
379 1870 488 1907 toties
516 1870 563 1907 ab
590 1871 671 1922 ipso
699 1871 875 1909 nominor
901 1876 936 1911 et
963 1876 1040 1910 tam
1068 1875 1273 1924 splendidis
1300 1878 1505 1929 multisque
1524 1880 1643 1920 titulis

119 1936 232 1984 (quae
266 1937 321 1971 est
358 1934 521 1972 hominis
557 1934 694 1973 efferati
724 1936 962 1986 impotentia)
1000 1939 1140 1975 ornor'?
1192 1939 1310 1978 Porro
1346 1941 1393 1980 D.
1430 1942 1642 1995 Philippum

122 1997 403 2035 Melanthonem
440 2012 507 2047 ego
542 1999 617 2036 iam
645 2000 746 2043 olim,
774 2000 886 2038 etiam
914 2004 1000 2039 ante
1027 2002 1200 2053 scriptam
1231 2004 1528 2052 confessionem,
1556 2021 1639 2046 amo

118 2065 154 2099 et
191 2076 345 2100 veneror
380 2068 531 2114 propter
558 2064 675 2102 multa
702 2068 737 2102 et
764 2065 898 2102 eximia
926 2065 996 2103 Dei
1022 2066 1061 2104 in
1089 2067 1153 2104 illo
1183 2068 1293 2115 dona,
1320 2069 1486 2121 adeoque
1513 2076 1547 2110 et
1576 2073 1640 2111 de·

119 2125 205 2163 bere
238 2139 296 2164 me
332 2127 387 2164 illi
423 2128 580 2165 multum
615 2129 747 2171 fateor,
772 2133 813 2166 ut
840 2130 904 2180 qui
930 2144 996 2181 per
1023 2145 1108 2169 eum
1133 2133 1355 2183 profecerim
1381 2134 1421 2172 in
1449 2148 1639 2174 sacrorum

119 2191 342 2239 cognitione,
379 2192 454 2229 sive
481 2192 518 2229 id
548 2192 787 2243 Westphalus
816 2194 952 2239 credat,
981 2195 1057 2232 sive
1085 2209 1161 2233 non
1190 2197 1328 2242 credat,
1356 2211 1476 2249 neque
1501 2204 1639 2239 temere

116 2254 209 2291 mihi
255 2256 468 2305 persuadeo,
505 2256 625 2293 virum
661 2257 764 2294 illum
799 2258 839 2295 in
872 2258 939 2296 tali
973 2260 1209 2310 potissimum
1246 2261 1384 2312 scripto
1424 2276 1500 2301 non
1536 2265 1637 2303 aliud

116 2318 306 2368 scripsisse
341 2333 452 2369 quam
487 2321 654 2358 senserit.
711 2321 797 2358 Hoc
833 2322 863 2359 si
903 2323 1162 2374 Westphalum
1191 2325 1355 2372 offendit,
1384 2340 1447 2365 cur
1475 2341 1549 2366 non
1579 2329 1635 2367 di-

114 2387 210 2419 serte
245 2387 307 2419 aut
335 2396 402 2427 me,
429 2388 491 2421 aut
518 2385 742 2436 Philippum,
769 2400 840 2436 qua
868 2391 971 2437 parte
999 2388 1209 2435 offenditur,
1235 2392 1412 2429 accusat?
1466 2393 1539 2430 Sed
1567 2407 1633 2431 suo

115 2446 175 2483 hic
210 2446 319 2495 genio
360 2447 551 2496 indulgere
587 2450 730 2496 maluit,
765 2464 895 2501 nempe
931 2456 971 2490 ut
1006 2453 1151 2490 adunco
1181 2468 1247 2492 suo
1276 2469 1366 2492 naso
1396 2458 1635 2507 suspenderet

112 2511 239 2547 omnia
266 2515 301 2547 et
329 2512 440 2548 veluti
471 2512 593 2551 Davus
620 2514 658 2551 in
689 2515 889 2553 Comoedia
919 2517 1043 2554 onmia
1069 2520 1314 2568 perturbaret.
1368 2521 1539 2559 Graviter
1565 2524 1633 2560 ad-

111 2575 264 2612 modum
296 2575 351 2612 illi
390 2589 516 2626 pectem
553 2578 635 2615 dum
664 2579 836 2630 Philippo
865 2582 1167 2632 perspicuitatem
1194 2584 1332 2630 tribuo,
1359 2599 1470 2635 quam
1497 2587 1535 2624 in
1565 2588 1630 2626 illo

111 2638 211 2675 docti
248 2639 385 2689 alioqui
423 2652 551 2677 omnes
584 2647 805 2690 agnoscunt,
842 2657 924 2682 cnm
962 2646 1053 2683 mihi
1093 2647 1182 2685 satis
1218 2649 1411 2699 perspicua
1449 2663 1525 2688 non
1556 2652 1631 2690 sint

111 2702 251 2739 seilicet
287 2703 396 2740 verba
425 2704 492 2739 filii
521 2703 600 2742 Dei.
654 2706 713 2743 Ita
741 2707 892 2756 quidem
921 2709 1077 2747 blaterat
1105 2711 1306 2758 Bria-(fol.
1338 2715 1475 2763 23)nys
1506 2715 1629 2754 West·

109 2765 266 2815 phalica,
305 2779 397 2817 quae
424 2767 567 2803 nullum
598 2768 767 2807 videlicet
796 2772 999 2810 mentiendi
1028 2774 1354 2826 calumniandique
1383 2777 1535 2815 modum
1564 2786 1628 2817 aut

108 2830 219 2867 finem
256 2831 370 2869 novit.
427 2830 497 2870 Sed
535 2831 605 2872 hoo
641 2833 729 2872 facit
766 2847 784 2872 e
813 2835 897 2874 bilis
926 2850 1013 2877 suae
1039 2838 1299 2885 redundantia,
1327 2853 1403 2881 non
1431 2845 1552 2882 autem
1581 2856 1626 2884 ex
