1818 3178
191 115 264 151 380

189 223 310 274 Reges
345 225 448 263 orbis
486 225 690 263 Christiani
725 238 852 264 omnes
889 227 1066 274 subiecit3
1101 227 1208 266 illum
1242 229 1397 280 inquam
1432 241 1515 266 cum
1540 229 1705 279 galerato

188 288 337 326 mitrato
365 288 516 339 palliato
545 301 588 326 ac
616 290 802 328 cucullato
832 303 899 328 suo
928 291 1103 329 satellitio
1134 304 1283 330 causam
1311 293 1398 331 dare
1424 292 1600 330 omnibus
1626 298 1704 331 tur-

186 351 244 389 bis
279 365 323 389 ae
360 352 634 391 calamitatibus
676 354 805 400 totius,
851 358 903 393 ut¹
927 359 1094 402 vocatur,
1130 356 1232 395 orbis
1269 356 1486 403 Christiani,
1525 370 1568 394 eo
1605 357 1706 407 quod

183 416 389 466 profanarit
425 430 490 455 sua
525 418 724 467 tyrannide
761 419 971 458 doctrinam
1007 420 1207 469 Euangelii
1236 421 1375 459 Christi
1402 424 1437 460 et
1464 421 1554 460 novi
1582 421 1704 459 cuius-

183 481 267 519 dam
303 481 372 519 Dei
401 484 459 520 sui
485 483 729 534 praesidiarii,
755 485 820 535 qui
846 485 1019 523 manibus
1047 486 1220 524 humanis
1246 488 1324 532 fiat,
1344 488 1421 525 vias
1441 487 1704 538 praestigiosas

183 544 405 599 confinxerit
440 559 482 583 ae
518 550 706 596 sequatur,
741 552 852 598 atque
878 547 971 586 adeo
999 548 1095 587 nihil
1123 549 1167 587 de
1194 563 1259 587 sua
1286 551 1485 600 tyrannide
1511 564 1554 588 ac
1581 551 1705 588 idolo-

179 608 289 645 latria
315 609 504 647 remittere
538 610 638 656 velit,
666 615 706 648 ut
733 612 862 649 orbem
891 612 1104 650 universum
1133 613 1297 652 dissidiis
1326 615 1500 653 caedibus
1527 628 1570 652 ac
1599 615 1704 653 bellis

178 672 331 724 implere
366 674 484 719 malit,
521 688 632 725 quam
671 677 726 714 vel
751 677 870 715 latum
896 690 1059 727 unguem
1088 678 1133 716 de
1161 691 1225 716 sua
1254 691 1479 730 suorumque
1505 681 1704 730 tyrannide

178 741 289 787 atque
323 737 512 789 impietate
549 739 688 779 cedere.
743 744 868 791 Atque
905 741 977 778 hoc
1013 741 1211 780 Achabitis
1247 743 1330 780 istis
1372 743 1478 780 Eliae
1504 743 1704 794 prophetae

178 801 345 852 exemplo
382 815 602 853 responsum
637 807 729 843 esto.
783 805 889 843 Haec
916 810 1039 843 autem
1065 806 1142 844 fere
1169 812 1256 844 sunt
1282 807 1490 857 praecipua,
1517 820 1610 857 quae
1637 808 1703 845 ad-

177 877 304 903 versus
350 870 517 904 nostram
554 867 764 906 doctrinam
800 870 995 920 proferunt
1034 883 1117 908 cum
1152 871 1300 922 ipsimet
1339 872 1505 909 omnium
1541 873 1704 911 maxima

177 929 284 980 culpa
311 943 439 968 eorum
466 936 674 979 teneantur,
701 946 796 983 quae
822 934 932 971 nobis
959 934 1055 972 falso
1083 934 1314 974 adscribunt.

225 995 342 1032 Aliud
385 1009 497 1047 porro
534 996 728 1035 hominum
762 1012 893 1047 genus,
929 1000 1030 1050 quod
1067 999 1115 1037 ad
1150 1013 1273 1038 rerum
1309 1001 1478 1038 omnium
1513 1001 1701 1039 licentiam
1744 1003 1747 1009 ⁴

173 1063 284 1110 atque
327 1060 692 1111 impu-(89)nitatem
735 1063 908 1100 extremis
948 1063 1048 1101 hisce
1082 1064 1314 1115 temporibus
1352 1065 1490 1103 nostris
1526 1065 1703 1116 adspirat,

173 1124 285 1163 habet
328 1125 438 1163 etiam
475 1126 575 1176 quod
612 1131 762 1165 nostrae
799 1128 939 1179 alioqui
977 1129 1170 1167 doctrinae
1209 1129 1375 1168 obiiciat.
1428 1130 1630 1168 Proferunt
1665 1135 1702 1168 et

172 1187 244 1239 ipsi
281 1187 490 1226 doctrinam
535 1190 654 1236 Pauli,
703 1191 780 1241 qui,
815 1191 882 1229 ubi
927 1192 1079 1243 spiritns
1117 1197 1184 1238 est,
1220 1193 1274 1230 ibi
1309 1206 1458 1244 quoque
1491 1194 1701 1232 libertatem

172 1256 299 1290 extare
332 1257 503 1304 oportere
551 1254 670 1293 docet.
737 1256 878 1293 Nostra
923 1261 1045 1294 autem
1082 1257 1172 1295 haec
1217 1262 1385 1308 tempora
1429 1271 1509 1296 esse
1552 1258 1701 1309 spiritus

172 1321 341 1368 tempora
376 1321 412 1356 et
449 1318 659 1369 spirituales
696 1332 717 1356 a
752 1319 899 1358 nemine
934 1320 1156 1359 iudicandos
1185 1335 1275 1360 esse.
1330 1322 1462 1373 Itaque
1489 1322 1701 1361 libertatem

171 1382 459 1432 permittendam
503 1396 583 1420 esse
640 1383 814 1421 omnibus
868 1384 1027 1423 docendi
1079 1386 1286 1436 agendique
1344 1387 1468 1425 omnia
1536 1391 1573 1425 et
1622 1401 1699 1425 non

172 1446 434 1493 dubitandum,
472 1459 554 1485 cum
581 1448 655 1485 iam
694 1448 769 1486 sint
803 1452 971 1500 tempora
1008 1450 1172 1501 spiritus,
1211 1451 1348 1496 omnia,
1386 1465 1480 1501 qnae
1508 1452 1700 1497 docentur,

171 1523 191 1547 a
231 1510 364 1561 spiritu
399 1516 528 1549 sancto
564 1512 770 1562 provenire.
825 1514 876 1550 At
912 1526 997 1550 vero
1033 1513 1097 1551 isti
1129 1514 1170 1551 in
1208 1514 1356 1551 citanda
1383 1515 1564 1552 hocloco
1592 1515 1699 1553 Pauli

172 1574 343 1612 doctrina
389 1575 445 1613 bis
487 1580 654 1626 peccant.
709 1576 889 1623 Primum,
923 1577 1023 1627 quod
1060 1590 1196 1615 nomen
1240 1577 1426 1615 libertatis
1463 1579 1535 1615 alio
1572 1578 1697 1616 detor-

170 1643 298 1689 quent,
343 1652 453 1690 quam
486 1640 623 1677 Paulus
661 1640 761 1678 velit,
818 1640 916 1678 Nam
943 1641 1023 1678 illic
1058 1641 1195 1678 Paulus
1224 1641 1291 1678 sub
1320 1642 1506 1679 libertatis
1534 1643 1698 1688 nomine,

169 1715 248 1740 non
275 1703 445 1754 equidem
472 1703 621 1754 quidvis
648 1708 713 1741 aut
740 1704 898 1742 docendi
925 1709 990 1742 aut
1017 1705 1152 1753 agendi
1178 1705 1368 1743 licentiam
1396 1710 1506 1756 atque
1532 1706 1697 1758 impuni-

168 1771 283 1805 tatem
319 1768 508 1817 intelligit,
546 1768 609 1805 sed
645 1768 762 1805 animi
798 1769 919 1806 nostri
946 1782 988 1806 ac
1017 1768 1269 1822 conscientiae
1298 1773 1447 1808 nostrae
1474 1769 1513 1807 in
1540 1770 1610 1808 Dei
1637 1771 1696 1808 iu-

171 1831 267 1869 dicio
305 1845 326 1869 a
361 1832 455 1881 legis
491 1831 689 1870 maledicto
717 1846 760 1869 ac
787 1833 998 1883 typicorum
1025 1833 1192 1870 omnium
1221 1834 1397 1871 servitute
1425 1834 1697 1880 liberationem,

169 1902 219 1943 ut,
255 1897 319 1948 qui
355 1897 435 1934 sine
472 1897 621 1935 Christo
658 1898 751 1946 legis
789 1911 886 1935 nexu
914 1898 961 1935 ad
988 1903 1177 1936 aeternam
1205 1899 1554 1936 condemnationem
1582 1900 1695 1937 desti-

167 1962 362 2008 nabamur,
388 1975 489 1999 nunc
515 1962 556 1999 in
585 1962 733 2000 Christo
762 1975 831 2000 nos
858 1963 905 2000 ab
934 1976 977 2000 eo
1006 1976 1105 2000 nexu
1132 1963 1309 2001 liberatos
1337 1976 1415 2001 esse
1443 1964 1529 2001 fidei
1547 1969 1696 2003 nostrae

165 2028 395 2072 testimonio,
430 2041 474 2065 ex
512 2027 610 2064 dono
639 2027 790 2078 spiritus
819 2028 951 2072 sancti,
980 2027 1204 2074 sentiamus3
1234 2032 1269 2065 et
1296 2028 1361 2078 qui
1388 2032 1473 2065 ante
1502 2028 1694 2066 Christum

167 2092 293 2130 datum
323 2093 408 2140 (90)
437 2092 483 2129 ad
510 2092 722 2145 typicorum
749 2092 917 2129 omnium
946 2092 1243 2129 observationem
1273 2105 1318 2129 ex
1346 2091 1416 2129 Dei
1442 2091 1559 2143 ipsius
1587 2093 1691 2130 ordi-

165 2142 316 2195 natione
351 2156 495 2206 alligati
530 2169 688 2202 eramus,
724 2156 815 2194 certi
852 2157 978 2202 simus,
1019 2156 1130 2194 etiam
1157 2169 1225 2193 nos
1255 2156 1300 2193 ab
1329 2156 1398 2193 hac
1427 2157 1602 2195 servitute
1629 2171 1693 2208 per

167 2222 357 2259 Christum
385 2221 588 2258 Dominum
615 2221 795 2259 liberatos
823 2234 913 2260 esse.
955 2222 1061 2259 Quae
1089 2235 1178 2259 sane
1203 2221 1388 2259 libertatis
1416 2225 1566 2260 nostrae
1593 2224 1691 2274 apud

164 2286 283 2324 Deum
327 2285 422 2323 ratio
459 2285 555 2323 nihil
591 2285 703 2322 habet
740 2298 934 2323 commune
972 2298 1054 2323 oum
1091 2299 1144 2330 ea,
1180 2299 1290 2336 quam
1325 2285 1389 2323 isti
1426 2285 1691 2335 imaginantur,

163 2350 311 2401 quidvis
349 2350 508 2388 docendi
543 2349 724 2399 agendive
759 2350 910 2387 licentia
938 2354 1050 2401 atque
1076 2350 1311 2401 impunitate.
1366 2350 1510 2388 Deinde
1534 2356 1691 2402 peccant

162 2415 226 2452 isti
261 2415 384 2462 etiam,
421 2415 508 2452 dum
544 2419 673 2452 nostra
710 2415 799 2452 haec
833 2419 1001 2466 tempora
1036 2415 1088 2453 ita
1124 2415 1170 2452 ad
1198 2415 1372 2465 spiritum
1398 2420 1567 2452 sanctum
1594 2417 1689 2453 refe-

162 2484 262 2525 runt,
296 2484 338 2517 ut
374 2480 553 2530 quicquid
587 2480 660 2517 iam
698 2480 755 2516 vel
791 2479 967 2517 doceatur
1004 2480 1062 2516 vel
1097 2483 1261 2528 geratur,
1296 2479 1333 2516 id
1373 2483 1494 2517 totum
1530 2479 1576 2516 ab
1623 2480 1687 2518 illo

160 2545 357 2596 provenire
393 2545 631 2583 arbitrentur.
685 2544 815 2582 Manet
850 2544 950 2581 enim
986 2544 1108 2581 adhuc
1136 2544 1358 2582 inconcussa
1385 2543 1554 2581 doctrina
1584 2545 1687 2594 Apo-

162 2610 306 2654 stolica,
333 2609 465 2660 spiritu
494 2613 621 2646 sancto
650 2614 778 2647 autore
795 2608 1043 2660 proculdubio
1063 2608 1225 2659 prodita,
1245 2622 1316 2659 qua
1337 2608 1487 2658 spiritus
1508 2629 1555 2636 —
1575 2622 1689 2656 nunc,

161 2674 192 2711 si
219 2686 384 2724 unquam
410 2673 500 2710 alias
527 2694 578 2701 —
604 2673 763 2723 probare
790 2673 973 2718 iubemur,
1003 2686 1092 2710 num
1121 2685 1166 2710 ex
1194 2672 1273 2710 Deo
1295 2673 1381 2710 sint.
1412 2671 1498 2709 Qua
1515 2673 1684 2723 equidem

161 2738 331 2776 doctrina
366 2749 572 2783 monemur,
607 2739 654 2775 ab
692 2738 895 2788 impostore
934 2737 1064 2788 spiritu
1100 2737 1192 2775 istos
1231 2736 1396 2782 excitari,
1423 2736 1488 2786 qui
1513 2737 1686 2776 licentiae

161 2803 248 2840 huic
282 2805 391 2852 atque
417 2800 631 2851 impunitati
659 2801 818 2839 docendi
845 2806 880 2839 et
908 2801 1044 2851 agendi
1071 2801 1195 2839 omnia
1224 2800 1261 2838 et
1287 2800 1498 2838 libertatem
1526 2800 1562 2838 et
1590 2806 1684 2840 tem·

159 2879 246 2917 pora
277 2866 428 2917 spiritus
456 2865 574 2903 sancti
603 2870 836 2917 praepostere
864 2865 1087 2904 obtendunt.
1136 2865 1222 2903 Hoc
1249 2864 1424 2903 nimirum
1453 2864 1530 2915 agit
1559 2866 1686 2913 Satan,
