1818 3178
188 103 259 139 458
680 110 896 137 REsPoNsm
925 111 1019 138 ADV.
1052 111 1217 139 HOSIUM.

191 212 263 251 nisi
301 210 540 249 concordiam
576 210 679 246 illam
716 223 803 247 vero
837 223 881 247 ac
917 210 1084 259 legitimo
1112 211 1302 250 Ecclesiae
1329 214 1573 251 fundamento
1601 214 1713 251 inniti

189 280 318 321 totam,
347 279 382 312 et
409 287 485 311 non
513 273 683 324 equidem
703 275 813 322 (187)
842 274 1051 319 hominum,
1079 274 1141 312 sed
1171 274 1240 312 Dei
1267 277 1382 314 solius
1411 277 1552 326 gloriae
1576 278 1712 314 servire

189 341 332 392 liquido
377 342 534 376 constet.
588 338 773 376 Addimus
809 339 912 383 item,
948 352 1025 377 non
1062 344 1208 377 tantum
1245 341 1355 379 nobis
1391 342 1429 379 in
1468 356 1508 379 ea
1546 342 1711 379 Ecclesia

190 403 481 455 permanendum
516 415 606 447 esse,
642 403 681 439 in
716 416 789 453 qua
825 402 961 440 Divina
998 403 1230 452 benignitate
1266 409 1301 442 et
1336 406 1415 443 nati
1442 411 1477 443 et
1504 406 1622 443 renati
1650 420 1711 443 su-

190 482 285 513 mus,
311 467 376 505 sed
403 480 481 504 esse
508 467 580 504 hoc
606 468 717 504 etiam
746 467 864 505 debiti
890 468 1073 519 officiique
1099 468 1233 514 nostri,
1259 473 1301 506 ut
1319 483 1541 521 quocunque
1561 471 1711 507 tandem

192 532 316 576 modo,
352 536 517 582 tempore
552 535 661 582 atque
699 535 828 569 autore
855 531 900 569 ab
928 532 994 569 illo
1023 545 1093 570 nos
1122 533 1327 570 declinasse
1354 534 1531 577 videmus,
1559 535 1604 572 ad
1633 548 1709 572 eam

191 596 301 634 nobis
327 609 477 634 rursum
503 596 675 647 protinus
702 596 857 634 abiectis
884 597 1039 634 remoris
1067 597 1242 634 omnibus
1276 599 1540 636 recurrendum
1560 600 1714 636 omnino

191 676 271 700 esse
305 662 571 711 intelligamus.
627 661 754 699 Quare
787 661 879 698 adeo
908 674 976 698 nos
1006 661 1101 698 nihil
1127 661 1262 712 pungit
1289 664 1476 699 extremus
1504 662 1573 699 iste
1601 662 1713 699 Hosii

190 727 351 772 aculeus,
379 729 421 763 ut
448 725 527 762 eius
553 737 770 762 mucronem
797 724 908 762 etiam
936 724 1192 762 exacuendum
1219 724 1329 761 nobis
1358 724 1534 762 adversus
1552 725 1711 761 Hosium

192 791 312 841 ipsum
350 803 429 827 esse
455 793 640 839 putemus.
696 788 883 838 Quodque
910 788 957 825 ad
985 801 1062 826 non
1090 787 1337 838 quaerendam
1366 788 1465 838 apud
1492 801 1554 825 eos
1583 788 1713 825 Eccle-

191 857 282 893 siam
319 855 479 906 primum
514 853 661 899 attinet,
695 853 760 903 qui
795 865 900 890 suam
928 865 1075 890 omnem
1105 852 1314 889 doctrinam
1343 852 1600 890 Confessionis
1629 854 1708 890 Au-

189 925 369 971 gus-tanae
413 919 565 957 nomine
600 923 711 968 atque
752 918 950 956 autoritate
988 917 1257 961 communiunt,
1293 917 1324 954 si
1369 922 1518 968 propter
1564 918 1711 955 illorum

189 986 286 1022 inter
322 998 400 1022 sese
437 983 695 1021 contentiones
732 986 767 1019 et
802 981 1029 1032 praeiudicia
1067 981 1233 1018 Ecclesia
1271 981 1369 1032 apud
1412 994 1473 1018 eos
1502 982 1712 1031 quaerenda

190 1063 264 1088 non
292 1053 360 1092 est,
386 1061 459 1099 quo
487 1051 595 1099 pacto
623 1060 703 1084 eam
732 1046 829 1097 apud
858 1059 944 1084 suos
972 1046 1222 1096 quaerendam
1241 1059 1319 1083 esse
1339 1045 1430 1083 dicit
1447 1045 1712 1097 Hosius,apu(l

188 1128 282 1165 quos
309 1113 428 1152 nihilo
456 1112 626 1163 equidem
645 1111 822 1154 minores,
841 1124 886 1148 ne
906 1110 1028 1148 dicam
1045 1111 1237 1159 graviores
1255 1111 1375 1148 multo
1392 1112 1715 1158 contentio-(188)

189 1193 266 1225 nes,
303 1177 631 1215 condemnationes
667 1180 779 1226 atque
805 1178 953 1213 mutuas
980 1175 1140 1212 invicem
1168 1176 1439 1212 exsecrationes
1468 1175 1597 1213 haberi
1625 1188 1715 1212 con-

190 1247 274 1288 stat,
311 1255 421 1293 quam
457 1254 556 1279 nunc
591 1241 689 1278 inter
724 1244 873 1277 nostros
908 1239 1048 1290 pariter
1097 1239 1176 1277 sine
1211 1240 1429 1290 exceptione
1469 1253 1597 1277 omnes
1637 1240 1715 1276 ullo

192 1307 314 1353 modo,
353 1310 392 1344 ut
428 1305 673 1349 ostendimus,
708 1304 862 1355 reperiri
895 1307 1045 1354 queant,
1078 1303 1116 1340 id
1153 1304 1254 1354 quod
1292 1304 1432 1354 alioqui
1468 1304 1577 1341 nobis
1605 1304 1715 1341 etiam

190 1372 413 1417 tacentibus,
453 1383 530 1408 non
563 1369 708 1421 privata
742 1369 854 1406 modo
890 1368 987 1406 inter
1024 1381 1188 1405 summos
1215 1369 1379 1419 Papismi
1407 1373 1716 1419 propugnatores,

190 1435 455 1480 Scholasticos,
485 1432 653 1478 dissidia,
680 1431 741 1469 sed
770 1431 944 1482 publicae
971 1431 1083 1468 etiam
1110 1431 1235 1480 legum
1263 1431 1361 1481 apud
1390 1444 1452 1468 eos
1480 1431 1636 1468 aliarum
1650 1445 1715 1482 per

189 1500 292 1543 alias,
328 1499 514 1549 Paparum
549 1497 638 1534 item
665 1509 730 1546 per
757 1495 876 1546 Papas
912 1498 948 1532 et
983 1495 1239 1532 conciliorum
1266 1508 1331 1545 per
1360 1494 1526 1532 Concilia
1555 1495 1715 1543 abroga-

190 1563 310 1601 tiones
366 1561 695 1599 condemnationes
741 1562 777 1597 et
822 1559 1075 1597 execrationes
1111 1559 1151 1596 in
1186 1559 1430 1609 ipsorummet
1466 1559 1717 1596 monumentis

188 1626 480 1679 locupletissime
506 1628 705 1663 testantur.
737 1625 813 1661 Suo
843 1623 1039 1674 ipsiusmet
1068 1623 1196 1660 aculeo
1224 1623 1340 1671 igitur
1369 1623 1429 1659 hic
1457 1636 1536 1660 sese
1564 1624 1717 1672 configit

189 1692 345 1735 Hosius
381 1704 454 1742 quo
491 1703 560 1728 nos
596 1702 763 1740 pungere
798 1688 1018 1726 Rhetorices
1055 1701 1141 1725 suae
1167 1687 1328 1725 artificio
1358 1688 1517 1725 volebat.
1572 1688 1653 1724 Iam
1684 1688 1714 1725 si

190 1771 236 1795 ne
270 1761 463 1808 propterea
499 1753 649 1805 quidem
687 1756 722 1791 et
759 1752 855 1803 apud
884 1756 1033 1790 nostros
1062 1756 1097 1790 et
1124 1752 1223 1802 apud
1251 1751 1420 1802 Papistas
1448 1742 1560 1789 etiam
1589 1765 1717 1789 omnes

189 1821 399 1873 quaerenda
427 1824 482 1858 est
510 1818 690 1865 Ecclesia,
718 1818 820 1869 quod
847 1818 950 1855 nulla
978 1817 1178 1867 utrobique
1207 1816 1361 1854 dissidia
1382 1817 1534 1867 reperiri
1553 1822 1718 1867 possent,

191 1887 255 1927 sed
282 1886 381 1938 quod
409 1885 532 1923 omnis
560 1884 671 1921 homo
699 1896 744 1920 ex
772 1895 850 1920 sese
876 1881 1038 1919 mendax
1065 1885 1121 1918 est
1148 1884 1183 1918 et-
1212 1881 1347 1918 veritas
1374 1880 1567 1918 mendacio
1594 1882 1718 1918 fulciri

190 1966 266 1990 non
303 1953 439 2002 potest,
474 1947 716 1998 Ecclesiaque
751 1947 831 1998 ipsa
868 1950 923 1984 est
957 1945 1205 1997 proculdubio
1245 1945 1406 1982 fulcrum
1435 1945 1594 1982 Divinae
1622 1946 1716 1983 veri-

190 2016 290 2062 tatis,
316 2028 410 2066 quae
436 2017 477 2051 ut
503 2026 547 2051 ex
577 2011 793 2049 hominibus
820 2010 981 2061 pendere
1009 2023 1086 2047 non
1112 2012 1246 2060 potest,
1273 2009 1325 2046 ita
1353 2011 1465 2057 (189)
1493 2013 1528 2047 et
1555 2010 1716 2047 fulcrum

191 2082 292 2119 illius
327 2080 365 2118 in
401 2077 619 2116 hominibus
657 2076 743 2114 ullis
781 2075 935 2112 omnino
974 2074 1104 2125 quaeri
1140 2073 1420 2124 quoquomodm
1448 2087 1567 2124 neque
1596 2074 1719 2118 debet,

193 2159 311 2197 neque
338 2144 449 2182 etiam
475 2147 609 2194 potest,
635 2163 686 2169 —
712 2140 845 2178 liberet
873 2153 910 2177 se
930 2139 990 2176 hic
1014 2139 1128 2188 igitur
1149 2152 1170 2176 a
1189 2151 1257 2176 suo
1276 2138 1394 2188 ipsius
1414 2139 1542 2176 aculeo
1564 2139 1719 2184 Hosius,

193 2225 237 2249 ne
273 2213 430 2248 exacuto
464 2207 658 2259 paululum
684 2206 787 2243 illius
816 2217 992 2242 mucrone
1020 2204 1072 2241 ita
1102 2204 1323 2253 configatur,
1352 2208 1391 2241 ut
1419 2204 1571 2241 tandem
1600 2219 1717 2254 agno-

193 2280 281 2321 scat,
309 2273 463 2325 perinde
490 2285 567 2309 non
591 2284 669 2309 esse
697 2269 947 2320 quaerendam
976 2268 1073 2319 apud
1102 2281 1139 2305 se
1169 2281 1329 2318 suosque
1350 2281 1479 2306 omnes
1498 2268 1721 2313 Ecclesiam,

192 2344 304 2390 atque
329 2339 433 2376 illam
459 2336 557 2388 apud
586 2338 735 2374 nostros
762 2333 1012 2384 quaerendam
1039 2345 1116 2370 non
1145 2346 1223 2370 esse
1253 2333 1373 2370 docet.
1414 2332 1536 2377 Dicet,
1563 2333 1716 2371 ubinam

192 2404 306 2453 igitur
334 2402 545 2453 quaerenda
572 2400 641 2438 erit
668 2399 850 2442 Ecclesia,
878 2399 909 2435 si
936 2411 1121 2448 nusquam
1151 2397 1248 2448 apud
1277 2397 1447 2434 homines
1476 2398 1603 2448 quaeri
1630 2411 1716 2448 pos-

192 2469 267 2507 sit?
320 2466 555 2517 Respondeo,
590 2465 646 2502 ibi
681 2477 759 2502 esse
795 2463 1058 2514 quaerendam,
1093 2462 1159 2499 ubi
1196 2475 1275 2500 eam
1312 2462 1412 2500 Deus
1442 2476 1552 2500 verax
1580 2467 1615 2500 et
1642 2476 1717 2501 non

194 2534 306 2570 homo
334 2531 506 2577 mendax,
534 2531 620 2567 dato
649 2529 759 2567 nobis
787 2528 826 2565 in
855 2541 966 2565 carne
994 2532 1124 2565 nostra
1153 2527 1314 2576 unigena
1342 2527 1409 2564 illo
1438 2527 1515 2564 filio
1544 2540 1623 2572 suo,
1650 2540 1717 2577 pro

194 2611 260 2636 sua
286 2595 541 2634 misericordia
570 2593 782 2637 collocavit,
809 2605 941 2642 nempe
967 2591 1007 2629 in
1036 2592 1281 2629 fundamento
1310 2591 1404 2641 ipso,
1432 2604 1494 2627 ore
1514 2590 1613 2627 Petri
1631 2603 1718 2641 pro-

194 2662 293 2699 ditae
327 2659 568 2711 Apostolicae
604 2657 877 2702 Confessionis,
914 2657 953 2694 in
991 2669 1065 2707 quo
1102 2656 1278 2693 nimirum
1316 2655 1558 2692 fundamento
1587 2658 1622 2691 et
1650 2655 1719 2693 Pe-

192 2731 293 2764 trum
328 2729 364 2762 et
399 2723 554 2761 Paulum
590 2723 757 2772 aliosque
794 2722 998 2773 Apostolos
1035 2734 1163 2758 omnes
1199 2724 1236 2757 et
1265 2719 1496 2757 Catholiearn
1526 2718 1618 2756 adeo
1647 2719 1717 2757 Dei

192 2791 379 2829 intuemur
417 2786 637 2831 Ecclesiam,
673 2799 750 2824 non
787 2790 910 2824 autem
950 2785 1238 2823 fundamentum
1278 2784 1400 2834 ipsum
1436 2783 1476 2819 in
1504 2783 1626 2827 Petro,
1655 2784 1722 2833 qui

192 2869 279 2894 mox
306 2855 353 2893 ab
381 2853 538 2904 ipsomet
565 2851 707 2901 alioqui
735 2851 885 2889 Christo
914 2850 1078 2888 Domino
1109 2851 1224 2887 Satan
1252 2849 1374 2886 dictus
1402 2851 1470 2894 est,
1496 2848 1620 2886 ullove
1645 2850 1718 2886 alio
