<?xml version="1.0" encoding="UTF-8"?>
<!DOCTYPE html PUBLIC "-//W3C//DTD XHTML 1.0 Transitional//EN"
    "http://www.w3.org/TR/xhtml1/DTD/xhtml1-transitional.dtd">
<html xmlns="http://www.w3.org/1999/xhtml" xml:lang="en" lang="en">
 <head>
  <title>
</title>
<meta http-equiv="Content-Type" content="text/html;charset=utf-8" />
  <meta name='ocr-system' content='tesseract 3.04.00' />
  <meta name='ocr-capabilities' content='ocr_page ocr_carea ocr_par ocr_line ocrx_word'/>
</head>
<body>
  <div class='ocr_page' id='page_1' title='image "./operatameditaqua01lask_0553.png"; bbox 0 0 1818 3178; ppageno 0'>
   <div class='ocr_carea' id='block_1_1' title="bbox 579 104 1612 139">
    <p class='ocr_par' dir='ltr' id='par_1_1' title="bbox 579 104 1612 139">
     <span class='ocr_line' id='line_1_1' title="bbox 579 104 1612 139; baseline 0.001 -1"><span class='ocrx_word' id='word_1_1' title='bbox 579 110 795 138; x_wconf 73' lang='lat' dir='ltr'>REsPoNsm</span> <span class='ocrx_word' id='word_1_2' title='bbox 824 111 917 137; x_wconf 75' lang='lat' dir='ltr'>ADv.</span> <span class='ocrx_word' id='word_1_3' title='bbox 951 111 1116 138; x_wconf 70' lang='lat' dir='ltr'>nomm.</span> <span class='ocrx_word' id='word_1_4' title='bbox 1542 104 1612 139; x_wconf 83' lang='lat'>425</span> 
     </span>
    </p>
   </div>
   <div class='ocr_carea' id='block_1_2' title="bbox 76 212 1646 2918">
    <p class='ocr_par' dir='ltr' id='par_1_2' title="bbox 76 212 1646 2918">
     <span class='ocr_line' id='line_1_2' title="bbox 83 212 1612 267; baseline -0.001 -13"><span class='ocrx_word' id='word_1_5' title='bbox 83 213 349 267; x_wconf 90' lang='lat' dir='ltr'>quoquomodo</span> <span class='ocrx_word' id='word_1_6' title='bbox 389 212 533 251; x_wconf 86' lang='lat' dir='ltr'>illudve</span> <span class='ocrx_word' id='word_1_7' title='bbox 567 217 632 251; x_wconf 93' lang='lat' dir='ltr'>aut</span> <span class='ocrx_word' id='word_1_8' title='bbox 660 213 929 263; x_wconf 86' lang='lat' dir='ltr'>restringerent</span> <span class='ocrx_word' id='word_1_9' title='bbox 955 217 1020 252; x_wconf 86' lang='lat' dir='ltr'>aut</span> <span class='ocrx_word' id='word_1_10' title='bbox 1047 213 1159 252; x_wconf 88' lang='lat' dir='ltr'>etiam</span> <span class='ocrx_word' id='word_1_11' title='bbox 1186 213 1370 259; x_wconf 81' lang='lat' dir='ltr'>laxarent,</span> <span class='ocrx_word' id='word_1_12' title='bbox 1405 213 1543 250; x_wconf 87' lang='lat' dir='ltr'>nedum</span> <span class='ocrx_word' id='word_1_13' title='bbox 1571 219 1612 252; x_wconf 91' lang='lat' dir='ltr'>ut</span> 
     </span>
     <span class='ocr_line' id='line_1_3' title="bbox 81 277 1608 330; baseline -0.001 -12"><span class='ocrx_word' id='word_1_14' title='bbox 81 279 174 318; x_wconf 88' lang='lat' dir='ltr'>illud</span> <span class='ocrx_word' id='word_1_15' title='bbox 213 280 270 318; x_wconf 79' lang='lat' dir='ltr'>vel</span> <span class='ocrx_word' id='word_1_16' title='bbox 304 289 453 316; x_wconf 87' lang='lat' dir='ltr'>movere</span> <span class='ocrx_word' id='word_1_17' title='bbox 487 289 556 315; x_wconf 91' lang='lat' dir='ltr'>suo</span> <span class='ocrx_word' id='word_1_18' title='bbox 593 278 678 315; x_wconf 88' lang='lat' dir='ltr'>loco</span> <span class='ocrx_word' id='word_1_19' title='bbox 716 278 775 316; x_wconf 87' lang='lat' dir='ltr'>vel</span> <span class='ocrx_word' id='word_1_20' title='bbox 810 277 967 316; x_wconf 89' lang='lat' dir='ltr'>minima</span> <span class='ocrx_word' id='word_1_21' title='bbox 1003 278 1115 316; x_wconf 88' lang='lat' dir='ltr'>etiam</span> <span class='ocrx_word' id='word_1_22' title='bbox 1152 291 1194 317; x_wconf 88' lang='lat' dir='ltr'>ex</span> <span class='ocrx_word' id='word_1_23' title='bbox 1223 282 1328 330; x_wconf 89' lang='lat' dir='ltr'>parte</span> <span class='ocrx_word' id='word_1_24' title='bbox 1355 281 1499 316; x_wconf 85' lang='lat' dir='ltr'>mutare</span> <span class='ocrx_word' id='word_1_25' title='bbox 1527 292 1608 317; x_wconf 91' lang='lat' dir='ltr'>om-</span> 
     </span>
     <span class='ocr_line' id='line_1_4' title="bbox 82 341 1610 395; baseline -0.001 -12"><span class='ocrx_word' id='word_1_26' title='bbox 82 346 173 384; x_wconf 90' lang='lat' dir='ltr'>nino</span> <span class='ocrx_word' id='word_1_27' title='bbox 201 346 367 395; x_wconf 78' lang='lat' dir='ltr'>possent.</span> <span class='ocrx_word' id='word_1_28' title='bbox 422 341 470 380; x_wconf 90' lang='lat' dir='ltr'>In</span> <span class='ocrx_word' id='word_1_29' title='bbox 505 355 586 380; x_wconf 88' lang='lat' dir='ltr'>eam</span> <span class='ocrx_word' id='word_1_30' title='bbox 613 356 725 394; x_wconf 90' lang='lat' dir='ltr'>porro</span> <span class='ocrx_word' id='word_1_31' title='bbox 753 342 962 381; x_wconf 84' lang='lat' dir='ltr'><strong>Ecclesiam</strong></span> <span class='ocrx_word' id='word_1_32' title='bbox 991 356 1076 381; x_wconf 88' lang='lat' dir='ltr'>cum</span> <span class='ocrx_word' id='word_1_33' title='bbox 1103 356 1172 381; x_wconf 89' lang='lat' dir='ltr'>nos</span> <span class='ocrx_word' id='word_1_34' title='bbox 1199 356 1266 394; x_wconf 93' lang='lat' dir='ltr'>pro</span> <span class='ocrx_word' id='word_1_35' title='bbox 1295 346 1424 381; x_wconf 90' lang='lat' dir='ltr'>nostra</span> <span class='ocrx_word' id='word_1_36' title='bbox 1451 343 1610 382; x_wconf 90' lang='lat' dir='ltr'>infirmi-</span> 
     </span>
     <span class='ocr_line' id='line_1_5' title="bbox 79 398 1609 458; baseline -0.001 -12"><span class='ocrx_word' id='word_1_37' title='bbox 79 412 156 446; x_wconf 88' lang='lat' dir='ltr'>tate</span> <span class='ocrx_word' id='word_1_38' title='bbox 192 418 333 451; x_wconf 88' lang='lat' dir='ltr'>omnes,</span> <span class='ocrx_word' id='word_1_39' title='bbox 371 404 516 443; x_wconf 88' lang='lat' dir='ltr'>deserta</span> <span class='ocrx_word' id='word_1_40' title='bbox 551 405 853 444; x_wconf 86' lang='lat' dir='ltr'>Antichristiana</span> <span class='ocrx_word' id='word_1_41' title='bbox 889 407 1011 457; x_wconf 82' lang='lat' dir='ltr'>Papae</span> <span class='ocrx_word' id='word_1_42' title='bbox 1050 406 1213 444; x_wconf 84' lang='lat' dir='ltr'>Romani</span> <span class='ocrx_word' id='word_1_43' title='bbox 1248 398 1548 458; x_wconf 79' lang='lat' dir='ltr'>totiusque-rasi</span> <span class='ocrx_word' id='word_1_44' title='bbox 1573 409 1609 445; x_wconf 89' lang='lat' dir='ltr'>et</span> 
     </span>
     <span class='ocr_line' id='line_1_6' title="bbox 81 469 1612 523; baseline 0 -13"><span class='ocrx_word' id='word_1_45' title='bbox 81 471 186 510; x_wconf 87' lang='lat' dir='ltr'>uncti</span> <span class='ocrx_word' id='word_1_46' title='bbox 229 470 348 521; x_wconf 83' lang='lat' dir='ltr'>ipsius</span> <span class='ocrx_word' id='word_1_47' title='bbox 385 469 555 507; x_wconf 88' lang='lat' dir='ltr'>satellitii</span> <span class='ocrx_word' id='word_1_48' title='bbox 591 470 791 522; x_wconf 80' lang='lat' dir='ltr'>apostasia,</span> <span class='ocrx_word' id='word_1_49' title='bbox 835 469 906 508; x_wconf 92' lang='lat' dir='ltr'>Dei</span> <span class='ocrx_word' id='word_1_50' title='bbox 951 470 1132 508; x_wconf 90' lang='lat' dir='ltr'>beneficio</span> <span class='ocrx_word' id='word_1_51' title='bbox 1177 471 1417 509; x_wconf 88' lang='lat' dir='ltr'>includamur</span> <span class='ocrx_word' id='word_1_52' title='bbox 1457 471 1612 523; x_wconf 88' lang='lat' dir='ltr'>eiusque</span> 
     </span>
     <span class='ocr_line' id='line_1_7' title="bbox 78 533 1607 587; baseline 0.001 -14"><span class='ocrx_word' id='word_1_53' title='bbox 78 538 268 573; x_wconf 81' lang='lat' dir='ltr'><strong>aeternam</strong></span> <span class='ocrx_word' id='word_1_54' title='bbox 304 533 488 571; x_wconf 87' lang='lat' dir='ltr'>henadem</span> <span class='ocrx_word' id='word_1_55' title='bbox 525 535 595 572; x_wconf 91' lang='lat' dir='ltr'>sub</span> <span class='ocrx_word' id='word_1_56' title='bbox 632 534 744 572; x_wconf 92' lang='lat' dir='ltr'>unico</span> <span class='ocrx_word' id='word_1_57' title='bbox 781 534 893 572; x_wconf 86' lang='lat' dir='ltr'>etiam</span> <span class='ocrx_word' id='word_1_58' title='bbox 920 534 1124 586; x_wconf 90' lang='lat' dir='ltr'>eodemque</span> <span class='ocrx_word' id='word_1_59' title='bbox 1150 540 1302 574; x_wconf 87' lang='lat' dir='ltr'>aeterno</span> <span class='ocrx_word' id='word_1_60' title='bbox 1331 536 1452 587; x_wconf 89' lang='lat' dir='ltr'>capite</span> <span class='ocrx_word' id='word_1_61' title='bbox 1478 540 1607 575; x_wconf 89' lang='lat' dir='ltr'>nostro</span> 
     </span>
     <span class='ocr_line' id='line_1_8' title="bbox 81 597 1612 651; baseline 0.001 -15"><span class='ocrx_word' id='word_1_62' title='bbox 81 599 232 637; x_wconf 91' lang='lat' dir='ltr'>Christo</span> <span class='ocrx_word' id='word_1_63' title='bbox 261 597 424 636; x_wconf 91' lang='lat' dir='ltr'>Domino</span> <span class='ocrx_word' id='word_1_64' title='bbox 455 598 682 636; x_wconf 87' lang='lat' dir='ltr'>unanimiter</span> <span class='ocrx_word' id='word_1_65' title='bbox 709 611 839 637; x_wconf 88' lang='lat' dir='ltr'>omnes</span> <span class='ocrx_word' id='word_1_66' title='bbox 866 600 1122 650; x_wconf 89' lang='lat' dir='ltr'>profiteamur,</span> <span class='ocrx_word' id='word_1_67' title='bbox 1157 603 1193 637; x_wconf 92' lang='lat' dir='ltr'>et</span> <span class='ocrx_word' id='word_1_68' title='bbox 1220 600 1260 637; x_wconf 90' lang='lat' dir='ltr'>in</span> <span class='ocrx_word' id='word_1_69' title='bbox 1288 612 1329 637; x_wconf 88' lang='lat' dir='ltr'>ea</span> <span class='ocrx_word' id='word_1_70' title='bbox 1356 600 1438 651; x_wconf 88' lang='lat' dir='ltr'>ipsa</span> <span class='ocrx_word' id='word_1_71' title='bbox 1467 599 1612 638; x_wconf 86' lang='lat' dir='ltr'>henade</span> 
     </span>
     <span class='ocr_line' id='line_1_9' title="bbox 81 663 1610 715; baseline 0 -13"><span class='ocrx_word' id='word_1_72' title='bbox 81 677 231 702; x_wconf 89' lang='lat' dir='ltr'>omnem</span> <span class='ocrx_word' id='word_1_73' title='bbox 267 676 336 701; x_wconf 91' lang='lat' dir='ltr'>nos</span> <span class='ocrx_word' id='word_1_74' title='bbox 374 663 647 701; x_wconf 89' lang='lat' dir='ltr'>subiectionem</span> <span class='ocrx_word' id='word_1_75' title='bbox 683 666 721 701; x_wconf 90' lang='lat' dir='ltr'>et</span> <span class='ocrx_word' id='word_1_76' title='bbox 768 663 1022 702; x_wconf 83' lang='lat' dir='ltr'>obedientiam</span> <span class='ocrx_word' id='word_1_77' title='bbox 1066 664 1179 701; x_wconf 89' lang='lat' dir='ltr'>unico</span> <span class='ocrx_word' id='word_1_78' title='bbox 1219 664 1277 701; x_wconf 92' lang='lat' dir='ltr'>illi</span> <span class='ocrx_word' id='word_1_79' title='bbox 1312 668 1424 715; x_wconf 87' lang='lat' dir='ltr'>atque</span> <span class='ocrx_word' id='word_1_80' title='bbox 1461 668 1610 702; x_wconf 88' lang='lat' dir='ltr'>aeterno</span> 
     </span>
     <span class='ocr_line' id='line_1_10' title="bbox 79 728 1610 780; baseline 0.001 -13"><span class='ocrx_word' id='word_1_81' title='bbox 79 729 192 780; x_wconf 87' lang='lat' dir='ltr'>capiti</span> <span class='ocrx_word' id='word_1_82' title='bbox 220 732 351 766; x_wconf 91' lang='lat' dir='ltr'>nostro</span> <span class='ocrx_word' id='word_1_83' title='bbox 381 728 532 767; x_wconf 88' lang='lat' dir='ltr'>Christo</span> <span class='ocrx_word' id='word_1_84' title='bbox 562 728 724 766; x_wconf 90' lang='lat' dir='ltr'>Domino</span> <span class='ocrx_word' id='word_1_85' title='bbox 752 728 793 766; x_wconf 91' lang='lat' dir='ltr'>in</span> <span class='ocrx_word' id='word_1_86' title='bbox 820 728 960 766; x_wconf 87' lang='lat' dir='ltr'>tradita</span> <span class='ocrx_word' id='word_1_87' title='bbox 986 730 1072 777; x_wconf 90' lang='lat'>(88)</span> <span class='ocrx_word' id='word_1_88' title='bbox 1110 728 1220 766; x_wconf 91' lang='lat' dir='ltr'>nobis</span> <span class='ocrx_word' id='word_1_89' title='bbox 1247 742 1311 780; x_wconf 89' lang='lat' dir='ltr'>per</span> <span class='ocrx_word' id='word_1_90' title='bbox 1342 729 1546 780; x_wconf 79' lang='lat' dir='ltr'>Prophetas</span> <span class='ocrx_word' id='word_1_91' title='bbox 1574 733 1610 768; x_wconf 90' lang='lat' dir='ltr'>et</span> 
     </span>
     <span class='ocr_line' id='line_1_11' title="bbox 79 792 1608 846; baseline 0 -14"><span class='ocrx_word' id='word_1_92' title='bbox 79 794 284 846; x_wconf 86' lang='lat' dir='ltr'>Apostolos</span> <span class='ocrx_word' id='word_1_93' title='bbox 319 792 492 831; x_wconf 88' lang='lat' dir='ltr'>doctrina</span> <span class='ocrx_word' id='word_1_94' title='bbox 528 794 646 845; x_wconf 89' lang='lat' dir='ltr'>ipsius</span> <span class='ocrx_word' id='word_1_95' title='bbox 684 793 818 831; x_wconf 89' lang='lat' dir='ltr'>debere</span> <span class='ocrx_word' id='word_1_96' title='bbox 845 793 967 831; x_wconf 86' lang='lat' dir='ltr'>modis</span> <span class='ocrx_word' id='word_1_97' title='bbox 995 793 1171 831; x_wconf 87' lang='lat' dir='ltr'>omnibus</span> <span class='ocrx_word' id='word_1_98' title='bbox 1206 806 1467 843; x_wconf 82' lang='lat' dir='ltr'>agnoscamus,</span> <span class='ocrx_word' id='word_1_99' title='bbox 1503 793 1608 832; x_wconf 87' lang='lat' dir='ltr'>deni·</span> 
     </span>
     <span class='ocr_line' id='line_1_12' title="bbox 79 858 1609 911; baseline -0.001 -14"><span class='ocrx_word' id='word_1_100' title='bbox 79 873 150 911; x_wconf 89' lang='lat' dir='ltr'>que</span> <span class='ocrx_word' id='word_1_101' title='bbox 187 872 270 897; x_wconf 91' lang='lat' dir='ltr'>cum</span> <span class='ocrx_word' id='word_1_102' title='bbox 298 862 403 897; x_wconf 83' lang='lat' dir='ltr'>extra</span> <span class='ocrx_word' id='word_1_103' title='bbox 431 871 510 897; x_wconf 89' lang='lat' dir='ltr'>eam</span> <span class='ocrx_word' id='word_1_104' title='bbox 538 859 658 910; x_wconf 84' lang='lat' dir='ltr'>ipsam</span> <span class='ocrx_word' id='word_1_105' title='bbox 683 858 947 909; x_wconf 85' lang='lat' dir='ltr'>Propheticam</span> <span class='ocrx_word' id='word_1_106' title='bbox 974 862 1086 909; x_wconf 88' lang='lat' dir='ltr'>atque</span> <span class='ocrx_word' id='word_1_107' title='bbox 1113 859 1370 910; x_wconf 85' lang='lat' dir='ltr'>Apostolicam</span> <span class='ocrx_word' id='word_1_108' title='bbox 1397 859 1609 897; x_wconf 85' lang='lat' dir='ltr'>doctrinam</span> 
     </span>
     <span class='ocr_line' id='line_1_13' title="bbox 79 922 1609 974; baseline -0.001 -12"><span class='ocrx_word' id='word_1_109' title='bbox 79 924 175 962; x_wconf 87' lang='lat' dir='ltr'>nihil</span> <span class='ocrx_word' id='word_1_110' title='bbox 195 923 305 961; x_wconf 90' lang='lat' dir='ltr'>nobis</span> <span class='ocrx_word' id='word_1_111' title='bbox 333 922 434 961; x_wconf 86' lang='lat' dir='ltr'>credi</span> <span class='ocrx_word' id='word_1_112' title='bbox 460 936 503 960; x_wconf 86' lang='lat' dir='ltr'>ac</span> <span class='ocrx_word' id='word_1_113' title='bbox 531 936 578 960; x_wconf 92' lang='lat' dir='ltr'>ne</span> <span class='ocrx_word' id='word_1_114' title='bbox 605 922 726 960; x_wconf 87' lang='lat' dir='ltr'>audiri</span> <span class='ocrx_word' id='word_1_115' title='bbox 752 936 822 960; x_wconf 90' lang='lat' dir='ltr'>nos</span> <span class='ocrx_word' id='word_1_116' title='bbox 851 923 1002 974; x_wconf 90' lang='lat' dir='ltr'>quidem</span> <span class='ocrx_word' id='word_1_117' title='bbox 1031 923 1199 969; x_wconf 89' lang='lat' dir='ltr'>velimus,</span> <span class='ocrx_word' id='word_1_118' title='bbox 1218 945 1268 952; x_wconf 95' lang='lat'><strong>—</strong></span> <span class='ocrx_word' id='word_1_119' title='bbox 1287 923 1430 961; x_wconf 89' lang='lat' dir='ltr'>Hosius</span> <span class='ocrx_word' id='word_1_120' title='bbox 1459 936 1543 961; x_wconf 90' lang='lat' dir='ltr'>vero</span> <span class='ocrx_word' id='word_1_121' title='bbox 1572 927 1609 962; x_wconf 89' lang='lat' dir='ltr'>et</span> 
     </span>
     <span class='ocr_line' id='line_1_14' title="bbox 78 987 1608 1039; baseline 0 -12"><span class='ocrx_word' id='word_1_122' title='bbox 78 989 147 1034; x_wconf 90' lang='lat' dir='ltr'>sui,</span> <span class='ocrx_word' id='word_1_123' title='bbox 184 988 352 1039; x_wconf 88' lang='lat' dir='ltr'>disrupta</span> <span class='ocrx_word' id='word_1_124' title='bbox 388 993 538 1026; x_wconf 88' lang='lat' dir='ltr'>aeterna</span> <span class='ocrx_word' id='word_1_125' title='bbox 572 987 636 1025; x_wconf 89' lang='lat' dir='ltr'>illa</span> <span class='ocrx_word' id='word_1_126' title='bbox 674 988 743 1026; x_wconf 91' lang='lat' dir='ltr'>sub</span> <span class='ocrx_word' id='word_1_127' title='bbox 778 988 889 1026; x_wconf 90' lang='lat' dir='ltr'>unico</span> <span class='ocrx_word' id='word_1_128' title='bbox 927 987 1111 1026; x_wconf 82' lang='lat' dir='ltr'>duntaxat</span> <span class='ocrx_word' id='word_1_129' title='bbox 1138 988 1341 1039; x_wconf 89' lang='lat' dir='ltr'>eodemque</span> <span class='ocrx_word' id='word_1_130' title='bbox 1368 993 1518 1027; x_wconf 86' lang='lat' dir='ltr'>aeterno</span> <span class='ocrx_word' id='word_1_131' title='bbox 1547 1002 1608 1027; x_wconf 89' lang='lat' dir='ltr'>ca-</span> 
     </span>
     <span class='ocr_line' id='line_1_15' title="bbox 77 1053 1608 1106; baseline -0.001 -14"><span class='ocrx_word' id='word_1_132' title='bbox 77 1054 154 1106; x_wconf 87' lang='lat' dir='ltr'>pite</span> <span class='ocrx_word' id='word_1_133' title='bbox 189 1053 345 1101; x_wconf 82' lang='lat' dir='ltr'>henatle,</span> <span class='ocrx_word' id='word_1_134' title='bbox 381 1066 466 1092; x_wconf 90' lang='lat' dir='ltr'>cum</span> <span class='ocrx_word' id='word_1_135' title='bbox 502 1066 642 1091; x_wconf 87' lang='lat' dir='ltr'>novum</span> <span class='ocrx_word' id='word_1_136' title='bbox 678 1053 751 1090; x_wconf 88' lang='lat' dir='ltr'>sibi</span> <span class='ocrx_word' id='word_1_137' title='bbox 779 1066 919 1104; x_wconf 89' lang='lat' dir='ltr'>suoque</span> <span class='ocrx_word' id='word_1_138' title='bbox 955 1054 1062 1103; x_wconf 81' lang='lat' dir='ltr'>gregi</span> <span class='ocrx_word' id='word_1_139' title='bbox 1096 1053 1176 1101; x_wconf 35' lang='lat' dir='ltr'>toti,</span> <span class='ocrx_word' id='word_1_140' title='bbox 1216 1057 1326 1105; x_wconf 82' lang='lat' dir='ltr'>caput</span> <span class='ocrx_word' id='word_1_141' title='bbox 1353 1054 1478 1092; x_wconf 89' lang='lat' dir='ltr'>nescio</span> <span class='ocrx_word' id='word_1_142' title='bbox 1509 1054 1608 1105; x_wconf 86' lang='lat' dir='ltr'>quod</span> 
     </span>
     <span class='ocr_line' id='line_1_16' title="bbox 78 1117 1610 1170; baseline 0 -14"><span class='ocrx_word' id='word_1_143' title='bbox 78 1119 348 1157; x_wconf 88' lang='lat' dir='ltr'>succedaneum</span> <span class='ocrx_word' id='word_1_144' title='bbox 383 1119 424 1156; x_wconf 90' lang='lat' dir='ltr'>in</span> <span class='ocrx_word' id='word_1_145' title='bbox 461 1118 602 1156; x_wconf 85' lang='lat' dir='ltr'>Christi</span> <span class='ocrx_word' id='word_1_146' title='bbox 629 1117 795 1163; x_wconf 89' lang='lat' dir='ltr'>Domini,</span> <span class='ocrx_word' id='word_1_147' title='bbox 822 1118 962 1156; x_wconf 89' lang='lat' dir='ltr'>aeterni</span> <span class='ocrx_word' id='word_1_148' title='bbox 989 1118 1130 1169; x_wconf 84' lang='lat' dir='ltr'>alioqui</span> <span class='ocrx_word' id='word_1_149' title='bbox 1159 1118 1238 1156; x_wconf 89' lang='lat' dir='ltr'>sine</span> <span class='ocrx_word' id='word_1_150' title='bbox 1274 1118 1349 1156; x_wconf 86' lang='lat' dir='ltr'>ulla</span> <span class='ocrx_word' id='word_1_151' title='bbox 1392 1118 1610 1170; x_wconf 85' lang='lat' dir='ltr'>cuiusquam</span> 
     </span>
     <span class='ocr_line' id='line_1_17' title="bbox 80 1182 1608 1234; baseline -0.001 -12"><span class='ocrx_word' id='word_1_152' title='bbox 80 1184 315 1222; x_wconf 86' lang='lat' dir='ltr'>successione</span> <span class='ocrx_word' id='word_1_153' title='bbox 351 1183 484 1234; x_wconf 89' lang='lat' dir='ltr'>capitis</span> <span class='ocrx_word' id='word_1_154' title='bbox 521 1183 655 1227; x_wconf 90' lang='lat' dir='ltr'>nostri,</span> <span class='ocrx_word' id='word_1_155' title='bbox 691 1182 956 1220; x_wconf 87' lang='lat' dir='ltr'>contumeliam</span> <span class='ocrx_word' id='word_1_156' title='bbox 984 1182 1170 1220; x_wconf 80' lang='lat' dir='ltr'>erexerint</span> <span class='ocrx_word' id='word_1_157' title='bbox 1205 1182 1363 1220; x_wconf 88' lang='lat' dir='ltr'>adorent</span> <span class='ocrx_word' id='word_1_158' title='bbox 1398 1187 1434 1220; x_wconf 90' lang='lat' dir='ltr'>et</span> <span class='ocrx_word' id='word_1_159' title='bbox 1469 1195 1608 1233; x_wconf 81' lang='lat' dir='ltr'>propu-</span> 
     </span>
     <span class='ocr_line' id='line_1_18' title="bbox 78 1246 1610 1298; baseline -0.001 -12"><span class='ocrx_word' id='word_1_160' title='bbox 78 1252 209 1298; x_wconf 86' lang='lat' dir='ltr'>gnent,</span> <span class='ocrx_word' id='word_1_161' title='bbox 238 1261 322 1286; x_wconf 90' lang='lat' dir='ltr'>cum</span> <span class='ocrx_word' id='word_1_162' title='bbox 348 1247 438 1285; x_wconf 88' lang='lat' dir='ltr'>item</span> <span class='ocrx_word' id='word_1_163' title='bbox 465 1246 681 1298; x_wconf 87' lang='lat' dir='ltr'>Prophetici</span> <span class='ocrx_word' id='word_1_164' title='bbox 709 1250 820 1297; x_wconf 87' lang='lat' dir='ltr'>atque</span> <span class='ocrx_word' id='word_1_165' title='bbox 849 1247 1060 1297; x_wconf 85' lang='lat' dir='ltr'>Apostolici</span> <span class='ocrx_word' id='word_1_166' title='bbox 1088 1246 1326 1284; x_wconf 85' lang='lat' dir='ltr'>fundamenti</span> <span class='ocrx_word' id='word_1_167' title='bbox 1353 1247 1501 1298; x_wconf 88' lang='lat' dir='ltr'>pertesi,</span> <span class='ocrx_word' id='word_1_168' title='bbox 1522 1247 1610 1284; x_wconf 84' lang='lat' dir='ltr'>novi</span> 
     </span>
     <span class='ocr_line' id='line_1_19' title="bbox 79 1311 1611 1363; baseline -0.002 -12"><span class='ocrx_word' id='word_1_169' title='bbox 79 1313 152 1351; x_wconf 88' lang='lat' dir='ltr'>sibi</span> <span class='ocrx_word' id='word_1_170' title='bbox 180 1313 334 1351; x_wconf 89' lang='lat' dir='ltr'>canonis</span> <span class='ocrx_word' id='word_1_171' title='bbox 363 1312 548 1350; x_wconf 91' lang='lat' dir='ltr'>condendi</span> <span class='ocrx_word' id='word_1_172' title='bbox 574 1315 797 1363; x_wconf 88' lang='lat' dir='ltr'>potestatem</span> <span class='ocrx_word' id='word_1_173' title='bbox 825 1316 936 1363; x_wconf 89' lang='lat' dir='ltr'>atque</span> <span class='ocrx_word' id='word_1_174' title='bbox 963 1312 1201 1350; x_wconf 84' lang='lat' dir='ltr'>autoritatem</span> <span class='ocrx_word' id='word_1_175' title='bbox 1230 1316 1406 1361; x_wconf 85' lang='lat' dir='ltr'>arrogent</span> <span class='ocrx_word' id='word_1_176' title='bbox 1426 1312 1496 1360; x_wconf 88' lang='lat' dir='ltr'>(ita</span> <span class='ocrx_word' id='word_1_177' title='bbox 1512 1311 1611 1350; x_wconf 87' lang='lat' dir='ltr'>enim</span> 
     </span>
     <span class='ocr_line' id='line_1_20' title="bbox 77 1377 1610 1429; baseline 0 -13"><span class='ocrx_word' id='word_1_178' title='bbox 77 1379 325 1429; x_wconf 89' lang='lat' dir='ltr'>loquuntur);</span> <span class='ocrx_word' id='word_1_179' title='bbox 363 1381 551 1429; x_wconf 89' lang='lat' dir='ltr'>praeterea</span> <span class='ocrx_word' id='word_1_180' title='bbox 589 1390 672 1415; x_wconf 91' lang='lat' dir='ltr'>cum</span> <span class='ocrx_word' id='word_1_181' title='bbox 717 1377 895 1415; x_wconf 89' lang='lat' dir='ltr'>hactenus</span> <span class='ocrx_word' id='word_1_182' title='bbox 941 1377 1124 1415; x_wconf 82' lang='lat' dir='ltr'>duntaxat</span> <span class='ocrx_word' id='word_1_183' title='bbox 1157 1390 1261 1415; x_wconf 86' lang='lat' dir='ltr'>suam</span> <span class='ocrx_word' id='word_1_184' title='bbox 1296 1390 1383 1427; x_wconf 85' lang='lat' dir='ltr'>erga</span> <span class='ocrx_word' id='word_1_185' title='bbox 1421 1377 1610 1416; x_wconf 88' lang='lat' dir='ltr'>Christum</span> 
     </span>
     <span class='ocr_line' id='line_1_21' title="bbox 79 1441 1611 1493; baseline -0.001 -13"><span class='ocrx_word' id='word_1_186' title='bbox 79 1442 285 1481; x_wconf 89' lang='lat' dir='ltr'>Dominum</span> <span class='ocrx_word' id='word_1_187' title='bbox 321 1442 362 1480; x_wconf 90' lang='lat' dir='ltr'>in</span> <span class='ocrx_word' id='word_1_188' title='bbox 397 1441 546 1493; x_wconf 89' lang='lat' dir='ltr'>prodita</span> <span class='ocrx_word' id='word_1_189' title='bbox 582 1442 694 1480; x_wconf 89' lang='lat' dir='ltr'>nobis</span> <span class='ocrx_word' id='word_1_190' title='bbox 732 1442 936 1493; x_wconf 87' lang='lat' dir='ltr'>Scripturis</span> <span class='ocrx_word' id='word_1_191' title='bbox 973 1442 1113 1480; x_wconf 84' lang='lat' dir='ltr'>sanctis</span> <span class='ocrx_word' id='word_1_192' title='bbox 1151 1442 1305 1480; x_wconf 83' lang='lat' dir='ltr'>salutari</span> <span class='ocrx_word' id='word_1_193' title='bbox 1342 1441 1514 1480; x_wconf 88' lang='lat' dir='ltr'>doctrina</span> <span class='ocrx_word' id='word_1_194' title='bbox 1553 1442 1611 1493; x_wconf 90' lang='lat' dir='ltr'>ip-</span> 
     </span>
     <span class='ocr_line' id='line_1_22' title="bbox 78 1508 1609 1558; baseline -0.001 -12"><span class='ocrx_word' id='word_1_195' title='bbox 78 1508 156 1546; x_wconf 89' lang='lat' dir='ltr'>sius</span> <span class='ocrx_word' id='word_1_196' title='bbox 201 1508 456 1546; x_wconf 87' lang='lat' dir='ltr'>obedientiam</span> <span class='ocrx_word' id='word_1_197' title='bbox 499 1511 721 1557; x_wconf 83' lang='lat' dir='ltr'>agnoscant,</span> <span class='ocrx_word' id='word_1_198' title='bbox 765 1511 948 1558; x_wconf 88' lang='lat' dir='ltr'>quatenus</span> <span class='ocrx_word' id='word_1_199' title='bbox 991 1520 1056 1558; x_wconf 87' lang='lat' dir='ltr'>per</span> <span class='ocrx_word' id='word_1_200' title='bbox 1102 1520 1252 1545; x_wconf 90' lang='lat' dir='ltr'>sensum</span> <span class='ocrx_word' id='word_1_201' title='bbox 1297 1520 1340 1545; x_wconf 89' lang='lat' dir='ltr'>ac</span> <span class='ocrx_word' id='word_1_202' title='bbox 1386 1520 1609 1545; x_wconf 89' lang='lat' dir='ltr'>consensum</span> 
     </span>
     <span class='ocr_line' id='line_1_23' title="bbox 77 1571 1610 1623; baseline -0.001 -13"><span class='ocrx_word' id='word_1_203' title='bbox 77 1572 263 1610; x_wconf 86' lang='lat' dir='ltr'>coniurati</span> <span class='ocrx_word' id='word_1_204' title='bbox 291 1575 418 1610; x_wconf 89' lang='lat' dir='ltr'>coetus</span> <span class='ocrx_word' id='word_1_205' title='bbox 445 1571 613 1622; x_wconf 85' lang='lat' dir='ltr'>ipsorum</span> <span class='ocrx_word' id='word_1_206' title='bbox 641 1571 885 1622; x_wconf 84' lang='lat' dir='ltr'>approbetur3</span> <span class='ocrx_word' id='word_1_207' title='bbox 914 1571 962 1609; x_wconf 89' lang='lat' dir='ltr'>ad</span> <span class='ocrx_word' id='word_1_208' title='bbox 992 1572 1081 1609; x_wconf 88' lang='lat' dir='ltr'>haec</span> <span class='ocrx_word' id='word_1_209' title='bbox 1110 1585 1192 1609; x_wconf 90' lang='lat' dir='ltr'>cum</span> <span class='ocrx_word' id='word_1_210' title='bbox 1220 1584 1358 1609; x_wconf 87' lang='lat' dir='ltr'>novum</span> <span class='ocrx_word' id='word_1_211' title='bbox 1389 1571 1461 1609; x_wconf 86' lang='lat' dir='ltr'>sibi</span> <span class='ocrx_word' id='word_1_212' title='bbox 1489 1572 1610 1623; x_wconf 91' lang='lat' dir='ltr'>quod-</span> 
     </span>
     <span class='ocr_line' id='line_1_24' title="bbox 79 1636 1646 1687; baseline 0.001 -13"><span class='ocrx_word' id='word_1_213' title='bbox 79 1637 164 1674; x_wconf 85' lang='lat' dir='ltr'>dam</span> <span class='ocrx_word' id='word_1_214' title='bbox 200 1650 245 1675; x_wconf 86' lang='lat' dir='ltr'>ex</span> <span class='ocrx_word' id='word_1_215' title='bbox 271 1637 465 1674; x_wconf 87' lang='lat' dir='ltr'>Iudaismo</span> <span class='ocrx_word' id='word_1_216' title='bbox 494 1641 603 1687; x_wconf 90' lang='lat' dir='ltr'>atque</span> <span class='ocrx_word' id='word_1_217' title='bbox 631 1638 717 1685; x_wconf 85' lang='lat'>(89)</span> <span class='ocrx_word' id='word_1_218' title='bbox 747 1636 985 1674; x_wconf 87' lang='lat' dir='ltr'>Ethnicismo</span> <span class='ocrx_word' id='word_1_219' title='bbox 1016 1637 1219 1675; x_wconf 88' lang='lat' dir='ltr'>conflatum</span> <span class='ocrx_word' id='word_1_220' title='bbox 1248 1636 1510 1683; x_wconf 86' lang='lat' dir='ltr'>sacerdotium,</span> <span class='ocrx_word' id='word_1_221' title='bbox 1538 1651 1608 1675; x_wconf 86' lang='lat' dir='ltr'>no-</span> <span class='ocrx_word' id='word_1_222' title='bbox 1643 1668 1646 1669; x_wconf 16' lang='grc' dir='ltr'><em>γ</em></span> 
     </span>
     <span class='ocr_line' id='line_1_25' title="bbox 79 1701 1611 1753; baseline 0.001 -14"><span class='ocrx_word' id='word_1_223' title='bbox 79 1715 167 1740; x_wconf 87' lang='lat' dir='ltr'>vum</span> <span class='ocrx_word' id='word_1_224' title='bbox 192 1702 282 1740; x_wconf 88' lang='lat' dir='ltr'>item</span> <span class='ocrx_word' id='word_1_225' title='bbox 311 1701 548 1743; x_wconf 87' lang='lat' dir='ltr'>sacrificium,</span> <span class='ocrx_word' id='word_1_226' title='bbox 578 1707 708 1739; x_wconf 87' lang='lat' dir='ltr'>contra</span> <span class='ocrx_word' id='word_1_227' title='bbox 736 1702 809 1738; x_wconf 83' lang='lat' dir='ltr'>vim</span> <span class='ocrx_word' id='word_1_228' title='bbox 839 1702 1010 1739; x_wconf 87' lang='lat' dir='ltr'>meritum</span> <span class='ocrx_word' id='word_1_229' title='bbox 1039 1715 1082 1739; x_wconf 88' lang='lat' dir='ltr'>ac</span> <span class='ocrx_word' id='word_1_230' title='bbox 1111 1701 1331 1751; x_wconf 87' lang='lat' dir='ltr'>dignitatem</span> <span class='ocrx_word' id='word_1_231' title='bbox 1365 1706 1611 1753; x_wconf 86' lang='lat' dir='ltr'>naturamque</span> 
     </span>
     <span class='ocr_line' id='line_1_26' title="bbox 78 1768 1611 1819; baseline 0.001 -14"><span class='ocrx_word' id='word_1_232' title='bbox 78 1768 172 1806; x_wconf 89' lang='lat' dir='ltr'>adeo</span> <span class='ocrx_word' id='word_1_233' title='bbox 204 1768 323 1819; x_wconf 91' lang='lat' dir='ltr'>ipsam</span> <span class='ocrx_word' id='word_1_234' title='bbox 360 1768 501 1805; x_wconf 87' lang='lat' dir='ltr'>aeterni</span> <span class='ocrx_word' id='word_1_235' title='bbox 529 1771 647 1818; x_wconf 72' lang='lat' dir='ltr'>utque</span> <span class='ocrx_word' id='word_1_236' title='bbox 683 1768 962 1818; x_wconf 71' lang='grc' dir='ltr'>ἀπκρειβάτου,</span> <span class='ocrx_word' id='word_1_237' title='bbox 998 1771 1038 1805; x_wconf 93' lang='lat' dir='ltr'>ut</span> <span class='ocrx_word' id='word_1_238' title='bbox 1064 1768 1202 1805; x_wconf 85' lang='lat' dir='ltr'>Paulus</span> <span class='ocrx_word' id='word_1_239' title='bbox 1237 1768 1303 1814; x_wconf 88' lang='lat' dir='ltr'>ait,</span> <span class='ocrx_word' id='word_1_240' title='bbox 1339 1768 1547 1806; x_wconf 89' lang='lat' dir='ltr'>Sacerdotii</span> <span class='ocrx_word' id='word_1_241' title='bbox 1575 1772 1611 1806; x_wconf 90' lang='lat' dir='ltr'>et</span> 
     </span>
     <span class='ocr_line' id='line_1_27' title="bbox 81 1832 1611 1884; baseline 0.001 -14"><span class='ocrx_word' id='word_1_242' title='bbox 81 1832 266 1870; x_wconf 85' lang='lat' dir='ltr'>Sacrificii</span> <span class='ocrx_word' id='word_1_243' title='bbox 302 1832 454 1878; x_wconf 85' lang='lat' dir='ltr'>Christi,</span> <span class='ocrx_word' id='word_1_244' title='bbox 490 1832 817 1882; x_wconf 87' lang='lat' dir='ltr'>impudentissime</span> <span class='ocrx_word' id='word_1_245' title='bbox 854 1832 1120 1870; x_wconf 88' lang='lat' dir='ltr'>constituerint</span> <span class='ocrx_word' id='word_1_246' title='bbox 1148 1833 1463 1884; x_wconf 52' lang='lat' dir='ltr'>liovu1nque,&#39;‚sibi</span> <span class='ocrx_word' id='word_1_247' title='bbox 1490 1833 1611 1871; x_wconf 88' lang='lat' dir='ltr'>Deum</span> 
     </span>
     <span class='ocr_line' id='line_1_28' title="bbox 80 1897 1610 1950; baseline 0.001 -15"><span class='ocrx_word' id='word_1_248' title='bbox 80 1897 244 1948; x_wconf 87' lang='lat' dir='ltr'>Mayzim</span> <span class='ocrx_word' id='word_1_249' title='bbox 281 1910 327 1935; x_wconf 83' lang='lat' dir='ltr'>ex</span> <span class='ocrx_word' id='word_1_250' title='bbox 355 1898 520 1935; x_wconf 87' lang='lat' dir='ltr'>crustulo</span> <span class='ocrx_word' id='word_1_251' title='bbox 548 1897 656 1949; x_wconf 83' lang='lat' dir='ltr'>panis</span> <span class='ocrx_word' id='word_1_252' title='bbox 685 1899 897 1936; x_wconf 88' lang='lat' dir='ltr'>confectum</span> <span class='ocrx_word' id='word_1_253' title='bbox 925 1898 1136 1944; x_wconf 85' lang='lat' dir='ltr'>formarint,</span> <span class='ocrx_word' id='word_1_254' title='bbox 1162 1899 1199 1936; x_wconf 93' lang='lat' dir='ltr'>in</span> <span class='ocrx_word' id='word_1_255' title='bbox 1229 1911 1303 1949; x_wconf 92' lang='lat' dir='ltr'>quo</span> <span class='ocrx_word' id='word_1_256' title='bbox 1332 1898 1472 1950; x_wconf 90' lang='lat' dir='ltr'>alioqui</span> <span class='ocrx_word' id='word_1_257' title='bbox 1501 1912 1610 1937; x_wconf 91' lang='lat' dir='ltr'>omne</span> 
     </span>
     <span class='ocr_line' id='line_1_29' title="bbox 78 1962 1612 2014; baseline 0.001 -13"><span class='ocrx_word' id='word_1_258' title='bbox 78 1963 194 2001; x_wconf 91' lang='lat' dir='ltr'>robur</span> <span class='ocrx_word' id='word_1_259' title='bbox 230 1975 273 2000; x_wconf 90' lang='lat' dir='ltr'>ae</span> <span class='ocrx_word' id='word_1_260' title='bbox 312 1962 539 2013; x_wconf 85' lang='lat' dir='ltr'>praesidium</span> <span class='ocrx_word' id='word_1_261' title='bbox 567 1963 887 2002; x_wconf 89' lang='lat' dir='ltr'>Antichristianae</span> <span class='ocrx_word' id='word_1_262' title='bbox 915 1963 1082 2014; x_wconf 88' lang='lat' dir='ltr'>ipsorum</span> <span class='ocrx_word' id='word_1_263' title='bbox 1109 1963 1399 2002; x_wconf 86' lang='lat' dir='ltr'>abominationis</span> <span class='ocrx_word' id='word_1_264' title='bbox 1428 1965 1612 2011; x_wconf 90' lang='lat' dir='ltr'>consistit,</span> 
     </span>
     <span class='ocr_line' id='line_1_30' title="bbox 79 2027 1611 2080; baseline 0.001 -14"><span class='ocrx_word' id='word_1_265' title='bbox 79 2041 262 2079; x_wconf 87' lang='lat' dir='ltr'>quemque</span> <span class='ocrx_word' id='word_1_266' title='bbox 307 2027 376 2073; x_wconf 89' lang='lat' dir='ltr'>illi,</span> <span class='ocrx_word' id='word_1_267' title='bbox 421 2041 506 2066; x_wconf 89' lang='lat' dir='ltr'>cum</span> <span class='ocrx_word' id='word_1_268' title='bbox 552 2028 656 2066; x_wconf 90' lang='lat' dir='ltr'>aliud</span> <span class='ocrx_word' id='word_1_269' title='bbox 689 2041 767 2066; x_wconf 90' lang='lat' dir='ltr'>non</span> <span class='ocrx_word' id='word_1_270' title='bbox 802 2028 961 2079; x_wconf 90' lang='lat' dir='ltr'>possint,</span> <span class='ocrx_word' id='word_1_271' title='bbox 1007 2041 1096 2066; x_wconf 88' lang='lat' dir='ltr'>auro</span> <span class='ocrx_word' id='word_1_272' title='bbox 1141 2033 1253 2080; x_wconf 85' lang='lat' dir='ltr'>atque</span> <span class='ocrx_word' id='word_1_273' title='bbox 1289 2033 1444 2078; x_wconf 89' lang='lat' dir='ltr'>argento</span> <span class='ocrx_word' id='word_1_274' title='bbox 1482 2029 1611 2068; x_wconf 87' lang='lat' dir='ltr'>colunt</span> 
     </span>
     <span class='ocr_line' id='line_1_31' title="bbox 76 2092 1606 2144; baseline 0.001 -14"><span class='ocrx_word' id='word_1_275' title='bbox 76 2093 183 2130; x_wconf 82' lang='lat' dir='ltr'>iuxta</span> <span class='ocrx_word' id='word_1_276' title='bbox 227 2092 397 2130; x_wconf 85' lang='lat' dir='ltr'>Danielis</span> <span class='ocrx_word' id='word_1_277' title='bbox 438 2092 659 2130; x_wconf 87' lang='lat' dir='ltr'>vaticinium</span> <span class='ocrx_word' id='word_1_278' title='bbox 696 2098 732 2130; x_wconf 89' lang='lat' dir='ltr'>et</span> <span class='ocrx_word' id='word_1_279' title='bbox 768 2093 867 2130; x_wconf 87' lang='lat' dir='ltr'>ferro</span> <span class='ocrx_word' id='word_1_280' title='bbox 904 2106 947 2130; x_wconf 91' lang='lat' dir='ltr'>ac</span> <span class='ocrx_word' id='word_1_281' title='bbox 984 2093 1145 2130; x_wconf 87' lang='lat' dir='ltr'>flammis</span> <span class='ocrx_word' id='word_1_282' title='bbox 1179 2100 1431 2144; x_wconf 85' lang='lat' dir='ltr'>propugnant,</span> <span class='ocrx_word' id='word_1_283' title='bbox 1469 2098 1509 2133; x_wconf 91' lang='lat' dir='ltr'>ut</span> <span class='ocrx_word' id='word_1_284' title='bbox 1537 2094 1606 2132; x_wconf 90' lang='lat' dir='ltr'>sub</span> 
     </span>
     <span class='ocr_line' id='line_1_32' title="bbox 78 2157 1611 2209; baseline 0.001 -13"><span class='ocrx_word' id='word_1_285' title='bbox 78 2158 156 2196; x_wconf 88' lang='lat' dir='ltr'>eius</span> <span class='ocrx_word' id='word_1_286' title='bbox 185 2157 336 2195; x_wconf 90' lang='lat' dir='ltr'>nomine</span> <span class='ocrx_word' id='word_1_287' title='bbox 364 2163 399 2195; x_wconf 89' lang='lat' dir='ltr'>et</span> <span class='ocrx_word' id='word_1_288' title='bbox 427 2159 540 2206; x_wconf 80' lang='lat' dir='ltr'>Agno</span> <span class='ocrx_word' id='word_1_289' title='bbox 567 2157 652 2208; x_wconf 87' lang='lat' dir='ltr'>ipsi,</span> <span class='ocrx_word' id='word_1_290' title='bbox 679 2158 995 2209; x_wconf 85' lang='lat' dir='ltr'>quemadmodum</span> <span class='ocrx_word' id='word_1_291' title='bbox 1022 2158 1185 2196; x_wconf 88' lang='lat' dir='ltr'>Ioannes</span> <span class='ocrx_word' id='word_1_292' title='bbox 1215 2159 1334 2204; x_wconf 89' lang='lat' dir='ltr'>docet,</span> <span class='ocrx_word' id='word_1_293' title='bbox 1360 2163 1396 2197; x_wconf 90' lang='lat' dir='ltr'>et</span> <span class='ocrx_word' id='word_1_294' title='bbox 1423 2159 1611 2204; x_wconf 87' lang='lat' dir='ltr'>omnibus,</span> 
     </span>
     <span class='ocr_line' id='line_1_33' title="bbox 79 2221 1611 2275; baseline 0.002 -16"><span class='ocrx_word' id='word_1_295' title='bbox 79 2221 143 2274; x_wconf 92' lang='lat' dir='ltr'>qui</span> <span class='ocrx_word' id='word_1_296' title='bbox 179 2221 288 2259; x_wconf 87' lang='lat' dir='ltr'>illum</span> <span class='ocrx_word' id='word_1_297' title='bbox 316 2226 534 2273; x_wconf 88' lang='lat' dir='ltr'>sequuntur,</span> <span class='ocrx_word' id='word_1_298' title='bbox 562 2223 701 2260; x_wconf 89' lang='lat' dir='ltr'>sanctis</span> <span class='ocrx_word' id='word_1_299' title='bbox 729 2222 800 2261; x_wconf 92' lang='lat' dir='ltr'>Dei</span> <span class='ocrx_word' id='word_1_300' title='bbox 829 2223 966 2261; x_wconf 89' lang='lat' dir='ltr'>bellum</span> <span class='ocrx_word' id='word_1_301' title='bbox 996 2223 1183 2271; x_wconf 88' lang='lat' dir='ltr'>inferant;</span> <span class='ocrx_word' id='word_1_302' title='bbox 1211 2228 1399 2275; x_wconf 84' lang='lat' dir='ltr'>postremo</span> <span class='ocrx_word' id='word_1_303' title='bbox 1430 2238 1526 2271; x_wconf 87' lang='lat' dir='ltr'>cum,</span> <span class='ocrx_word' id='word_1_304' title='bbox 1552 2238 1611 2263; x_wconf 90' lang='lat' dir='ltr'>re-</span> 
     </span>
     <span class='ocr_line' id='line_1_34' title="bbox 79 2286 1611 2341; baseline 0.001 -16"><span class='ocrx_word' id='word_1_305' title='bbox 79 2291 210 2326; x_wconf 88' lang='lat' dir='ltr'>vocata</span> <span class='ocrx_word' id='word_1_306' title='bbox 252 2299 298 2325; x_wconf 81' lang='lat' dir='ltr'>ex</span> <span class='ocrx_word' id='word_1_307' title='bbox 334 2286 529 2324; x_wconf 83' lang='lat' dir='ltr'>Judaismo</span> <span class='ocrx_word' id='word_1_308' title='bbox 564 2287 742 2325; x_wconf 83' lang='lat' dir='ltr'>adversus</span> <span class='ocrx_word' id='word_1_309' title='bbox 778 2287 989 2326; x_wconf 89' lang='lat' dir='ltr'>doctrinam</span> <span class='ocrx_word' id='word_1_310' title='bbox 1026 2288 1285 2339; x_wconf 87' lang='lat' dir='ltr'>Apostolicam</span> <span class='ocrx_word' id='word_1_311' title='bbox 1323 2289 1611 2341; x_wconf 83' lang='lat' dir='ltr'>prosopolipsia,</span> 
     </span>
     <span class='ocr_line' id='line_1_35' title="bbox 79 2351 1612 2405; baseline 0.001 -15"><span class='ocrx_word' id='word_1_312' title='bbox 79 2365 191 2404; x_wconf 88' lang='lat' dir='ltr'>quam</span> <span class='ocrx_word' id='word_1_313' title='bbox 217 2351 258 2389; x_wconf 90' lang='lat' dir='ltr'>in</span> <span class='ocrx_word' id='word_1_314' title='bbox 291 2351 448 2400; x_wconf 80' lang='lat' dir='ltr'>magicis</span> <span class='ocrx_word' id='word_1_315' title='bbox 476 2351 553 2389; x_wconf 91' lang='lat' dir='ltr'>suis</span> <span class='ocrx_word' id='word_1_316' title='bbox 583 2353 824 2391; x_wconf 89' lang='lat' dir='ltr'>unctionibus</span> <span class='ocrx_word' id='word_1_317' title='bbox 851 2353 989 2391; x_wconf 89' lang='lat' dir='ltr'>rasuris</span> <span class='ocrx_word' id='word_1_318' title='bbox 1017 2358 1053 2391; x_wconf 89' lang='lat' dir='ltr'>et</span> <span class='ocrx_word' id='word_1_319' title='bbox 1080 2354 1205 2391; x_wconf 90' lang='lat' dir='ltr'>nescio</span> <span class='ocrx_word' id='word_1_320' title='bbox 1242 2353 1379 2405; x_wconf 89' lang='lat' dir='ltr'>quibus</span> <span class='ocrx_word' id='word_1_321' title='bbox 1417 2367 1612 2393; x_wconf 88' lang='lat' dir='ltr'>consecra-</span> 
     </span>
     <span class='ocr_line' id='line_1_36' title="bbox 77 2417 1612 2470; baseline 0.001 -15"><span class='ocrx_word' id='word_1_322' title='bbox 77 2417 247 2455; x_wconf 89' lang='lat' dir='ltr'>tionibus</span> <span class='ocrx_word' id='word_1_323' title='bbox 282 2417 444 2468; x_wconf 88' lang='lat' dir='ltr'>positam</span> <span class='ocrx_word' id='word_1_324' title='bbox 481 2429 560 2455; x_wconf 88' lang='lat' dir='ltr'>esse</span> <span class='ocrx_word' id='word_1_325' title='bbox 597 2418 741 2463; x_wconf 88' lang='lat' dir='ltr'>volunt,</span> <span class='ocrx_word' id='word_1_326' title='bbox 786 2418 892 2469; x_wconf 90' lang='lat' dir='ltr'>panis</span> <span class='ocrx_word' id='word_1_327' title='bbox 922 2418 1074 2469; x_wconf 86' lang='lat' dir='ltr'>Mystici</span> <span class='ocrx_word' id='word_1_328' title='bbox 1102 2431 1145 2456; x_wconf 87' lang='lat' dir='ltr'>ac</span> <span class='ocrx_word' id='word_1_329' title='bbox 1174 2419 1340 2470; x_wconf 85' lang='lat' dir='ltr'>corporis</span> <span class='ocrx_word' id='word_1_330' title='bbox 1366 2419 1407 2457; x_wconf 91' lang='lat' dir='ltr'>in</span> <span class='ocrx_word' id='word_1_331' title='bbox 1442 2419 1612 2458; x_wconf 87' lang='lat' dir='ltr'>Ecclesia</span> 
     </span>
     <span class='ocr_line' id='line_1_37' title="bbox 76 2481 1612 2534; baseline 0.001 -13"><span class='ocrx_word' id='word_1_332' title='bbox 76 2482 263 2533; x_wconf 90' lang='lat' dir='ltr'>uniusque</span> <span class='ocrx_word' id='word_1_333' title='bbox 298 2481 390 2519; x_wconf 90' lang='lat' dir='ltr'>adeo</span> <span class='ocrx_word' id='word_1_334' title='bbox 429 2487 599 2520; x_wconf 91' lang='lat' dir='ltr'>nostrum</span> <span class='ocrx_word' id='word_1_335' title='bbox 637 2483 805 2521; x_wconf 89' lang='lat' dir='ltr'>omnium</span> <span class='ocrx_word' id='word_1_336' title='bbox 841 2483 881 2521; x_wconf 89' lang='lat' dir='ltr'>in</span> <span class='ocrx_word' id='word_1_337' title='bbox 920 2483 1070 2522; x_wconf 91' lang='lat' dir='ltr'>Christo</span> <span class='ocrx_word' id='word_1_338' title='bbox 1108 2484 1272 2521; x_wconf 89' lang='lat' dir='ltr'>nominis</span> <span class='ocrx_word' id='word_1_339' title='bbox 1309 2483 1491 2523; x_wconf 88' lang='lat' dir='ltr'>henadem</span> <span class='ocrx_word' id='word_1_340' title='bbox 1525 2487 1612 2534; x_wconf 82' lang='lat'>(90)</span> 
     </span>
     <span class='ocr_line' id='line_1_38' title="bbox 76 2546 1611 2599; baseline 0.001 -13"><span class='ocrx_word' id='word_1_341' title='bbox 76 2546 345 2586; x_wconf 87' lang='lat' dir='ltr'>nefandissime</span> <span class='ocrx_word' id='word_1_342' title='bbox 382 2546 523 2584; x_wconf 85' lang='lat' dir='ltr'>violent</span> <span class='ocrx_word' id='word_1_343' title='bbox 559 2560 602 2584; x_wconf 90' lang='lat' dir='ltr'>ac</span> <span class='ocrx_word' id='word_1_344' title='bbox 640 2548 874 2595; x_wconf 80' lang='lat' dir='ltr'>convellant3</span> <span class='ocrx_word' id='word_1_345' title='bbox 913 2561 997 2586; x_wconf 90' lang='lat' dir='ltr'>cum</span> <span class='ocrx_word' id='word_1_346' title='bbox 1036 2548 1126 2585; x_wconf 88' lang='lat' dir='ltr'>haec</span> <span class='ocrx_word' id='word_1_347' title='bbox 1160 2548 1224 2595; x_wconf 83' lang='lat' dir='ltr'>ita,</span> <span class='ocrx_word' id='word_1_348' title='bbox 1259 2548 1427 2599; x_wconf 88' lang='lat' dir='ltr'>inquam,</span> <span class='ocrx_word' id='word_1_349' title='bbox 1469 2550 1611 2588; x_wconf 85' lang='lat' dir='ltr'>faciant</span> 
     </span>
     <span class='ocr_line' id='line_1_39' title="bbox 79 2611 1613 2665; baseline 0.001 -16"><span class='ocrx_word' id='word_1_350' title='bbox 79 2611 218 2656; x_wconf 89' lang='lat' dir='ltr'>omnia,</span> <span class='ocrx_word' id='word_1_351' title='bbox 251 2632 301 2639; x_wconf 93' lang='lat'>—-</span> <span class='ocrx_word' id='word_1_352' title='bbox 334 2611 374 2648; x_wconf 87' lang='lat' dir='ltr'>id</span> <span class='ocrx_word' id='word_1_353' title='bbox 411 2611 514 2662; x_wconf 87' lang='lat' dir='ltr'>quod</span> <span class='ocrx_word' id='word_1_354' title='bbox 541 2611 683 2662; x_wconf 86' lang='lat' dir='ltr'>alioqui</span> <span class='ocrx_word' id='word_1_355' title='bbox 710 2625 769 2651; x_wconf 89' lang='lat' dir='ltr'>res</span> <span class='ocrx_word' id='word_1_356' title='bbox 796 2612 875 2663; x_wconf 90' lang='lat' dir='ltr'>ipsa</span> <span class='ocrx_word' id='word_1_357' title='bbox 904 2618 939 2650; x_wconf 88' lang='lat' dir='ltr'>et</span> <span class='ocrx_word' id='word_1_358' title='bbox 968 2612 1139 2650; x_wconf 87' lang='lat' dir='ltr'>doctrina</span> <span class='ocrx_word' id='word_1_359' title='bbox 1175 2613 1344 2664; x_wconf 90' lang='lat' dir='ltr'>ipsorum</span> <span class='ocrx_word' id='word_1_360' title='bbox 1379 2613 1613 2665; x_wconf 85' lang='lat' dir='ltr'>apertissime</span> 
     </span>
     <span class='ocr_line' id='line_1_40' title="bbox 78 2677 1610 2729; baseline 0 -15"><span class='ocrx_word' id='word_1_361' title='bbox 78 2679 249 2722; x_wconf 90' lang='lat' dir='ltr'>testatur,</span> <span class='ocrx_word' id='word_1_362' title='bbox 283 2698 334 2707; x_wconf 95' lang='lat'>—</span> <span class='ocrx_word' id='word_1_363' title='bbox 370 2677 455 2727; x_wconf 90' lang='lat' dir='ltr'>quis</span> <span class='ocrx_word' id='word_1_364' title='bbox 492 2690 568 2714; x_wconf 90' lang='lat' dir='ltr'>non</span> <span class='ocrx_word' id='word_1_365' title='bbox 606 2677 728 2714; x_wconf 87' lang='lat' dir='ltr'>videat</span> <span class='ocrx_word' id='word_1_366' title='bbox 765 2678 935 2722; x_wconf 86' lang='lat' dir='ltr'>obsecro,</span> <span class='ocrx_word' id='word_1_367' title='bbox 970 2690 1046 2715; x_wconf 90' lang='lat' dir='ltr'>non</span> <span class='ocrx_word' id='word_1_368' title='bbox 1083 2677 1255 2729; x_wconf 90' lang='lat' dir='ltr'>equidem</span> <span class='ocrx_word' id='word_1_369' title='bbox 1294 2692 1363 2716; x_wconf 90' lang='lat' dir='ltr'>nos</span> <span class='ocrx_word' id='word_1_370' title='bbox 1401 2682 1610 2722; x_wconf 87' lang='lat' dir='ltr'>nostrosve,</span> 
     </span>
     <span class='ocr_line' id='line_1_41' title="bbox 80 2741 1613 2793; baseline 0.001 -15"><span class='ocrx_word' id='word_1_371' title='bbox 80 2741 145 2779; x_wconf 87' lang='lat' dir='ltr'>sed</span> <span class='ocrx_word' id='word_1_372' title='bbox 172 2741 336 2780; x_wconf 90' lang='lat' dir='ltr'>Hosium</span> <span class='ocrx_word' id='word_1_373' title='bbox 370 2741 494 2792; x_wconf 89' lang='lat' dir='ltr'>ipsum</span> <span class='ocrx_word' id='word_1_374' title='bbox 529 2755 605 2779; x_wconf 88' lang='lat' dir='ltr'>una</span> <span class='ocrx_word' id='word_1_375' title='bbox 641 2755 724 2780; x_wconf 90' lang='lat' dir='ltr'>cum</span> <span class='ocrx_word' id='word_1_376' title='bbox 757 2743 879 2793; x_wconf 84' lang='lat' dir='ltr'>Papae</span> <span class='ocrx_word' id='word_1_377' title='bbox 915 2743 1087 2781; x_wconf 85' lang='lat' dir='ltr'>universa</span> <span class='ocrx_word' id='word_1_378' title='bbox 1116 2749 1262 2781; x_wconf 86' lang='lat' dir='ltr'>caterva</span> <span class='ocrx_word' id='word_1_379' title='bbox 1290 2744 1337 2780; x_wconf 92' lang='lat' dir='ltr'>ab</span> <span class='ocrx_word' id='word_1_380' title='bbox 1365 2743 1511 2781; x_wconf 87' lang='lat' dir='ltr'>unitate</span> <span class='ocrx_word' id='word_1_381' title='bbox 1539 2744 1613 2782; x_wconf 88' lang='lat' dir='ltr'>Ca-</span> 
     </span>
     <span class='ocr_line' id='line_1_42' title="bbox 80 2805 1613 2859; baseline 0.002 -17"><span class='ocrx_word' id='word_1_382' title='bbox 80 2805 241 2844; x_wconf 83' lang='lat' dir='ltr'>tholicae</span> <span class='ocrx_word' id='word_1_383' title='bbox 278 2807 418 2844; x_wconf 81' lang='lat' dir='ltr'>Christi</span> <span class='ocrx_word' id='word_1_384' title='bbox 456 2807 647 2844; x_wconf 81' lang='lat' dir='ltr'>Ecclesiae</span> <span class='ocrx_word' id='word_1_385' title='bbox 674 2807 866 2845; x_wconf 87' lang='lat' dir='ltr'>maliciose</span> <span class='ocrx_word' id='word_1_386' title='bbox 896 2807 1106 2854; x_wconf 83' lang='lat' dir='ltr'>descivisse,</span> <span class='ocrx_word' id='word_1_387' title='bbox 1134 2821 1295 2859; x_wconf 84' lang='lat' dir='ltr'>suaeque</span> <span class='ocrx_word' id='word_1_388' title='bbox 1321 2808 1384 2845; x_wconf 86' lang='lat' dir='ltr'>isti</span> <span class='ocrx_word' id='word_1_389' title='bbox 1414 2808 1613 2845; x_wconf 84' lang='lat' dir='ltr'>defectioni</span> 
     </span>
     <span class='ocr_line' id='line_1_43' title="bbox 80 2871 1613 2918; baseline 0.002 -10"><span class='ocrx_word' id='word_1_390' title='bbox 80 2871 225 2918; x_wconf 82' lang='lat' dir='ltr'>callide,</span> <span class='ocrx_word' id='word_1_391' title='bbox 253 2885 299 2910; x_wconf 89' lang='lat' dir='ltr'>nc</span> <span class='ocrx_word' id='word_1_392' title='bbox 327 2872 450 2910; x_wconf 83' lang='lat' dir='ltr'>dicam</span> <span class='ocrx_word' id='word_1_393' title='bbox 478 2872 733 2911; x_wconf 85' lang='lat' dir='ltr'>fraudulenter</span> <span class='ocrx_word' id='word_1_394' title='bbox 761 2873 966 2911; x_wconf 82' lang='lat' dir='ltr'>obtendere</span> <span class='ocrx_word' id='word_1_395' title='bbox 986 2873 1138 2911; x_wconf 82' lang='lat' dir='ltr'>titulum</span> <span class='ocrx_word' id='word_1_396' title='bbox 1160 2874 1378 2911; x_wconf 82' lang='lat' dir='ltr'>ementitum</span> <span class='ocrx_word' id='word_1_397' title='bbox 1399 2873 1613 2912; x_wconf 82' lang='lat' dir='ltr'>Catholicae</span> 
     </span>
    </p>
   </div>
  </div>
 </body>
</html>
