1818 3178
487 147 536 174 ΠΕ
566 145 848 174 SACRAMENTIS
880 144 1091 171 EchnsIAE
1119 142 1297 170 CHRISTI.
1581 130 1652 167 149

180 248 256 286 Hic
290 248 406 299 igitur
438 247 621 299 impr'unis
659 247 970 286 considerandum
998 250 1064 292 est,
1101 260 1191 284 num
1219 242 1493 283 communionis
1522 255 1649 279 vocem

127 314 260 354 active.
295 327 342 351 an
382 326 468 351 vero
504 313 651 364 passive
678 326 861 364 exponere
888 312 1101 357 debeamus,
1136 315 1316 362 quatenus
1345 322 1431 347 sane
1460 308 1649 356 com-(fol.

126 378 342 427 41³)munio
370 378 586 428 mysterium
626 382 681 416 est
708 377 875 416 omnium
903 378 1240 420 sacramentorum,
1267 375 1368 425 quod
1395 373 1442 411 ad
1469 386 1537 411 nos
1565 372 1648 423 qui-

125 443 209 481 dem
235 443 382 488 attinet,
409 443 472 493 qui
500 443 749 481 Sacramentis
777 443 928 481 utimur.

174 509 224 546 Et
252 509 387 546 Paulus
415 508 566 558 quidem
592 509 631 546 in
658 508 878 560 explicando
908 519 1043 545 coenae
1071 505 1279 544 dominicae
1306 503 1481 555 mysterio
1518 520 1649 543 κοινω-

123 577 203 613 νίαν
241 585 318 610 nou
355 585 442 610 sane
478 572 597 610 active
633 586 700 623 pro
735 573 817 623 ipso
846 570 1193 609 communicationis
1220 576 1317 614 actu,
1344 581 1417 619 quo
1448 569 1491 606 de
1519 572 1647 605 nostro

121 636 263 687 aliquid
300 636 382 674 aliis
410 637 654 687 impertimur,
687 636 751 674 sed
777 635 922 687 passive
963 635 1085 686 potius
1112 647 1178 684 pro
1205 647 1275 671 usu
1303 637 1413 683 atque
1438 632 1518 669 iure
1544 645 1645 669 com-

122 699 312 737 munionis
341 699 451 737 nobis
468 700 615 737 aliunde
638 700 781 738 delatae
799 711 976 749 usurpare
994 697 1150 742 videtur,
1168 697 1255 734 dum
1274 710 1408 734 coenae
1428 698 1646 734 Sacramen-

122 767 201 803 tum
241 765 539 802 communionem
579 765 744 815 corporis
779 768 815 801 ct
851 763 1042 812 sanguinis
1079 762 1218 799 Christi
1253 775 1332 800 esse
1368 761 1487 800 docet.
1516 761 1649 811 Neque

121 829 221 867 cuim
258 829 361 874 dicit,
405 843 518 867 unum
555 843 701 880 panem,
737 841 853 866 unum
883 841 1016 878 corpus
1045 826 1301 864 distribuimus
1329 830 1391 864 aut
1418 826 1650 877 impertimur

121 893 217 938 aliis,
255 893 331 938 sed,
368 907 461 931 unus
498 893 618 945 panis,
653 893 788 944 inquit,
823 906 940 930 unum
977 904 1110 943 corpus
1147 904 1284 929 sumus.
1339 891 1386 929 In
1422 895 1525 941 parte
1561 903 1647 928 vero

122 959 262 996 censeri
298 959 377 997 eius
414 959 479 1003 rei,
518 959 574 996 cui
605 958 937 1002 communicamus,
964 957 1076 1006 longe
1104 960 1158 994 est
1184 956 1298 1002 aliud,
1334 969 1445 1006 quam
1472 969 1547 993 rem
1577 955 1646 992 ali-

122 1035 233 1072 quam
262 1021 484 1060 distribuere
512 1022 595 1060 aliis
622 1026 658 1060 et
686 1022 879 1073 impertiri,
907 1034 990 1058 cum
1019 1021 1090 1058 hoc
1117 1020 1259 1058 activae
1285 1020 1332 1057 sit
1349 1018 1648 1068 significafflonis,

122 1086 214 1124 illud
256 1100 341 1124 vero
370 1087 549 1138 passivae.
605 1087 694 1124 Cum
725 1087 839 1136 igitur
864 1086 1000 1123 Paulus
1028 1084 1212 1123 eiusmodi
1239 1084 1537 1121 communionem
1567 1096 1648 1120 cor-

121 1150 222 1200 poris
260 1150 401 1188 Christi
436 1151 475 1188 in
514 1163 649 1188 coenae
686 1150 894 1187 dominicae
928 1149 1106 1200 mysterio
1152 1152 1300 1193 statuat,
1337 1161 1410 1198 qua
1445 1146 1644 1184 multitudo

123 1214 294 1252 universa
323 1215 602 1252 Sacramentum
632 1227 767 1252 coenae
793 1227 973 1265 peragens
1001 1214 1049 1251 sit
1075 1213 1168 1263 ipsa,
1195 1225 1270 1249 non
1298 1216 1421 1249 autem
1449 1211 1648 1248 distribuat

122 1293 240 1317 unum
270 1292 415 1330 corpus,
432 1301 482 1309 —
500 1279 737 1330 perspicuum
765 1282 833 1322 est,
862 1291 989 1315 vocem
1018 1276 1292 1314 communionis
1319 1275 1359 1312 in
1386 1275 1545 1326 passiva,
1572 1287 1648 1311 non

120 1347 245 1381 autem
279 1343 318 1381 in
353 1343 474 1381 activa
503 1343 788 1392 significatione.
815 1342 999 1393 usurpari,
1028 1354 1158 1392 nempe
1183 1353 1251 1391 pro
1281 1339 1458 1377 societate
1483 1338 1647 1388 gratuito

120 1408 231 1446 nobis
268 1407 400 1453 delata,
443 1408 596 1459 iureque
633 1421 676 1445 ac
709 1421 779 1446 usu
812 1407 915 1445 illius
950 1407 990 1445 in
1028 1419 1182 1457 corpore
1209 1409 1245 1443 et
1283 1404 1464 1453 sanguine
1493 1403 1644 1441 Christi.

121 1473 205 1522 (fol.
232 1473 319 1521 41b)

172 1539 363 1576 Praeterea
391 1537 490 1575 idem
516 1537 595 1589 ipse
619 1538 757 1575 Paulus
784 1550 912 1574 vocem
941 1539 1133 1582 κοινωνίαις
1160 1535 1270 1586 paulo
1305 1537 1390 1585 post
1415 1533 1567 1584 exponit
1583 1546 1648 1584 per

119 1615 248 1641 vocem
274 1603 473 1654 passivam,
500 1615 631 1653 nempe
658 1601 995 1653 participationem,
1020 1599 1122 1644 dum,
1150 1603 1294 1650 sumpto
1324 1612 1344 1636 a
1373 1598 1569 1636 contrariis
1585 1610 1645 1634 ar-

119 1670 311 1717 gumentO,
346 1666 393 1704 ad
427 1666 585 1705 eundem
623 1666 775 1703 modum
806 1667 932 1717 epulas
958 1664 1215 1702 immolatitias
1244 1667 1437 1704 κοινωνὶκν
1473 1675 1551 1700 esse
1579 1661 1647 1698 do-

121 1735 177 1769 cet
214 1731 380 1781 corporis
418 1730 712 1774 daemoniorum,
746 1734 929 1781 quatenus
957 1743 1045 1767 sane
1073 1730 1249 1767 convivas
1278 1728 1470 1779 epularum
1496 1728 1645 1764 illarum

120 1801 320 1842 κοινωνοῦς
358 1801 433 1836 τῶν
472 1798 654 1844 δαιμόνων
682 1795 855 1845 appellat,
886 1795 939 1853 ad
969 1808 1079 1845 quem
1106 1793 1257 1831 modum
1296 1791 1470 1830 convivas
1497 1804 1645 1829 mensae

122 1859 329 1897 dominicae
363 1873 478 1897 unum
504 1873 650 1910 panem,
686 1873 803 1897 unum
832 1872 965 1910 corpus
993 1859 1033 1896 in
1060 1858 1209 1896 Christo
1237 1856 1452 1894 hauddubie
1480 1869 1558 1893 esse
1586 1856 1642 1893 di·

122 1923 242 1961 cebat.
274 1923 335 1968 Et,
362 1937 456 1974 quos
474 1924 596 1966 ⁴semel
625 1926 816 1970 κοινῶνους
847 1927 1007 1970 vocarat,
1034 1936 1096 1961 eos
1123 1936 1210 1960 mox
1239 1923 1450 1972 μετόχους,
1479 1921 1549 1957 hoc
1576 1924 1642 1964 cst,

120 1988 320 2039 participes
347 2002 426 2026 esse
454 1987 573 2026 docet.
628 1988 717 2026 Non
745 1989 912 2039 potestis,
937 1989 1073 2039 inquit,
1099 2001 1246 2026 mensae
1267 1987 1420 2024 Domini
1439 1993 1644 2035 μετέχειν,

123 2052 194 2089 hoc
227 2056 295 2096 est,
332 2052 565 2103 participare,
601 2066 664 2100 seu
692 2053 890 2104 participes
917 2066 1009 2098 esse,
1037 2057 1072 2091 et
1106 2065 1255 2090 mensae
1284 2050 1575 2091 daemoniorum,
1602 2052 1644 2087 ut

119 2116 218 2154 idem
256 2117 305 2154 sit
330 2117 444 2154 Paulo
473 2116 563 2165 (hoc
590 2117 740 2167 quidem
766 2117 805 2154 in
833 2117 934 2165 loco)
963 2116 1176 2154 communio
1205 2119 1241 2153 et
1268 2115 1516 2166 participatio,
1551 2126 1645 2165 quae

121 2193 211 2218 sane
237 2181 335 2231 apud
366 2180 527 2218 Graecos
556 2181 676 2218 active
704 2181 841 2232 exponi
867 2194 944 2219 non
972 2185 1106 2232 potest.

172 2245 366 2283 Postremo
411 2246 491 2296 ipsa
539 2245 695 2283 Paulina
738 2247 1012 2296 argumentatio
1048 2259 1089 2283 eo
1126 2245 1209 2282 loco
1245 2244 1440 2282 manifeste
1475 2246 1647 2287 testatur,

121 2315 316 2351 ›commin-‚a
343 2310 488 2361 passive
516 2298 815 2362 omnino‘accipi
845 2315 1027 2362 oportere.
1066 2311 1158 2348 Cum
1185 2309 1296 2354 enim,
1322 2310 1419 2347 facta
1448 2308 1646 2346 collatione

121 2375 313 2426 epularum
348 2375 688 2421 immoffititiarum,
723 2389 766 2413 ac
803 2376 934 2414 deinde
970 2376 1081 2413 etiam
1117 2374 1383 2413 sacrificiorum
1419 2373 1459 2411 in
1495 2373 1647 2418 Israffle,

125 2452 209 2477 cum
245 2452 360 2477 coena
397 2439 562 2483 Domini,
597 2439 644 2477 ad
672 2440 828 2478 eundem
855 2440 1008 2478 modum
1043 2443 1079 2477 et
1106 2439 1298 2490 epularum
1325 2438 1646 2476 immolatitiarum

125 2503 313 2547 convivas,
340 2507 386 2549 et,
414 2505 478 2555 qui
504 2504 547 2542 de
575 2504 707 2542 hostiis
721 2505 872 2543 Israelis
891 2504 1063 2550 edebant,
1081 2504 1166 2542 illos
1184 2503 1333 2555 quidem
1353 2503 1646 2545 daemoniorum,

124 2567 192 2605 hos
228 2578 315 2605 vcro
350 2568 501 2606 sacrarii
537 2573 735 2615 κοινωνούς
764 2572 883 2615 vocat,
918 2569 965 2606 ad
993 2582 1101 2619 quem
1128 2569 1280 2606 modum
1309 2568 1484 2606 convivas
1513 2579 1647 2604 coenae

123 2631 344 2670 Dominicae
380 2638 572 2680 κοινωνούς
601 2633 684 2681 (fol.
705 2635 788 2679 42³)
817 2634 984 2684 corporis
1013 2638 1048 2672 et
1068 2634 1260 2683 sanguinis
1281 2633 1431 2678 Christi,
1451 2646 1514 2670 seu
1531 2645 1648 2669 unum

127 2709 261 2747 corpus
287 2697 328 2735 in
355 2697 504 2736 Christo
523 2711 602 2736 esse
621 2698 742 2744 docet,
757 2719 808 2727 —
834 2698 1019 2748 equidem,
1036 2698 1067 2736 si
1084 2711 1158 2736 vox
1179 2697 1450 2735 communionis
1468 2697 1507 2734 in
1527 2696 1649 2733 verbis

126 2760 171 2798 de
208 2773 341 2799 caenae
367 2762 544 2812 mysterio
579 2762 698 2800 active
731 2775 798 2813 pro
836 2762 1100 2801 distributione
1133 2762 1214 2814 ipsa
1241 2763 1360 2814 accipi
1388 2761 1530 2805 debeat,
1557 2771 1650 2811 quae

125 2824 273 2874 quidem
309 2825 474 2864 ministri
509 2826 682 2864 manibus
718 2828 795 2872 fiat,
842 2827 894 2864 sic
929 2830 971 2866 ut
999 2828 1298 2866 communionem
1336 2827 1439 2865 illam
1467 2825 1648 2863 distribu-

122 2888 225 2928 tione
260 2901 324 2942 per
355 2891 521 2930 ministri
554 2904 687 2932 manus
726 2891 891 2944 corporis
934 2891 1053 2946 ipsius
1079 2897 1116 2934 et
1151 2891 1346 2944 sanguinis
1374 2891 1512 2931 Christi
1539 2893 1649 2929 natu-
