1818 3178
300 584 679 648 SUMMA
761 534 1420 644 DOCTRINAE

214 805 372 847 MEAE
423 804 498 845 DE
548 803 770 845 NOSTRA
817 801 937 842 CUM
985 800 1223 842 CHRISTO
1270 799 1502 841 DOMINO

659 885 1068 928 COMMUNIONE.

152 1255 273 1293 Docui
308 1267 449 1306 semper
485 1258 520 1291 et
555 1253 682 1297 doceo,
709 1257 876 1292 nostram
905 1267 988 1291 cum
1017 1253 1165 1291 Christo
1195 1253 1358 1291 Domino
1387 1255 1620 1292 communio-

100 1334 185 1358 nem
219 1321 257 1358 in
296 1332 447 1371 corpore
473 1318 590 1369 ipsius
617 1317 760 1356 duabus
787 1319 954 1369 partibus
983 1323 1166 1361 constare,
1193 1331 1324 1370 nempe
1351 1318 1560 1357 substantia
1585 1324 1621 1357 et

101 1383 380 1421 conditionibus
406 1382 519 1420 illius.
572 1383 631 1420 Ita
658 1387 779 1420 autem
808 1396 830 1420 a
858 1382 1004 1420 Christo
1034 1383 1209 1426 Domino,
1236 1396 1303 1433 pro
1330 1384 1492 1431 gratuita
1520 1384 1621 1422 illius

100 1448 269 1486 bonitate
295 1461 338 1485 ac
367 1447 633 1488 misericordia,
658 1446 871 1484 institutam
897 1460 989 1491 esse,
1015 1453 1056 1484 ut
1083 1447 1123 1484 in
1150 1460 1191 1484 ea
1217 1446 1380 1484 ineunda
1406 1454 1546 1498 partem
1576 1448 1620 1485 de

101 1517 229 1550 nostro
273 1512 351 1563 ipse
391 1511 543 1562 proprio
587 1512 627 1548 in
664 1524 702 1548 se
737 1511 976 1561 assumpserit
1011 1524 1076 1561 per
1109 1511 1444 1562 participationem,
1478 1519 1621 1562 partem

99 1587 186 1612 vero
214 1574 325 1611 nobis
353 1573 397 1611 de
424 1586 491 1611 suo
519 1573 630 1611 etiam
656 1573 806 1624 proprio
834 1573 1004 1611 detulerit
1030 1574 1070 1611 in
1100 1586 1305 1619 commune,
1333 1574 1386 1611 sic
1415 1578 1453 1612 ut
1472 1575 1509 1611 in
1530 1575 1622 1624 ejus,

100 1639 200 1689 quod
236 1638 346 1676 nobis
383 1637 574 1689 proprium
610 1643 699 1683 erat,
728 1651 844 1688 neque
871 1643 1041 1675 nostrum
1071 1651 1149 1676 esse
1174 1651 1342 1689 unquam
1369 1638 1489 1683 desiit,
1517 1652 1619 1676 com-

98 1702 312 1740 munionem
347 1702 427 1753 ipse
454 1702 606 1746 venerit,
632 1705 668 1739 et
697 1715 765 1739 nos
792 1702 831 1739 in
859 1715 987 1740 eorum
1014 1702 1191 1748 vicissim,
1217 1716 1310 1753 quae
1337 1703 1408 1753 ipsi
1435 1704 1506 1741 soli
1532 1717 1619 1755 pro-

98 1766 179 1816 pria
205 1765 345 1815 alioqui
371 1770 488 1808 erant,
516 1765 814 1802 communionem
841 1765 1003 1813 gratuito
1033 1765 1187 1804 vocarit.
1222 1766 1314 1803 Esse
1342 1767 1457 1815 igitur
1483 1767 1520 1805 in
1550 1767 1619 1805 hac

99 1833 228 1867 nostra
266 1841 347 1866 cum
383 1829 532 1866 Christo
560 1828 1026 1875 Domin0.communi0ne‚
1053 1830 1153 1880 quod
1180 1830 1258 1881 ipse
1285 1830 1325 1867 in
1353 1844 1391 1869 se
1419 1831 1463 1868 de
1490 1836 1618 1870 nostro

99 1892 250 1944 proprio
285 1897 527 1943 assumptum,
563 1895 630 1941 (A.
657 1895 714 1941 32)
742 1906 818 1931 non
846 1893 1016 1944 equidem
1043 1894 1116 1931 sibi
1144 1894 1316 1946 deinceps
1343 1896 1546 1947 proprium,
1579 1903 1620 1935 ut

99 1970 168 1995 nos
203 1957 249 1995 ab
286 1970 328 1994 eo
365 1957 595 2004 excluderet3
631 1957 694 1995 sed
721 1958 917 1995 nobiscum
944 1971 1018 1996 una
1047 1972 1242 1997 commune
1264 1961 1343 2009 jam
1372 1974 1514 2012 semper
1541 1975 1620 2000 esse

100 2021 229 2066 voluit,
261 2043 313 2051 —-
349 2026 384 2059 et
419 2035 498 2060 esse
530 2035 689 2068 rursum,
717 2022 816 2073 quod
845 2023 955 2060 nobis
984 2036 1119 2068 seeum,
1148 2024 1192 2061 de
1220 2037 1285 2062 suo
1314 2025 1478 2063 vicissim
1506 2028 1620 2064 colla-

99 2090 190 2130 tum,
225 2098 421 2123 commune
454 2086 596 2132 fecerit,
623 2086 676 2123 sie
702 2092 743 2124 ut
770 2087 808 2123 in
839 2091 993 2138 utroque
1020 2101 1076 2131 eo,
1103 2091 1139 2125 et
1167 2080 1267 2139 quod
1296 2089 1384 2140 ipse,
1418 2090 1462 2128 de
1491 2097 1619 2129 nostro

98 2150 247 2200 proprio
284 2154 526 2200 assumptum,
563 2163 757 2188 commune
794 2151 866 2188 sibi
889 2152 969 2201 jam
996 2152 1192 2189 nobiscum
1220 2153 1358 2203 pariter
1383 2167 1462 2192 esse
1490 2155 1621 2201 voluit,

98 2217 133 2251 et
169 2214 269 2263 quod
305 2214 349 2251 de
377 2227 443 2252 suo
470 2215 559 2252 item
586 2216 735 2266 proprio
766 2229 887 2254 secum
916 2216 1024 2253 nobis
1054 2229 1249 2255 commune
1277 2219 1375 2264 fecit,
1400 2233 1523 2257 veram
1551 2233 1619 2257 nos

99 2278 318 2328 plenamque
352 2291 395 2316 ac
429 2279 626 2317 salutarem
664 2293 746 2318 cum
782 2281 862 2331 ipso
900 2282 1201 2319 communionem
1236 2283 1447 2322 habeamus.
1504 2284 1618 2322 Porro

100 2343 151 2389 id,
186 2343 285 2394 quod
322 2344 491 2381 Christus
519 2344 703 2382 Dominus
730 2345 769 2383 in
796 2345 1026 2383 instituenda
1053 2351 1178 2384 nostra
1206 2347 1276 2384 hac
1302 2361 1437 2389 secum,
1454 2361 1619 2385 commu-

103 2407 215 2446 nione
241 2407 286 2446 de
313 2412 441 2446 nostro
469 2410 619 2460 proprio
646 2410 686 2447 in
715 2423 752 2448 se
779 2424 844 2461 per
869 2411 1192 2461 participationem
1221 2417 1462 2463 assumptum,
1490 2413 1620 2450 nobis-

104 2485 188 2510 cum
223 2471 295 2510 sibi
331 2485 523 2511 commune
554 2475 631 2523 jam
661 2475 832 2526 deinceps
860 2489 938 2512 esse
966 2476 1097 2518 voluit,
1124 2476 1234 2514 docui
1261 2490 1403 2527 semper
1429 2481 1465 2515 et
1493 2477 1621 2523 doceo,

103 2549 182 2574 esse
208 2535 326 2587 ipsam
354 2537 601 2574 substantiam
630 2539 794 2590 corporis
823 2540 878 2577 sui
906 2540 1123 2586 naturalem,
1150 2541 1461 2592 quemadmodum
1481 2542 1517 2580 id
1536 2543 1620 2580 uni-

106 2614 209 2639 versa
246 2601 426 2651 scriptura
452 2606 621 2641 testatur.
677 2604 790 2641 Quod
819 2618 903 2642 vero
931 2605 1010 2655 ipse
1039 2605 1082 2643 de
1109 2619 1176 2644 suo
1203 2606 1354 2657 proprio
1382 2607 1429 2644 ad
1456 2620 1535 2644 eam
1561 2608 1618 2659 ip-

105 2678 183 2704 sam
219 2670 385 2703 nostram
420 2678 542 2703 secum
580 2669 877 2707 communionem
906 2670 1069 2708 vicissim
1098 2671 1243 2715 detulit,
1279 2671 1389 2709 docui
1416 2685 1558 2722 semper
1586 2677 1621 2711 et

106 2731 233 2777 doceo,
259 2743 338 2768 esse
365 2729 469 2767 dotes
497 2743 624 2768 omnes
651 2733 895 2784 meritumque
922 2747 1030 2772 omne
1058 2738 1094 2772 et
1122 2748 1269 2773 omnem
1296 2736 1434 2783 (A.3b)
1461 2736 1620 2785 gloriam

107 2794 332 2833 sacrosancti
369 2794 427 2832 sui
454 2794 632 2844 corporis,
659 2808 751 2845 quae
779 2810 866 2835 sane
894 2798 1018 2850 omnia
1046 2798 1091 2836 ad
1121 2812 1189 2836 nos
1217 2799 1311 2836 nihil
1337 2804 1510 2850 poterant
1538 2814 1620 2851 per-

108 2859 221 2900 tinere
249 2859 415 2906 omnim,
441 2859 473 2896 si
500 2872 575 2897 non
604 2873 644 2897 ea
672 2860 749 2911 ipse
778 2861 821 2899 de
849 2875 915 2900 suo
944 2863 1093 2914 proprio
1122 2864 1354 2902 ad-nostram
1375 2878 1496 2903 secum
1520 2879 1620 2906 com-
