1818 3178
464 114 513 140 nn
543 113 825 140 SAGltAMEN'rls
858 112 1071 140 accmtsmi:
1099 113 1283 142 efflusiu.
1570 106 1636 142 191

111 217 274 255 Domino
311 215 525 265 accepisset,
559 215 622 265 qni
661 228 796 253 coenae
832 215 1050 253 Dominicae
1078 215 1310 253 institutioni
1344 228 1420 252 non
1448 215 1578 260 adfuit,
1607 220 1641 253 et

112 296 194 320 eum
232 283 353 333 ipsum
394 293 530 317 coenae
568 293 674 317 usum
711 281 916 318 Corinthiis
952 281 1182 325 tradidisset,
1219 280 1250 318 si
1277 281 1346 318 sul)
1375 281 1644 330 Apostolorum

112 346 329 385 nomincin
358 357 493 381 coenae
521 344 758 381 institutione
786 344 822 381 et
850 358 888 381 se
914 344 1036 395 ipsum
1064 345 1100 382 et
1129 351 1243 383 totam
1274 345 1414 382 Christi
1436 344 1644 382 Ecclesiam

112 410 366 461 compre-(fol.
398 410 639 457 9122)hcnsam
668 422 746 447 6556
775 423 850 447 non
878 410 1069 459 putasset?

159 477 272 513 quta
307 475 404 511 hanc
442 473 558 523 igitur
595 474 701 511 Pauli
730 465 1078 525 doetrinam'atque
1105 475 1312 525 exemplum
1345 475 1508 512 videmus
1538 489 1642 513 man—

112 542 238 578 datum
273 540 367 576 illud
400 539 644 576 <Dominieum
681 540 719 576 in
758 552 893 576 coenae
927 539 1177 586 institutione,
1203 544 1271 577 ltoe
1292 544 1427 589 jacite,
1455 554 1531 578 non
1559 547 1643 579 tan-

110 612 192 643 tum
227 605 267 642 in
304 618 342 641 se
378 604 574 654 complecti
610 604 813 654 Apostolos
848 604 962 654 ipsos,
997 605 1044 641 ad
1080 618 1173 654 quos
1210 606 1398 655 prolatum
1424 610 1491 651 est,
1519 607 1580 644 sed
1610 613 1646 644 ct

110 683 174 707 eos
209 682 350 712 omnes,
388 670 452 719 qui
482 682 543 719 pcr
573 668 781 705 doctrinam
810 668 978 718 ipsorum
1006 668 1047 705 in
1076 668 1266 706 Christum
1293 669 1497 708 Dominum
1526 672 1643 708 credi-

110 734 186 771 turi
221 738 338 779 erant,
366 733 466 783 quod
495 733 542 770 ad
569 746 677 770 usum
707 745 842 769 coenae
869 732 1016 776 attinet,
1041 753 1093 762 —-
1119 737 1155 770 et
1182 734 1338 783 proinde
1365 748 1474 772 usum
1504 748 1642 773 coenae

112 798 319 835 dominicae
354 797 405 834 ita
442 797 551 835 etiam
588 797 626 834 in
662 796 850 833 Ecclesiae
887 796 1094 833 ministerio
1134 798 1298 847 positum
1325 812 1416 845 csse,
1442 804 1485 837 ut
1511 800 1557 837 ad
1586 806 1645 837 to·

110 868 185 900 tani
222 863 377 899 omnino
414 861 624 899 Ecclesiam
661 861 862 910 omniaque
899 861 1063 898 membra
1100 862 1200 899 illius
1237 863 1432 913 pertineat,
1461 865 1645 914 siquidem

111 927 212 964 nulla
249 940 374 964 earum
410 926 684 976 exceptionum,
722 926 764 962 de
803 925 940 975 quibus
977 932 1085 963 antea
1113 927 1250 976 pluries
1278 928 1350 965 iam
1379 927 1556 974 diximus,
1583 929 1644 966 in-

111 992 288 1030 tercedat.

162 1056 330 1093 Veniunt
365 1061 488 1093 autem
527 1055 596 1092 sub
633 1068 693 1092 eas
730 1055 968 1104 exceptiones
995 1055 1170 1102 infantes,
1199 1056 1299 1106 quod
1327 1057 1373 1093 ad
1404 1069 1538 1094 coenae
1565 1057 1643 1094 Do-

112 1121 271 1158 minicac
307 1133 413 1157 usum
451 1119 595 1164 attinet,
631 1125 825 1168 propterca
865 1119 969 1168 quod
998 1120 1134 1156 adnata
1164 1127 1317 1157 naturae
1344 1121 1508 1170 ipsorum
1538 1122 1642 1158 infir-

109 1185 218 1221 mitas
256 1185 354 1232 signi
391 1196 526 1220 coenae
562 1183 647 1219 illos
685 1195 836 1232 capaces
865 1196 944 1220 esse
974 1196 1050 1220 non
1079 1185 1190 1231 sinat,
1217 1186 1530 1235 quemadmodum
1559 1192 1596 1222 et
1622 1200 1642 1223 a

110 1262 245 1286 coenae
272 1249 464 1286 Paschalis
493 1261 560 1285 usu
590 1247 678 1284 olim
707 1247 816 1284 liberi
844 1253 964 1286 erant.

162 1312 325 1349 Veniunt
360 1317 395 1349 et
432 1311 698 1349 valetudinarif
723 1311 905 1357 homines,
934 1312 1070 1362 quibus
1097 1326 1161 1363 per
1190 1314 1313 1351 morbi
1340 1315 1641 1364 magnitudinem

108 1378 257 1428 publico
294 1377 483 1414 Ecclesiae
520 1376 642 1414 coetui
678 1377 806 1414 adesse
834 1383 869 1414 et
896 1378 1053 1428 proinde
1081 1391 1218 1416 coenae
1245 1392 1394 1430 quoque
1424 1381 1642 1419 Dominicae

111 1443 149 1478 in
178 1448 287 1478 coetu
315 1440 503 1477 Ecclesiae
529 1440 753 1490 participare
784 1453 858 1477 non
885 1442 983 1479 licet.
1013 1442 1097 1489 (fol.
1127 1445 1211 1490 91¹³)

166 1506 330 1543 Veniunt
366 1511 553 1556 postremo
591 1513 626 1543 et
664 1506 739 1556 qni„
774 1506 974 1560 infantiam
1010 1508 1158 1558 quidem
1186 1509 1446 1558 supercgrcssi,
1483 1511 1642 1560 probare

111 1584 189 1608 sese
224 1570 375 1608 interim
415 1571 537 1609 adhuc
563 1584 627 1620 per
659 1576 810 1608 naturae
838 1571 1094 1608 infirmitatem
1123 1585 1199 1609 non
1225 1578 1396 1622 possunt,
1426 1586 1508 1610 cum
1536 1588 1642 1612 man-

114 1640 241 1673 datum
269 1643 435 1686 apertum
463 1641 582 1673 extet:
614 1635 783 1686 Quis-qne
811 1650 848 1673 se
874 1639 1006 1687 probet
1031 1638 1070 1684 ¹),
1098 1638 1246 1675 tametsi
1276 1639 1315 1676 in
1336 1644 1455 1676 vetere
1476 1639 1643 1677 Ecclesia

111 1716 245 1752 pueros
280 1702 480 1742 infantiam
517 1715 794 1752 superegressos
831 1703 877 1740 ad
915 1716 1052 1742 coenae
1089 1702 1308 1741 Dominicae
1344 1717 1452 1741 usum
1495 1705 1643 1744 admitti

114 1771 242 1807 solitos
271 1771 439 1819 legimus.
495 1770 543 1808 Et
571 1770 669 1807 haud
699 1772 788 1814 selo,
815 1783 862 1808 an
891 1783 969 1807 non
996 1771 1042 1808 ad
1070 1770 1219 1807 adultos
1248 1774 1393 1807 tantum
1422 1771 1641 1808 mandatum

110 1835 203 1872 illud
240 1836 522 1886 Apostolicuni:
563 1836 734 1885 Quisque
772 1848 809 1873 se
843 1836 990 1885 probet,
1024 1858 1076 1869 -ψ
1110 1836 1161 1873 ita
1199 1835 1394 1886 pertineat,
1430 1840 1470 1872 ut
1506 1849 1641 1886 pueros

111 1899 261 1935 interim
302 1899 349 1936 ab
395 1913 465 1936 usu
502 1912 637 1937 coenae
673 1913 746 1936 non
784 1899 969 1944 excludat,
1007 1899 1321 1948 quemadmodum
1357 1903 1393 1937 et
1422 1899 1584 1936 infantes
1621 1913 1641 1936 a

112 1964 305 2014 Baptismo
351 1969 503 2015 propter
546 1966 763 2002 mandatum
801 1965 893 2002 illud
930 1965 976 2002 ad
1013 1978 1089 2010 eos,
1124 1964 1189 2014 qui
1227 1965 1476 2013 baptizantur,
1513 1965 1640 2003 datum

114 2042 189 2066 non
224 2029 493 2067 excluduntur:
523 2029 582 2066 Ita
621 2035 655 2067 et
695 2043 757 2067 vos
797 2035 977 2080 reputate,
1015 2043 1079 2068 vos
1116 2030 1216 2080 ipsos
1253 2035 1421 2068 mortuos
1450 2043 1529 2067 esse
1556 2043 1643 2080 pec·

115 2101 195 2131 cato
225 2096 269 2141 ⁹),
297 2094 481 2144 Baptismi
510 2095 680 2132 videlicet
707 2095 943 2141 testimonio;
972 2116 1019 2123 -—
1049 2100 1084 2132 et
1110 2096 1150 2132 in
1180 2095 1470 2140 circumcisione,
1498 2095 1584 2133 licet
1603 2096 1643 2133 in

115 2156 253 2196 adultis
299 2158 530 2196 circmncisio
578 2160 699 2196 carnis
743 2160 820 2197 sola
859 2161 937 2197 sine
973 2160 1235 2210 mysteriorum
1271 2159 1371 2196 illius
1408 2161 1643 2210 reputatione

118 2224 214 2261 nihil
247 2230 354 2269 esset,
388 2224 700 2274 quemadmodum
729 2225 864 2262 Paulas
904 2225 1021 2271 docet,
1059 2238 1134 2262 non
1170 2225 1252 2262 ideo
1288 2229 1412 2262 tamen
1451 2226 1490 2263 in
1519 2226 1644 2264 infan-

115 2289 217 2326 tibus
263 2288 413 2325 Israelis
460 2288 690 2326 circumcisio
740 2290 860 2326 carnis
900 2290 976 2340 ipsa
1006 2289 1099 2326 nihil
1126 2294 1203 2326 erat
1231 2289 1272 2337 ³),
1300 2290 1362 2327 scd
1391 2295 1469 2327 erat
1497 2291 1645 2339 signum

120 2351 291 2396 foederis,
329 2352 446 2389 Deum
476 2365 554 2389 esse
580 2353 729 2389 illorum
759 2353 897 2399 Deu1n;
925 2375 975 2381 —-
1003 2360 1112 2403 atque
1140 2354 1175 2390 in
1207 2366 1319 2390 coena
1347 2354 1434 2391 item
1464 2355 1646 2402 Paschali,

119 2430 251 2467 pueros
286 2417 332 2453 ab
370 2430 440 2453 usu
478 2416 577 2453 illius
614 2417 784 2454 exclusos
827 2418 940 2454 fnisse
980 2431 1054 2454 non
1094 2418 1263 2466 legimns,
1299 2418 1443 2455 etiamsi
1470 2420 1645 2469 mysteria

121 2481 204 2528 (fol.
235 2483 317 2528 92³)
346 2481 446 2518 illius
474 2481 585 2529 digne
614 2494 738 2518 secam
775 2487 943 2532 reputare
981 2495 1056 2519 non
1093 2488 1266 2532 possent3
1306 2475 1351 2520 nt*
1375 2484 1546 2521 mandata
1584 2485 1646 2521 illa

122 2547 166 2583 de
202 2546 463 2596 mysteriorum
491 2547 735 2596 reputatione,
763 2546 858 2583 circa
888 2560 994 2584 usum
1022 2547 1188 2584 onmium
1217 2549 1541 2598 Sacranicntormn
1570 2555 1646 2586 tra-

121 2611 209 2656 dita,
245 2611 290 2647 ad
329 2611 475 2648 adultos
512 2616 655 2647 tantum
693 2611 877 2660 pertinere
905 2610 1179 2660 intelligamus,
1207 2612 1268 2649 sed
1299 2613 1349 2649 ita
1379 2598 1559 2663 periinere
1588 2614 1645 2651 in-

120 2675 240 2719 terim,
276 2680 318 2712 ut
352 2688 414 2712 eos
451 2679 596 2712 tantam
634 2675 679 2711 ab
710 2688 777 2711 usn
807 2676 1132 2712 Sam-amentorum
1159 2676 1372 2720 excludant,
1401 2678 1464 2727 qni
1494 2678 1552 2714 illa
1581 2691 1645 2728 per

123 2740 304 2777 incuriam
349 2746 413 2776 ant
450 2743 700 2790 contemptum
740 2745 919 2790 reputare,
957 2751 1042 2776 cum
1077 2740 1234 2791 possint.
1272 2754 1344 2779 non
1384 2742 1532 2778 volant:
1571 2755 1645 2780 non

168 2879 191 2919 ¹)
217 2879 232 2909 1
257 2879 329 2911 Cor.
355 2880 402 2911 ll.
533 2882 557 2919 Ξ)
583 2881 672 2913 Rom.
696 2882 724 2913 6.
852 2882 877 2921 ³)
902 2883 991 2915 Rom.
1015 2882 1043 2916 2,
