1818 3178
164 134 210 169 88

166 241 203 277 in
229 244 331 276 coctu
359 239 422 274 illo
451 236 582 278 adsint,
609 247 700 284 quos
719 245 832 283 parvo
851 233 890 268 in

169 318 338 354 praesens
408 300 619 337 lucrifacere
681 297 890 334 debeamus.

169 368 251 404 Jam
285 365 380 416 qnod
417 364 462 400 ad
489 363 635 406 electos,
663 361 725 410 qui
751 360 789 396 in
817 360 886 395 Pa-

171 445 236 482 pae
270 428 432 465 Ecclesia
468 426 618 472 degunt,
654 424 769 473 (leque
806 435 891 459 cura

169 508 210 532 ae
255 490 502 529 sollieitudine
537 489 619 536 (24)
656 501 716 524 eos
752 486 891 523 lucrifi-

171 554 287 599 candi,
347 565 455 601 supra
503 552 579 600 jam
633 550 772 586 dietum
825 552 890 593 est,

167 630 276 667 (lirare
329 629 419 665 opus
473 627 547 651 non
600 617 654 650 est
704 625 744 649 ea
790 625 889 649 nune

166 682 297 717 iterum
332 682 503 729 repetere.
558 676 707 714 Dictum
744 676 890 725 quoque

166 748 230 786 cst,
267 743 358 780 nihil
393 741 438 778 ad
475 741 566 777 tales
592 739 807 789 praesertim
834 752 892 775 re-

168 808 259 843 ferre
304 804 507 841 imbecillos
542 803 793 853 quaestionem
830 816 896 839 no-

167 876 290 913 stram,
339 869 401 918 qui
453 868 614 918 Papismi
665 867 890 917 impietatem

817 929 890 965 Hie

166 996 278 1043 igitur
315 995 358 1031 <le
393 994 438 1030 iis
472 999 618 1030 tantum
646 993 800 1042 agimus,
827 993 890 1042 qui

168 932 330 968 nondum
383 931 470 967 satis
522 929 752 978 agnoverint.

166 1059 367 1109 Papistieae
417 1057 615 1107 impietatis
660 1057 888 1105 magnitudi-

166 1136 248 1160 nem
274 1123 312 1158 in
339 1122 457 1171 Papae
486 1121 667 1171 baptismo
696 1121 806 1157 verbo
824 1120 893 1157 Dei

167 1185 403 1234 agnoverint,
446 1184 519 1221 sive
556 1183 652 1220 firmi
689 1183 783 1228 sint,
820 1184 895 1221 sive

167 1250 315 1295 infirmi,
351 1254 458 1299 atque
495 1252 657 1285 vetamus
693 1261 755 1285 eos
791 1248 891 1285 adire

168 1328 261 1360 eum,
296 1314 371 1351 sive
405 1314 515 1350 etiam
549 1313 683 1349 liberos
726 1325 811 1349 suos
847 1312 894 1349 ad

169 1379 286 1429 Papae
305 1378 527 1428 baptismum
537 1377 692 1414 mittere.
715 1377 897 1428 Equidem

170 1444 325 1480 libenter
347 1442 454 1479 credo
484 1455 565 1479 vere
583 1442 759 1492 baptizari
777 1442 901 1479 infan-

171 1508 281 1552 tulos,
301 1506 363 1556 qui
382 1506 428 1542 ad
447 1519 530 1543 eum
548 1507 791 1556 perferantur,
808 1520 896 1556 pro-

170 1576 291 1622 pterea
334 1570 432 1620 quod
477 1570 706 1607 Sacramenti
740 1571 903 1608 abusum

170 1635 216 1671 iis
243 1647 474 1684 nequaquam
500 1633 682 1683 imputare
707 1634 806 1677 licet,
833 1634 900 1685 qui

175 1697 345 1735 notitiam
371 1698 449 1746 ejus
466 1710 533 1734 nee
548 1697 720 1743 habeant,
748 1690 815 1735 neo
835 1698 900 1735 ha-

174 1762 259 1798 bere
299 1760 408 1797 etiam
452 1761 613 1810 possint3
659 1765 783 1799 tamen
829 1775 903 1806 eOS,

174 1825 236 1875 qui
277 1824 449 1874 puerulos
493 1837 578 1861 suos
609 1824 699 1861 illue
733 1825 899 1870 mittunt,

174 1893 367 1939 postquam
403 1888 512 1925 verbo
541 1888 609 1926 Dei
635 1889 798 1939 Papismi
823 1890 894 1927 im-

174 1953 345 2003 pietatem
372 1953 601 2001 agnoverint,
627 1955 768 2004 peeeati
796 1955 902 2005 culpa

178 2015 332 2052 liberare
375 2028 449 2052 non
493 2029 656 2066 possum.
720 2017 906 2068 Namque,

181 2093 262 2115 cum
306 2083 384 2116 tota
424 2080 656 2130 Papistarum
690 2083 802 2118 turba
836 2096 906 2132 pu-

180 2142 274 2179 bliea
319 2143 507 2180 doetrinae
551 2157 636 2181 suae
673 2145 905 2184 confessione

179 2210 288 2255 atque
337 2206 533 2255 tyrannide
585 2208 696 2245 etiam
749 2209 903 2247 Coetum

183 2268 320 2304 Christi
349 2270 457 2317 vulgo
487 2270 634 2307 damnet
653 2276 761 2321 atque
782 2286 905 2322 perse-

183 2335 327 2380 quatur,
368 2336 444 2368 tam
486 2333 526 2369 in
571 2333 737 2372 doctrina
782 2336 909 2386 ipsius,

185 2407 293 2443 quam
349 2394 388 2431 in
433 2395 547 2444 ipsius
583 2398 777 2442 membris,
823 2413 910 2437 sane

188 2471 261 2494 non
300 2458 416 2502 video,
442 2471 600 2508 quanam
626 2462 769 2499 ratione
796 2463 907 2500 homo

187 2521 430 2565 Christianus,
457 2525 539 2569 (25)
566 2529 759 2575 postquam
778 2527 907 2578 impie-

185 2587 297 2619 tatem
324 2584 483 2633 Papismi
510 2588 712 2634 agnoverit,
736 2590 813 2627 sine
831 2604 908 2628 ma-

187 2660 259 2695 gna
294 2647 332 2683 in
371 2648 555 2685 Christum
583 2651 732 2701 ejusque
760 2654 913 2692 Coetum

189 2713 421 2755 contumelia,
454 2713 657 2751 ministerio
695 2729 821 2755 eorum
848 2732 907 2756 so-

191 2778 285 2815 cium
315 2778 515 2827 adjungere
543 2791 579 2814 se
606 2786 737 2828 posset.

656 137 706 162 DE
733 134 820 160 FUG.
850 132 997 158 PAPIST.
1027 130 1178 158 SACRIS.

943 230 1159 278 wordigheit
1200 230 1318 267 willen
1350 230 1414 267 der
1450 230 1670 267 wtuerkore-

945 308 1028 338 nen,
1056 294 1114 330 die
1140 294 1180 331 in
1197 294 1261 331 der
1278 293 1572 342 verzamelinghe
1588 295 1673 342 zijn,

939 358 1073 395 weleke
1098 370 1182 394 men
1210 358 1259 406 by
1286 358 1437 394 luttelen
1468 357 1530 394 des
1556 358 1673 395 maals

943 421 1161 469 ghewinnen
1188 427 1298 458 moet.
1329 421 1392 457 Nu
1419 434 1489 458 van
1518 421 1589 458 den
1608 424 1674 458 wt-

943 485 1174 522 uerkorenen
1220 485 1278 521 die
1320 485 1360 521 in
1405 485 1468 522 des
1510 485 1676 522 Pauwsts

942 547 1075 584 kereke
1112 549 1198 595 zijn,
1227 547 1320 584 oock
1349 561 1420 585 van
1449 548 1511 584 der
1538 547 1676 596 zorghe

940 615 984 648 εἴ]
1023 611 1124 659 vliJ'te
1166 613 1250 658 (24)
1288 611 1346 648 die
1379 615 1416 649 te
1451 611 1609 655 winnen,
1642 611 1676 649 is

943 675 1063 711 bouen
1106 674 1274 722 ghezegt‚
1318 687 1360 711 zo
1404 674 1467 712 dat
1503 675 1565 712 het
1600 674 1677 712 niet

945 738 1110 787 noodigh
1151 737 1183 774 is
1220 737 1399 775 wederom
1425 742 1462 775 te
1489 739 1676 776 verbalen.

951 802 1056 839 Oock
1099 802 1131 839 is
1176 802 1332 852 ghezegt
1369 803 1431 841 dat
1468 804 1554 841 deze
1587 818 1678 842 onze

942 867 1080 915 vraghe
1125 867 1282 905 zulcken
1321 868 1506 905 kraneken
1542 869 1675 906 inzon-

943 929 1083 966 ‹lerheit
1103 929 1179 967 niet
1199 933 1346 978 anguet,
1368 930 1425 967 die
1442 931 1503 968 des
1514 931 1678 969 Pauwst-

944 993 1048 1030 doms
1076 993 1334 1042 godlooszheit
1363 994 1459 1031 noch
1489 995 1566 1032 niet
1584 995 1675 1044 ghe-

941 1058 1248 1105 noughzaemliek
1269 1058 1477 1096 bekennen.
1506 1060 1556 1096 Zo
1577 1073 1678 1110 spre-

946 1121 1016 1158 ken
1045 1135 1100 1171 wy
1128 1122 1198 1159 dan
1231 1122 1306 1159 hier
1334 1136 1405 1159 van
1434 1123 1601 1167 zuleken‚
1622 1123 1679 1161 die

948 1185 1039 1221 door
1067 1185 1191 1222 Godes
1219 1185 1317 1222 word
1348 1186 1391 1222 de
1410 1186 1597 1234 grootheit
1619 1187 1681 1223 der

943 1249 1205 1287 Pauwstlicker
1250 1250 1507 1298 godlooszheit
1543 1250 1580 1288 in
1618 1251 1681 1288 des

945 1314 1110 1351 Pauwsts
1148 1314 1265 1364 doope
1295 1315 1506 1360 bekennen3
1536 1328 1580 1364 zy
1608 1317 1678 1362 zijn

951 1379 1071 1415 stan-ek
1101 1380 1143 1415 of
1166 1379 1304 1417 zwaek:
1329 1380 1422 1416 ende
1449 1380 1505 1416 wil
1526 1380 1588 1417 dat
1603 1381 1683 1417 zul-

957 1442 1022 1480 eke
1050 1443 1130 1480 zick
1158 1444 1234 1481 niet
1264 1444 1404 1482 hiertoe
1432 1444 1564 1482 maken
1586 1445 1681 1481 zulle

950 1507 1046 1544 noch
1085 1508 1180 1545 oock
1216 1508 1304 1545 hore
1340 1508 1490 1546 kinders
1525 1512 1582 1546 tot
1621 1509 1684 1546 des

953 1571 1118 1608 Pauwsts
1148 1572 1243 1622 doop
1273 1572 1362 1609 heen
1392 1572 1579 1610 sehicken.
1617 1572 1685 1609 Ick

951 1636 1133 1683 ghelooue
1167 1637 1244 1679 wel,
1280 1636 1342 1673 dat
1381 1636 1424 1672 de
1452 1636 1574 1673 kleine
1601 1636 1685 1674 kin-

955 1698 1125 1745 (lerkens‚
1174 1699 1231 1736 die
1277 1699 1435 1736 darheen
1479 1700 1686 1748 ghebracht

956 1764 1083 1809 werde,
1111 1763 1368 1800 waaraohtlick
1390 1763 1579 1814 ghedoopt
1597 1777 1687 1801 wer-

952 1826 1035 1871 den,
1096 1827 1283 1864 ouermids
1337 1827 1399 1864 des
1453 1828 1689 1865 Saeraments

947 1891 1166 1941 mizbruyek
1203 1892 1261 1928 die
1288 1892 1508 1941 gheenszins
1533 1892 1687 1941 toeghe-

954 1956 1084 1993 rekent
1112 1957 1221 2005 magh
1251 1957 1379 2001 werde,
1407 1956 1465 1994 die
1485 1956 1548 1994 des
1561 1957 1689 1994 zeluen

957 2019 1075 2067 gheen
1103 2019 1256 2057 kennisz
1285 2020 1445 2066 hebben,
1471 2020 1568 2057 noch
1597 2020 1688 2058 heb-

960 2084 1030 2121 ben
1076 2084 1238 2122 konnen.
1293 2085 1362 2121 Die
1400 2085 1595 2129 nochtans,
1631 2085 1690 2123 die

957 2147 1046 2184 hore
1086 2147 1311 2185 kinderkens
1352 2148 1532 2186 daerheen
1569 2148 1689 2185 schie-

957 2211 1039 2255 ken,
1067 2226 1114 2248 na
1141 2212 1225 2250 dien
1254 2225 1297 2262 zy
1316 2213 1407 2249 door
1430 2212 1554 2250 Godes
1573 2213 1690 2250 wordt

961 2275 1021 2312 des
1058 2276 1312 2313 Pauwstdoms
1341 2277 1599 2325 godlooszheit
1628 2277 1691 2314 be-

965 2339 1050 2376 kent
1077 2339 1235 2385 hebben,
1264 2341 1336 2377 kan
1363 2340 1424 2376 ick
1452 2353 1522 2377 van
1543 2340 1691 2377 schuldt

963 2401 1025 2438 dor
1070 2403 1187 2439 zonde
1234 2403 1309 2440 niet
1347 2404 1523 2451 beurijen.
1581 2402 1694 2440 Want

960 2466 1158 2513 ghemarek
1195 2467 1239 2504 de
1273 2471 1378 2515 gatze
1408 2468 1503 2518 hoop
1533 2467 1596 2504 der
1622 2468 1692 2504 Pa-

960 2530 1091 2579 pisten,
1120 2532 1211 2568 door
1236 2532 1343 2569 horel·
1362 2533 1467 2572 leere.
1486 2532 1695 2582 opentlieke

964 2594 1187 2642 belijdenisz,
1206 2597 1298 2633 ende
1317 2596 1409 2633 oock
1433 2596 1695 2646 doortyranny

966 2657 1009 2694 de
1047 2657 1278 2709 Ghemeynte
1313 2660 1452 2698 Christi
1488 2661 1695 2709 doorgaens

962 2722 1131 2760 verdomt
1158 2724 1229 2760 end
1258 2725 1467 2773 veruolght,
1494 2737 1536 2761 zo
1565 2724 1627 2760 wel
1655 2724 1692 2760 in

967 2785 1074 2822 horer
1101 2787 1195 2824 leere
1223 2788 1276 2824 als
1295 2788 1334 2824 in
1356 2788 1466 2825 horen
1491 2788 1698 2831 lidtmatem

965 2861 1007 2885 zo
1035 2849 1091 2885 zie
1117 2850 1178 2886 ick
1206 2850 1243 2887 in
1274 2851 1338 2888 der
1353 2851 1524 2889 waerheit
1544 2852 1631 2895 niet,
1651 2864 1697 2901 op
