1818 3178
164 126 234 162 184
513 130 562 156 Dr:
590 126 870 155 sAcRAMENTIS
901 124 1117 151 ECCLEsiAE
1145 124 1324 152 cnuis‘ri.

167 235 292 280 velint,
334 246 406 270 non
441 234 608 282 possunt.
664 228 712 265 Et
747 227 903 278 proinde
939 225 1149 274 intelligent
1185 240 1223 264 se
1258 227 1368 264 etiam
1403 227 1527 277 inepte
1561 239 1604 265 ex
1640 240 1681 265 eo

165 300 248 336 loco
284 298 466 345 colligere,
500 294 662 330 infantes
691 298 838 329 nostros
869 290 1112 340 baptizandos
1142 304 1215 328 non
1246 305 1336 335 esse,
1364 297 1556 342 propterea
1583 292 1684 342 quod

167 363 312 400 credere
347 373 422 397 nou
448 361 616 409 possunt,
645 356 716 393 nisi
745 356 775 392 si
802 355 887 392 illos
916 368 934 391 a
964 354 1038 391 vita
1067 367 1215 405 quoque
1241 360 1388 393 aeterna
1416 369 1569 406 prorsus
1596 369 1684 393 ean-

167 428 248 464 dem
277 425 324 462 ob
354 436 500 460 causam
528 420 741 459 excludant.

217 490 270 526 De
298 487 475 525 foemellis
503 485 661 523 exclusis
689 498 708 521 a
737 484 1020 521 circumcisione
1048 496 1157 534 supra
1187 484 1359 530 diximus,
1387 484 1588 536 Divinique
1617 485 1687 522 hac

166 555 201 591 in
230 560 333 604 parte
361 551 506 589 consilii
532 550 715 599 rationem
743 549 936 586 attulimus
964 561 1008 586 ex
1038 548 1243 599 scripturis,
1271 563 1381 600 quam
1411 550 1685 600 Anabaptistae

164 620 210 657 ad
244 618 377 655 erroris
406 617 462 654 sui
489 615 737 666 patrocinium
766 614 982 664 detorquere
1011 626 1088 650 non
1115 619 1283 664 possunt.
1336 615 1383 652 In
1413 621 1560 653 nostrae
1587 615 1685 653 enim

166 681 352 719 Ecclesiae
395 679 640 717 sacramentis
687 691 762 715 non
807 682 861 715 est
905 678 1062 728 amplius
1108 681 1172 714 aut
1208 691 1284 715 mas
1322 684 1384 716 aut
1419 680 1583 716 foemina
1620 685 1685 717 aut

165 746 312 783 adultus
349 748 411 781 aut
445 743 583 788 infans,
619 742 681 780 sed
719 755 848 779 omnes
885 755 980 779 unus
1018 742 1129 778 homo
1158 754 1284 778 sumus
1312 742 1350 779 in
1380 742 1542 786 Christo,
1569 748 1603 781 et
1631 747 1687 780 est

164 811 202 846 in
238 808 411 845 omnibus
455 807 581 844 omnia
624 806 791 844 Christus
829 807 908 843 sine
943 806 1017 843 ullo
1055 806 1208 842 omnino
1249 806 1474 851 discrimine,
1511 807 1612 858 quod
1640 807 1686 844 ad

164 873 221 909 ius
257 871 406 922 quidem
433 875 469 908 et
496 883 604 907 usum
640 871 966 907 Sacramentorum
993 869 1138 916 attinet,
1166 875 1228 907 aut
1258 883 1366 907 sexus
1394 876 1456 908 aut
1484 870 1628 916 aetatis,
1656 871 1688 908 si

164 935 311 985 quidem
349 934 447 971 nulla
484 946 621 978 earum,
654 946 746 983 quas
774 933 848 970 iam
874 938 959 970 ante
988 933 1239 983 exposuimus,
1266 934 1433 983 exceptio
1461 933 1687 980 intercedat3

161 1012 315 1050 quarum
353 1011 437 1034 cum
474 999 574 1035 nulla
611 998 765 1035 omnino
805 997 844 1034 in
873 998 1089 1046 arcen-(fol.
1119 997 1263 1045 83a)dis
1291 1010 1311 1034 a
1341 997 1527 1048 baptismo
1555 997 1686 1035 Eccle-

159 1064 233 1101 siae
259 1063 465 1101 infantibus
502 1062 788 1100 commonstrari
817 1066 939 1113 queat,
968 1062 1121 1099 dubium
1150 1075 1226 1100 non
1255 1068 1321 1107 est,
1347 1063 1510 1112 graviter
1536 1063 1583 1099 ab
1612 1062 1688 1099 illis

161 1129 228 1166 hac
256 1129 293 1165 in
320 1132 422 1179 parte
449 1128 593 1178 peccari
620 1128 797 1166 adversus
828 1127 969 1165 Christi
997 1127 1150 1165 Domini
1180 1127 1223 1165 de
1252 1127 1425 1178 baptismi
1447 1128 1686 1165 Sacramento

162 1192 447 1230 ordinationem.

214 1258 293 1294 Nec
320 1257 481 1303 obstant,
508 1270 601 1307 quae
627 1257 853 1307 producunt,
881 1255 1059 1307 baptismi
1086 1256 1301 1294 adultorum
1332 1257 1511 1307 exempla.
1565 1256 1687 1293 Nemo

161 1323 261 1361 enim
288 1335 451 1372 unquam
479 1322 670 1359 damnavit
697 1322 910 1359 adultorum
940 1322 1177 1372 baptismum,
1206 1322 1237 1358 si
1264 1321 1303 1358 in
1331 1322 1457 1359 adulta
1473 1321 1548 1359 iam
1569 1324 1689 1359 aetate

162 1400 240 1424 sese
275 1386 463 1424 Ecclesiae
499 1386 766 1435 adiungebant.
834 1386 906 1423 Sed
942 1399 1019 1423 non
1056 1386 1140 1423 ideo
1179 1386 1341 1431 eflicitur,
1379 1386 1605 1436 baptismum
1641 1385 1689 1422 ad

159 1451 321 1489 infantes
349 1450 537 1488 Ecclesiae
564 1463 639 1487 non
667 1450 864 1501 pertinere,
893 1449 992 1500 quod
1018 1449 1169 1500 plurimi
1197 1450 1287 1486 olim
1314 1449 1432 1487 adulti
1454 1449 1686 1499 baptizaren-

161 1519 232 1560 tur,
276 1513 586 1565 quemadmodum
631 1520 666 1551 et
703 1526 803 1550 nunc
840 1513 934 1550 1111111
974 1513 1110 1559 obstat,
1147 1513 1345 1563 quominus
1383 1511 1501 1549 adulti
1541 1524 1688 1562 quoque

162 1579 409 1629 baptizentur,
445 1578 510 1628 qui
546 1579 584 1615 in
613 1578 739 1615 adulta
766 1583 885 1615 aetate
913 1591 931 1614 a
961 1578 1151 1615 Iudaismo
1182 1582 1245 1616 aut
1274 1578 1509 1615 Ethnicismo
1537 1578 1582 1614 ad
1614 1578 1686 1615 Ec-

162 1643 311 1680 clesiam
348 1642 512 1687 veniunt,
550 1643 694 1680 etiamsi
730 1655 798 1680 nos
834 1643 996 1680 infantes
1034 1648 1182 1680 nostros
1220 1647 1367 1693 recepto
1405 1655 1507 1679 more
1533 1643 1686 1692 publico

163 1707 405 1757 baptizemus.

217 1771 318 1808 Quin
356 1778 389 1808 et
426 1771 496 1807 hoc
534 1770 718 1815 docemus,
744 1771 928 1821 pertinere
954 1770 992 1807 id
1021 1770 1067 1807 ad
1097 1770 1263 1807 debitum
1292 1774 1401 1821 atque
1430 1770 1589 1807 officium
1616 1770 1688 1807 mi-

163 1836 364 1873 nistrorum
408 1835 447 1872 in
484 1835 651 1872 Ecclesia
690 1835 840 1880 Christi,
874 1840 916 1872 ut
951 1848 1079 1873 omncs
1118 1835 1320 1885 baptizent,
1357 1835 1403 1872 ad
1451 1848 1689 1885 quoscunque

162 1905 395 1949 pcccatorum
431 1899 685 1936 remissionem
721 1901 760 1936 in
798 1899 1004 1948 Euangelio
1042 1900 1240 1937 revelatam
1269 1912 1332 1950 per
1359 1899 1531 1936 meritum
1558 1899 1689 1936 mortis

164 1963 302 2001 Christi
344 1963 527 2014 pertinere
564 1963 698 2009 sciunt,
734 1963 810 2000 sive
846 1964 920 2001 51111
958 1963 1086 2008 adulti,
1127 1964 1204 2001 sive
1237 1963 1413 2009 infantes,
1451 1963 1527 2001 sive
1557 1976 1691 2007 mares,

164 2029 239 2066 sive
275 2029 470 2072 foeminae,
498 2028 573 2065 sive
601 2028 763 2074 barbari,
790 2029 867 2066 sive
894 2029 1028 2077 graeci,
1057 2029 1239 2079 siquidem
1272 2028 1486 2065 concredito
1516 2028 1588 2065 sibi
1615 2028 1688 2065 Ec-

165 2092 294 2129 clesiae
339 2092 544 2129 ministerio
578 2092 735 2130 fideliter
771 2093 876 2141 fungi
914 2094 1056 2131 volunt.
1111 2093 1171 2136 Et,
1209 2093 1523 2143 quemadmodum
1557 2092 1689 2130 Petrus

165 2155 365 2204 Apostolus
401 2168 535 2203 negare
571 2168 609 2192 se
646 2168 720 2192 non
759 2169 867 2206 posse
902 2158 1058 2194 affirmat
1094 2170 1211 2207 aquae
1251 2157 1476 2207 baptismum
1512 2157 1568 2202 iis,
1595 2170 1690 2207 quos

166 2219 315 2268 spiritus
353 2225 502 2257 sanctus
539 2220 717 2258 descensu
753 2234 819 2258 suo
858 2221 904 2258 ad
934 2222 1123 2259 Christum
1152 2222 1236 2270 (fol.
1268 2219 1353 2269 83¹²)
1382 2221 1453 2258 iam
1484 2221 1686 2258 Dominum

167 2282 345 2331 pertinere
388 2284 605 2329 testabatur,
648 2285 700 2322 ita
747 2289 782 2322 et
817 2287 945 2334 negari
984 2287 1207 2336 baptismum
1254 2286 1464 2323 infantibus
1492 2285 1691 2330 ‚Ecclesiae

167 2356 240 2380 non
269 2358 375 2394 posse
402 2346 559 2385 dicimus
588 2362 607 2384 a
636 2349 816 2386 ministris
844 2349 1017 2387 fidelibus
1045 2351 1085 2386 in
1115 2350 1283 2387 Ecclesia
1313 2349 1463 2393 Christi,
1490 2362 1583 2399 quos
1612 2362 1690 2386 cer-

167 2415 239 2443 tam
277 2408 415 2457 alioqui
452 2422 532 2446 011111
571 2411 717 2449 Christo
757 2412 918 2450 Domino
968 2414 1270 2451 communionem
1306 2414 1441 2451 habere
1478 2413 1615 2450 scimus
1651 2413 1690 2451 in

167 2483 318 2520 corpore
346 2478 380 2507 et
409 2473 587 2521 sanguine
614 2475 741 2525 ipsius.

218 2533 409 2571 Habemus
437 2536 549 2583 igitur
576 2543 610 2575 et
638 2539 675 2576 in
706 2540 877 2590 baptismi
905 2542 1157 2585 Sacramento,
1184 2541 1408 2592 baptismum
1436 2553 1514 2578 csse
1535 2539 1688 2577 ordina-

167 2598 304 2634 tionem
342 2597 409 2634 Dei
446 2600 605 2648 positum
632 2602 671 2639 in
701 2603 906 2641 ministerio
936 2605 1136 2652 Ecclesiae,
1165 2607 1217 2643 sic
1244 2611 1286 2643 ut
1314 2605 1359 2642 ad
1388 2611 1506 2643 totam
1536 2605 1689 2641 omnino

168 2661 305 2699 Christi
343 2661 546 2699 Ecclesiam
583 2667 777 2718 omniaque
813 2671 978 2707 membra
1018 2671 1117 2708 illius
1154 2672 1348 2722 pertineat,
1376 2678 1559 2720 quatenus
1587 2670 1689 2707 nulla

164 2727 237 2763 iam
263 2726 399 2776 pluries
428 2727 607 2766 dictarum
636 2733 892 2781 exceptionum
921 2736 1138 2774 intercedat.

216 2791 293 2827 Iam
332 2791 431 2840 quod
460 2792 504 2828 acl
534 2793 678 2839 signum
708 2796 745 2832 in
774 2797 957 2847 baptismo
986 2801 1133 2845 attinet,
1160 2802 1196 2838 id
1229 2801 1337 2838 nobis
1368 2814 1386 2838 a
1416 2800 1560 2837 Ioanne
1587 2799 1688 2849 Bap-

164 2853 250 2891 tista
289 2856 567 2908 comprobatum
607 2858 795 2905 habemus,
833 2876 963 2914 nempe
1000 2865 1210 2903 ordinatam
1240 2865 1418 2903 divinitus
1446 2877 1562 2915 aquae
1589 2863 1688 2901 tinc-
