1818 3178
185 88 257 124 550
834 93 892 120 ΕΡ.
924 93 1068 122 ΒΟΟΤΒ.

184 196 221 235 in
257 210 298 234 ea
335 208 468 246 corpus
505 197 540 231 et
579 192 731 242 sanguis
767 192 884 243 ipsius
920 193 1007 243 pani
1044 198 1080 230 et
1117 194 1202 231 vino
1232 196 1451 234 naturaliter
1478 208 1521 233 ac
1559 195 1707 233 realiter

186 264 456 299 connectantur
483 262 595 309 atque
622 258 714 296 adeo
743 257 851 295 etiam
880 257 1135 295 includantur.
1190 258 1234 296 Id
1264 260 1295 297 si
1322 260 1521 305 docebunt,
1549 260 1709 301 libenter

188 326 248 363 hic
285 338 353 362 nos
394 323 622 361 traderemus
650 327 714 359 aut
741 336 761 359 a
791 326 920 359 nostra
949 322 1127 360 societate
1155 323 1434 363 excluderemus
1462 325 1617 370 omneis,
1644 325 1710 376 qui

187 404 207 427 a
235 388 345 427 nobis
371 387 440 424 hac
468 387 650 425 duntaxat
677 386 716 423 in
743 391 847 437 parte
875 385 1129 424 dissentirent.
1172 386 1238 424 Sin
1267 387 1401 433 minus,
1430 402 1494 426 cur
1524 389 1583 426 hic
1610 389 1709 439 quod

187 466 264 491 non
301 452 527 502 accepimus,
563 450 793 488 traderemus
821 454 885 486 aut
912 463 933 486 a
961 454 1089 487 nostra
1118 449 1297 487 societate
1324 452 1603 490 excluderemus
1631 465 1710 489 om-

186 515 276 559 neis,
304 513 368 565 qui
395 528 415 550 a
444 513 555 550 nobis
585 513 652 549 hac
682 512 864 550 duntaxat
890 511 931 550 in
959 516 1063 562 parte
1092 511 1361 550 dissentirent?
1416 514 1525 552 Certe
1553 527 1636 552 cum
1664 527 1708 553 ex

187 589 324 614 coenae
344 575 464 612 verbis
485 574 608 612 doceri
628 573 665 610 id
689 577 788 610 certo
809 586 886 610 non
904 573 1022 624 possit
1042 573 1373 623 (quemadmodum
1396 585 1481 612 mox
1501 575 1712 626 apparebit)

187 646 222 679 et
251 641 343 678 nihil
379 644 566 691 praeterea
599 640 637 676 in
675 638 870 689 scripturis
898 642 1030 683 exstet,
1056 638 1156 688 quod
1184 638 1230 675 ad
1266 638 1456 676 doctrinae
1483 639 1592 677 huius
1622 653 1712 677 con-

187 705 432 742 firmationem
471 702 738 754 quoquomodo
774 703 900 748 faciat,
929 716 996 740 nos
1027 715 1200 751 magnum
1230 703 1268 740 in
1296 703 1360 740 illa
1387 709 1618 741 momentum
1643 717 1712 755 po-

188 770 351 807 nendum
397 782 472 806 non
518 781 598 805 esse
642 772 827 818 putamus,
872 767 1091 818 praesertim
1139 780 1222 804 cum
1259 771 1295 805 et
1332 768 1447 805 multa
1485 768 1639 806 dissidia
1675 768 1711 806 in

186 833 355 871 Ecclesia
390 832 571 884 pepererit
608 832 786 870 hactenus
824 836 859 870 et
897 845 1046 869 causam
1084 831 1286 881 Euangelii
1326 833 1424 883 apud
1452 833 1554 870 illius
1582 832 1713 870 adver-

187 898 304 936 sarios
339 896 560 947 gravissime
597 895 803 934 infamarit.
858 895 971 933 Mitto
1001 896 1063 933 hic
1091 896 1258 946 corporis
1286 901 1322 934 et
1350 896 1544 946 sanguinis
1573 896 1715 934 Christi

185 962 404 1000 immensam
440 961 542 998 illam
581 965 896 1010 πκντειχσυσὶκν,
934 974 1006 1011 qua
1049 973 1124 998 non
1162 961 1308 999 tollitur
1345 962 1465 999 solum
1512 961 1711 1000 discrimen

186 1040 296 1065 omne
332 1039 437 1063 escae
465 1025 670 1076 spiritualis
708 1038 727 1062 a
755 1024 898 1076 reliquo
928 1024 1099 1062 ciborum
1126 1038 1274 1075 genere,
1301 1025 1364 1063 sed
1391 1025 1471 1076 ipsa
1499 1026 1608 1063 etiam
1638 1025 1715 1063 veri

186 1091 223 1128 in
253 1090 403 1128 Christo
432 1088 597 1126 hominis
626 1089 723 1126 ratio
751 1088 933 1126 aboletur.
981 1089 1093 1126 Mitto
1121 1089 1375 1140 prodigiosam
1405 1089 1712 1139 imaginationem

185 1170 228 1196 ac
247 1154 721 1199 transsubstantiationem,
748 1154 870 1191 omnis
892 1154 1095 1205 papisticae
1114 1154 1348 1192 idololatriae
1367 1159 1570 1204 parentem.
1601 1154 1713 1192 Mitto

184 1225 220 1259 et
247 1219 565 1258 abominationem
594 1218 697 1255 illam
724 1218 898 1255 translati
926 1218 971 1254 ad
1001 1218 1172 1267 symbola
1201 1218 1291 1256 haec
1318 1217 1570 1268 propitiatorii
1597 1219 1712 1256 sacri-

185 1286 260 1323 ficii
298 1290 408 1336 atque
444 1284 489 1321 ad
529 1283 632 1321 vivos
670 1283 816 1320 demum
854 1282 991 1333 pariter
1025 1296 1068 1320 ac
1097 1288 1265 1321 mortuos
1293 1288 1470 1333 quaestus
1498 1284 1620 1333 gratia
1647 1297 1710 1335 ap-

184 1349 322 1401 plicati.
377 1349 482 1386 Haec
510 1348 637 1385 omnia
666 1360 741 1384 non
770 1347 921 1384 aliunde
949 1347 1060 1385 nobis
1089 1354 1168 1385 orta
1207 1351 1306 1390 sunt,
1334 1361 1444 1398 quam
1471 1348 1571 1398 quod
1599 1349 1711 1399 pleri-

183 1427 254 1465 que
281 1413 384 1450 aliud
413 1412 486 1450 sibi
514 1412 665 1462 quidvis
691 1411 732 1448 in
759 1411 829 1448 hae
859 1424 995 1449 coenae
1023 1411 1235 1449 dominicae
1264 1425 1387 1458 causa,
1416 1425 1527 1463 quam
1557 1411 1712 1450 Domini

182 1477 299 1529 ipsius
336 1476 610 1515 institutionem
649 1475 800 1526 eiusque
837 1477 947 1513 finem
977 1475 1217 1527 praecipuum
1248 1475 1471 1513 intuendum
1499 1489 1578 1514 esse
1603 1481 1712 1527 puta·

183 1547 284 1580 runt.
314 1543 400 1589 (49)
455 1541 536 1577 Nos
563 1540 680 1589 igitur
708 1552 859 1576 coenam
890 1539 1042 1577 Domini
1071 1553 1146 1578 non
1175 1541 1327 1578 aliunde
1367 1541 1573 1583 metiemur.
1601 1554 1712 1590 quam

184 1607 230 1645 ab
269 1620 310 1644 eo
344 1608 419 1643 fine
459 1605 706 1656 potissimum,
742 1605 788 1642 ad
826 1618 934 1655 quem
963 1606 1111 1656 proprie
1140 1606 1351 1643 institutam
1381 1619 1459 1643 esse
1486 1605 1603 1656 ipsius
1632 1605 1709 1643 Do-

184 1671 276 1709 mini
313 1670 424 1707 verba
462 1673 660 1713 testantur,
695 1682 739 1707 ae
775 1669 906 1707 defixis
942 1669 981 1706 in
1020 1670 1126 1706 illum
1165 1669 1297 1714 oculis,
1334 1669 1371 1707 id
1400 1673 1547 1707 tantum
1578 1682 1712 1707 coenae

183 1737 404 1779 tribuemus,
440 1734 539 1785 quod
577 1734 623 1772 ad
666 1747 749 1771 eum
777 1734 899 1784 ipsum
928 1735 1038 1771 finem
1069 1734 1118 1771 ad
1144 1747 1252 1784 quem
1283 1733 1432 1784 proprie
1459 1733 1633 1771 instituta
1660 1737 1716 1771 est

185 1801 276 1839 citra
314 1798 606 1837 controversiam
643 1798 859 1848 pertinebit.
915 1797 1090 1835 Testatur
1118 1803 1241 1835 autem
1274 1797 1455 1835 Dominus
1482 1797 1561 1849 ipse
1589 1798 1713 1836 verbis

183 1865 335 1903 minime
364 1862 547 1909 obscuris,
574 1875 684 1914 quam
714 1862 762 1898 ob
788 1875 933 1899 causam
963 1862 1201 1912 potissimum
1231 1875 1382 1900 coenam
1413 1862 1510 1900 hanc
1529 1875 1631 1900 suam
1651 1862 1711 1900 in-

184 1931 360 1975 stituerit,
396 1942 527 1980 nempe
560 1933 601 1965 ut
637 1931 733 1965 esset
770 1927 828 1965 sui
856 1927 953 1978 apud
982 1940 1050 1964 nos
1079 1927 1358 1965 reminiscentia
1387 1927 1465 1965 sive
1491 1927 1713 1966 recordatio.

187 2013 204 2030 a
220 1996 306 2033 Hoc
333 1994 470 2032 facite''
498 1993 620 2044 inquit
651 1992 721 2030 nin
749 1992 820 2029 mei
848 1991 1184 2030 recordationem‘'.
1222 1992 1326 2029 Idem
1355 2005 1466 2043 porro
1493 1996 1651 2030 testatur
1677 1996 1713 2030 et

183 2060 319 2098 Paulus
356 2062 525 2109 repetens
563 2056 734 2105 magistri
771 2056 828 2094 sui
865 2055 974 2093 verba
1013 2060 1048 2094 et
1084 2056 1188 2093 addit
1224 2070 1303 2094 eam
1340 2056 1458 2107 ipsam
1497 2056 1637 2094 Christi
1672 2057 1711 2094 in

184 2138 299 2162 coena
336 2137 401 2161 sua
439 2121 752 2160 reminiscentiam
783 2125 953 2158 constare
982 2120 1219 2171 potissimum
1255 2121 1387 2158 mortis
1415 2121 1474 2159 sui
1499 2121 1712 2159 considera-

183 2189 296 2226 tione.
328 2188 445 2225 Vocat
473 2186 570 2223 enim
601 2198 754 2222 coenam
774 2185 904 2222 mortis
924 2185 1134 2223 dominicae
1161 2191 1482 2236 καταγγελεῖαιν,
1509 2186 1614 2222 cuius
1643 2198 1711 2223 nos

182 2252 322 2303 alioqui
348 2252 594 2288 admonerent
622 2250 734 2287 etiam
763 2253 909 2300 sumpta
939 2249 1135 2300 separatim
1159 2250 1325 2300 corporis
1344 2253 1380 2287 et
1400 2249 1595 2299 sanguinis
1611 2263 1710 2300 sym-

185 2317 282 2355 bola.
313 2316 444 2367 Neque
473 2328 557 2352 vero
589 2314 677 2352 haec
707 2313 847 2351 Christi
876 2313 1029 2350 Domini
1056 2314 1333 2352 reminiscentia
1362 2318 1425 2352 aut
1452 2314 1583 2352 mortis
1610 2314 1711 2352 illius

183 2381 442 2419 rememoratio
480 2379 653 2417 consistit
681 2378 717 2416 in
749 2378 928 2416 historica
958 2378 1140 2416 duntaxat
1170 2378 1299 2416 mortis
1328 2392 1415 2416 suae
1442 2379 1712 2425 recordatione,

183 2447 247 2485 sed
284 2446 324 2484 in
360 2445 482 2483 meriti
518 2445 643 2496 potius
681 2456 724 2481 ac
752 2443 899 2481 virtutis
928 2443 1028 2481 illius
1056 2443 1116 2494 pia
1146 2444 1316 2493 diligenti
1345 2448 1380 2481 et
1406 2444 1558 2482 minime
1586 2444 1710 2482 ociosa

182 2511 428 2562 reputatione,
464 2523 596 2560 nempe
631 2513 800 2547 nostrum
836 2522 914 2546 esse
950 2508 1022 2545 iam
1060 2508 1097 2545 id
1135 2513 1254 2546 totum
1293 2509 1392 2559 quod
1420 2509 1497 2560 ipse
1532 2509 1573 2546 in
1602 2522 1710 2547 carne

183 2580 325 2620 nostra,
358 2574 498 2612 tradito
535 2573 709 2611 videlicet
744 2573 782 2610 in
819 2577 977 2610 mortem
1015 2586 1169 2624 corpore
1197 2572 1386 2624 effusoque
1413 2573 1499 2610 item
1528 2572 1711 2621 sanguine

184 2653 266 2684 suo,
303 2639 413 2677 nobis
451 2637 728 2690 promeruisset,
765 2637 1070 2688 quandoquidem
1109 2637 1140 2675 is
1177 2651 1243 2688 pro
1273 2638 1383 2676 nobis
1410 2638 1574 2689 pertulit,
1601 2638 1709 2688 quid·

182 2704 274 2756 quid
301 2704 454 2741 omnino
483 2702 647 2753 pertulit,
675 2707 710 2739 et
737 2701 1052 2752 quemadmodum
1090 2702 1304 2753 iniquitates
1341 2707 1487 2740 nostras
1515 2715 1644 2740 omnes
1671 2703 1709 2740 in

182 2785 219 2809 se
256 2769 392 2820 recepit
427 2782 491 2820 per
527 2772 683 2805 naturae
719 2768 869 2804 nosti-ae
905 2766 1240 2817 participationem,
1276 2767 1328 2804 ita
1365 2779 1513 2804 suorum
1545 2766 1709 2805 vicissim

182 2835 350 2874 omnium
371 2832 668 2871 communionem
692 2832 801 2869 nobis
821 2831 977 2869 donavit
994 2830 1032 2869 in
1052 2831 1217 2882 corporis
1237 2835 1273 2870 et
1291 2830 1485 2880 sanguinis
1506 2839 1712 2884 μετουσίᾳ,
