1818 3178
1515 91 1588 128 383

56 211 155 246 certa
199 207 238 244 in
275 205 393 244 Deum
439 204 572 244 fidncia
619 217 700 242 cum
748 203 841 242 seria
886 203 966 254 opis
1019 216 1105 241 suae
1145 202 1293 240 divinae
1327 201 1590 253 imploratione

58 271 313 323 exsequamini
356 274 392 307 et
435 269 643 322 praestetis.
708 269 793 306 Scio
841 268 979 306 bonam
1023 267 1166 305 ordinis
1203 266 1317 305 vestri
1354 269 1495 317 partem
1542 265 1588 302 ab

61 336 269 387 Aposoopis
314 333 538 385 quibusdam
583 333 771 384 occupari,
815 332 880 384 qui
917 332 1067 369 interim
1111 345 1178 382 pro
1229 331 1425 382 Episeopis
1461 329 1590 367 haberi

60 402 200 438 volunt.
269 399 342 436 Sed
387 402 422 437 et
458 397 554 435 inter
593 410 655 434 eos
693 410 798 447 spero
840 409 932 441 esse,
977 396 1041 447 qui
1075 396 1254 433 lucrifieri
1288 395 1447 446 possint,
1483 406 1589 444 prae·

60 466 186 504 sertim
232 464 262 501 si
301 463 462 507 videant,
511 476 586 500 non
633 468 710 499 tam
749 461 806 499 sui
852 461 952 505 odio,
999 474 1109 511 quam
1154 460 1429 511 promovendae
1464 458 1588 509 potius

61 528 200 566 Christi
227 528 367 577 gloriae
395 527 518 565 studio
548 526 672 564 omnia
699 526 791 575 geri.
839 525 920 575 Ego
950 525 1050 562 enim
1077 525 1145 563 etsi
1173 525 1333 563 abusum
1360 525 1524 562 nominis
1552 525 1591 562 in

58 594 133 631 illis
170 592 341 643 improbo
379 605 423 630 ae
460 591 554 629 nihil
591 591 715 628 minus
752 604 862 641 quam
901 590 1110 640 Episcopos
1151 604 1230 628 esse
1259 595 1395 635 statuo,
1422 590 1592 627 homines

60 664 183 696 tamen
226 657 340 708 ipsos,
376 657 467 693 mihi
499 655 718 707 praesertim
754 655 981 704 incognitos,
1015 655 1107 692 adeo
1146 668 1223 693 non
1260 655 1335 700 odi,
1371 660 1410 693 ut
1446 669 1504 692 me
1540 655 1592 693 eis

63 735 231 773 euperem
265 722 441 772 prodesse
476 723 693 772 pos-(97)se
720 734 787 771 pro
816 720 995 758 tenuitate
1022 733 1116 766 mea,
1143 727 1325 771 quatenus
1355 734 1441 758 sane
1471 720 1591 757 seien-

60 794 115 825 tes
152 800 194 824 ae
233 788 396 824 volentes
433 800 547 836 regno
587 786 726 823 Christi
760 785 915 823 Domini
951 799 1029 823 non
1064 785 1290 829 resisterent,
1318 786 1448 836 siquo
1479 785 1588 822 modo

59 857 94 889 et
130 852 202 902 ipsi
237 852 276 889 in
315 851 412 889 viam
449 851 616 889 revocari
653 854 806 901 queant.
859 850 919 887 Ita
957 855 991 887 et
1029 864 1049 887 a
1086 850 1193 887 vobis
1221 849 1402 888 rationem
1430 850 1594 895 illorum,

63 917 154 954 citra
182 916 324 953 Christi
349 915 501 953 interim
530 914 806 958 contumeliam,
831 914 960 951 haberi
987 914 1161 965 optarim,
1188 920 1370 965 quatenus
1400 927 1487 952 sane
1517 927 1593 951 non

61 981 151 1018 dant
179 981 300 1018 adhue
326 981 442 1017 ullam
468 979 701 1018 manifestam
731 978 995 1016 obstinationis
1024 991 1111 1015 suae
1139 978 1466 1027 significationem.
1514 978 1593 1015 Qui

61 1059 146 1083 vero
182 1046 391 1095 praefracto
429 1043 688 1094 destinatoque
723 1042 880 1080 consilio
911 1041 1009 1079 caeci
1039 1055 1233 1079 caecorum
1261 1042 1373 1079 duces
1402 1055 1480 1079 esse
1507 1055 1594 1092 per-

61 1115 168 1158 gunt,
197 1109 239 1146 de
267 1109 312 1146 iis
340 1107 441 1145 aliud
468 1120 546 1145 non
576 1107 708 1152 dicam,
736 1119 856 1157 quam,
876 1105 975 1156 quod
1005 1106 1178 1143 Christus
1207 1106 1391 1143 Dominus
1420 1105 1464 1143 de
1490 1105 1594 1156 ipso-

63 1188 145 1212 rum
181 1172 384 1211 maioribus
419 1172 532 1209 dixit:
574 1171 693 1208 Sinite
729 1171 815 1208 illos
852 1183 991 1220 vosque
1026 1170 1073 1207 ab
1110 1170 1185 1207 illis
1230 1169 1353 1218 (iuxta
1390 1169 1522 1207 Esaiae
1559 1174 1594 1207 et

63 1239 167 1277 Pauli
204 1238 430 1279 doctrinam)
464 1237 504 1274 in
532 1236 706 1273 omnibus
736 1235 880 1280 vestris,
908 1235 953 1272 de
979 1235 1162 1284 religione
1189 1234 1440 1285 potissimum,
1470 1234 1593 1270 eonsi-

61 1305 122 1342 liis
159 1305 312 1341 omnino
341 1303 530 1353 separetis,
558 1315 605 1340 ne
634 1315 698 1339 vos
725 1314 943 1353 poenarum,
970 1314 1064 1352 quae
1089 1301 1176 1338 illos
1203 1304 1367 1347 manent,
1395 1300 1593 1351 participes

62 1368 278 1419 vosmetipsi
305 1367 464 1405 faciatis.

112 1434 213 1471 Deus
259 1432 347 1483 Opt.
396 1432 498 1470 Max.
546 1430 718 1482 respiciat
763 1443 828 1468 vos
875 1443 1003 1468 omnes
1049 1434 1243 1480 totamque
1288 1429 1379 1467 adeo
1426 1433 1594 1467 nostram

60 1499 219 1550 patriam
266 1497 382 1534 oculis
432 1509 518 1534 suae
555 1495 703 1533 divinae
735 1494 1014 1532 misericordiae
1056 1498 1207 1545 propter
1265 1494 1371 1531 unice
1416 1493 1593 1531 dilectum

65 1563 203 1601 Filium
240 1576 360 1606 snum,
388 1561 454 1612 qui
484 1574 561 1598 non
595 1560 719 1597 minus
746 1572 814 1611 pro
843 1563 970 1597 nostra
998 1564 1121 1608 gente,
1149 1572 1262 1610 quam
1287 1572 1354 1609 pro
1383 1558 1478 1605 aliis,
1506 1572 1592 1596 san-

65 1628 218 1678 guinem
255 1640 362 1663 suum
399 1625 750 1663 innocentissimum
777 1624 932 1662 fundere
961 1637 1037 1661 non
1066 1623 1264 1661 dubitavit.
1319 1623 1593 1674 Largiaturque

67 1691 173 1729 vobis
227 1690 405 1742 Spiritum
464 1693 634 1727 sanctum
666 1702 783 1737 *suum
826 1689 865 1726 in
911 1687 1042 1726 vestris
1087 1687 1266 1733 consiliis,
1319 1692 1358 1725 ut
1402 1687 1470 1725 sub
1516 1692 1594 1726 tam

66 1756 266 1807 conspicua
294 1755 544 1806 pa·(98)triae
571 1757 721 1792 nostrae
750 1753 976 1799 visitatione,
1003 1766 1096 1803 quae
1124 1753 1171 1790 ad
1199 1753 1397 1801 salutarem
1423 1753 1525 1790 illam
1554 1753 1593 1791 in

67 1821 217 1860 Christo
255 1819 417 1857 Domino
454 1832 583 1870 pacem
620 1818 776 1863 faciunt,
813 1822 972 1856 statuere
1008 1818 1106 1855 inter
1144 1830 1210 1855 vos
1236 1831 1303 1868 per
1329 1818 1406 1855 eius
1433 1817 1594 1867 gratiam

64 1886 228 1938 possitis,
256 1898 301 1923 ne
329 1898 403 1936 quo
432 1884 543 1922 modo
572 1885 637 1921 fiat
665 1883 824 1929 demum,
852 1887 905 1928 ut,
933 1896 1027 1934 quae
1053 1882 1130 1920 ullo
1160 1883 1271 1920 modo
1299 1882 1345 1920 ad
1373 1896 1454 1920 eam
1474 1882 1594 1934 ipsam

66 1964 194 2003 pacem
238 1948 393 1987 omnino
438 1948 639 2000 pertinent,
674 1952 708 1985 et
744 1962 765 1984 a
798 1947 931 1985 vestris
968 1947 1135 1998 ipsorum
1173 1950 1209 1984 et
1245 1960 1266 1984 a
1302 1947 1418 1985 totius
1453 1947 1596 1997 patriae

67 2016 185 2054 oculis
231 2014 350 2066 (quod
384 2014 520 2061 absitl)
555 2013 653 2050 iusto
691 2012 761 2051 Dei
805 2012 944 2050 iudicio
981 2011 1275 2050 abscondantur.
1331 2013 1488 2061 Ayertat
1524 2012 1596 2049 hoe

67 2081 207 2119 malum
248 2093 268 2118 a
306 2079 412 2118 vobis
449 2078 636 2116 Dominus
671 2090 739 2128 pro
777 2090 842 2114 sua
881 2077 1049 2115 bonitate
1076 2089 1119 2113 ac
1145 2075 1414 2122 misericordia,
1443 2075 1502 2113 eui
1530 2089 1596 2113 vos

68 2151 104 2184 et
140 2150 257 2183 totam
295 2143 454 2195 patriam
483 2142 636 2193 supplex
665 2141 898 2188 commendo,
923 2163 974 2170 -—
1001 2145 1048 2186 et,
1075 2154 1168 2192 quae
1195 2154 1262 2191 pro
1292 2154 1372 2178 mea
1400 2140 1438 2178 in
1469 2153 1533 2178 vos
1560 2146 1596 2179 et

67 2209 225 2261 patriam
264 2212 432 2246 nostram
468 2206 542 2244 fide
578 2211 689 2257 atque
724 2205 962 2244 observantia
989 2205 1104 2243 libere
1131 2218 1175 2242 ao
1204 2205 1433 2244 confidenter
1462 2205 1597 2251 scribo,

67 2275 157 2313 boni
187 2273 381 2319 consulite,
408 2285 486 2311 oro.
542 2271 690 2309 Quodsi
719 2285 790 2322 qua
819 2271 856 2308 in
871 2281 924 2309 “re
951 2284 1100 2321 operam
1128 2273 1315 2321 praeterea
1345 2270 1450 2307 vobis
1477 2283 1597 2308 meam

69 2340 150 2380 usui
185 2352 264 2377 esse
297 2351 404 2390 posse
442 2337 674 2386 intelligatis,
712 2350 753 2374 ea
789 2335 895 2374 vobis
923 2349 988 2386 pro
1018 2349 1098 2373 mea
1125 2334 1306 2372 tenuitate
1333 2337 1369 2372 et
1395 2334 1478 2385 plus
1507 2335 1597 2372 satis

67 2405 209 2456 alioqui
244 2404 318 2442 iam
352 2403 487 2440 afflicta
523 2401 735 2440 valetudine
775 2414 969 2452 nunquam
996 2405 1050 2438 est
1080 2401 1264 2439 defutura.
1319 2400 1503 2439 Dominus
1533 2414 1597 2440 vos

69 2475 189 2508 servet
216 2472 320 2518 regat
348 2471 384 2506 et
411 2467 591 2505 fortunet.
628 2469 762 2504 Amen.

118 2533 370 2581 Francoforti,
395 2533 463 2571 ult.
493 2531 669 2571 Decemb.
698 2532 811 2569 Anno
840 2533 950 2570 1555.
980 2531 1065 2580 (99)
