1818 3178
193 155 308 185 Lxxn
827 143 1070 174 PRAEFATIO.

198 258 387 301 favebant
423 262 462 297 et
500 252 697 296 sincerius
741 247 1078 298 assentiebantur,
1118 244 1283 301 impulit
1321 259 1416 286 eum
1448 251 1572 300 atque
1602 261 1694 302 per·

196 329 336 378 movit,
371 333 414 369 ut
442 325 584 367 saltem
615 322 664 364 de
692 321 919 378 praecipuo
950 319 1027 361 hoc
1058 317 1190 359 omnis
1221 315 1432 358 doctrinae
1462 322 1564 357 tunc
1594 322 1695 358 tem*

195 400 304 456 poris
343 398 444 446 loco,
487 394 612 436 libere
642 399 681 434 et
712 392 848 448 palam
880 405 997 432 suam
1028 388 1295 443 eloqueretur
1325 387 1569 428 sententiam
1602 386 1693 428 bre·

195 470 481 522 vissimamque
510 463 703 507 conderet
733 462 970 512 formulam,
1005 474 1110 515 quae
1142 458 1295 513 scripto
1316 458 1424 500 inter
1445 466 1695 515 symmystas

194 539 418 594 divulgata,
451 535 744 577 sententiarum
776 532 1053 574 diversitatem
1085 529 1183 570 mite
1213 527 1374 570 sedaret
1402 535 1443 570 et
1464 544 1697 585 compesce-

195 615 270 658 ret,
301 614 518 662 antequam
549 609 732 661 serperet
762 602 942 658 longius.
980 600 1046 643 Ne
1068 600 1150 641 suis
1180 606 1317 641 tamen
1350 600 1565 656 imponere
1586 600 1694 642 velle

192 678 360 734 collegis
389 691 616 731 eorumque
647 674 906 730 adstringere
935 671 1206 714 conscientias
1235 670 1460 720 videretur,
1481 672 1694 730 confessio-

191 751 251 792 nis
279 748 454 805 speciem
487 746 728 789 detrectavit
757 751 797 786 et
826 743 903 786 sub
933 742 1130 799 epistolae
1165 741 1380 784 cuiusdam
1421 742 1556 786 forma
1596 744 1689 786 doc-

191 819 340 861 trinam
373 833 488 860 suam
519 816 714 872 profitens
744 812 915 856 suadere
936 813 984 855 iis
1005 827 1132 868 quam
1152 811 1360 867 imperare
1384 811 1543 854 maluit.
1577 813 1694 855 Hinc

190 904 287 931 vero
317 890 358 930 in
398 888 523 930 Lasci
553 885 762 943 opusculis
808 883 1097 941 dignoscendis
1147 883 1253 924 mira
1283 882 1469 924 confusio
1499 890 1594 926 nata
1620 891 1694 927 est.

191 960 337 1012 Quum
377 959 486 1000 enim
518 957 779 1014 opusculum,
812 955 920 1010 quod
952 969 1096 1010 reapse
1127 953 1458 996 confessiuneula
1488 960 1606 1006 esset,
1639 954 1691 997 ob

187 1037 398 1073 externam
429 1030 603 1084 speciem
636 1027 795 1083 saepius
825 1025 902 1068 sub
933 1026 1127 1082 epistolae
1157 1024 1279 1066 titulo
1310 1025 1350 1066 in
1382 1024 1505 1067 Lasci
1527 1026 1691 1082 scriptis

187 1101 394 1151 citaretur,
436 1099 596 1155 saepius
626 1112 789 1153 quoque
820 1096 871 1138 ob
902 1101 1214 1152 argumentum,
1245 1094 1356 1151 quod
1385 1101 1548 1146 tractet,
1580 1095 1688 1138 dice·

187 1177 302 1214 retur
318 1170 427 1226 quod
444 1177 559 1216 esset,
581 1170 792 1211 moderatio
809 1168 1020 1218 doetrinae,
1040 1167 1079 1208 in
1103 1182 1195 1208 eum
1220 1166 1390 1209 modum
1413 1166 1490 1208 hac
1511 1167 1690 1210 nominis

186 1242 380 1284 varietate
399 1241 594 1296 impedita
616 1255 680 1282 res
702 1246 762 1281 est
788 1247 910 1294 atque
931 1237 1186 1294 perturbata,
1217 1245 1263 1280 ut
1294 1238 1456 1280 diversa
1487 1238 1689 1294 opuscula

186 1318 369 1367 spectare
398 1311 645 1360 viderentur,
678 1325 782 1365 quae
813 1309 862 1351 de
892 1324 977 1350 uno
1008 1310 1085 1350 hoc
1116 1308 1257 1351 libello
1288 1316 1685 1351 commemorentur.

240 1383 382 1425 Prima
422 1382 545 1424 huius
587 1381 774 1437 opusculi
822 1381 976 1422 mentio
1016 1380 1135 1422 nobis
1173 1380 1286 1423 adest
1315 1381 1358 1422 in
1390 1380 1578 1437 Epistola
1607 1381 1688 1423 hoc

185 1455 273 1509 ipso
303 1468 411 1494 anno
440 1452 490 1494 ad
522 1451 888 1506 Hardenbergium
922 1449 973 1492 ab
1002 1451 1026 1493 ἐι
1055 1450 1192 1493 Lasco
1222 1450 1333 1499 data,
1362 1451 1402 1492 in
1435 1466 1519 1507 qua
1548 1458 1691 1507 aperte

186 1524 301 1566 dicit:
352 1546 372 1570 u
391 1523 474 1566 Per
506 1523 703 1565 Ioannem
738 1522 908 1563 fratrem
942 1522 1059 1564 mitto
1090 1522 1164 1564 tibi
1194 1523 1396 1564 doetrinae
1426 1527 1584 1564 nostrae
1613 1537 1689 1564 mo·

189 1617 210 1643 η
233 1596 481 1643 demtionem,
514 1594 707 1636 Ecclesiis
737 1594 885 1635 nostris
916 1594 1170 1650 propositam
1204 1593 1245 1635 in
1277 1594 1353 1635 hac
1371 1593 1539 1635 causa.”
1559 1593 1590 1651 ¹)
1635 1593 1690 1636 Et

186 1667 372 1723 quamvis
401 1665 589 1722 paullum
620 1665 848 1707 intricatior
878 1665 928 1707 sit
959 1664 1087 1717 locus,
1120 1665 1201 1706 huc
1229 1672 1365 1707 tamen
1399 1680 1562 1720 quoque
1584 1665 1688 1707 refe-

187 1737 361 1780 rendum
407 1745 477 1786 est,
524 1737 632 1792 quod
663 1751 698 1779 a.
734 1735 842 1778 1555
874 1735 925 1777 ad
955 1736 1156 1778 Poloniae
1189 1736 1349 1792 Regem
1382 1735 1431 1778 de
1462 1736 1685 1787 Timanno,

187 1809 400 1850 Bremensi
445 1814 619 1863 pastore,
662 1806 826 1849 scribit:
863 1830 883 1855 n
904 1807 1018 1849 Ante
1050 1822 1179 1849 annos
1210 1807 1367 1861 aliquot
1488 1807 1692 1849 amicitiae

189 1901 209 1925 n
234 1877 365 1919 officia
396 1877 493 1918 mihi
526 1875 781 1918 familiariter
813 1875 1034 1926 deferebat,
1067 1877 1224 1918 etiamsi
1255 1891 1322 1917 me
1353 1876 1525 1918 eandem
1549 1876 1688 1932 plane,

191 1971 211 1995 η
236 1963 362 2003 quam
406 1955 444 1989 et
475 1961 586 1988 nunc
618 1946 824 2002 profiteor,
856 1946 1099 1999 doctrinam,
1132 1949 1174 1989 in
1205 1948 1337 1989 Frisio
1364 1963 1438 2000 per
1463 1948 1690 1989 decenni-um

190 2040 210 2065 η
231 2019 315 2060 fere
356 2017 570 2059 tradidisse
599 2032 679 2058 non
710 2016 941 2073 ignorabat,
976 2033 1022 2059 ac
1055 2050 1088 2060 ..
1107 2050 1116 2060 .
1148 2034 1306 2060 eausam
1336 2019 1690 2060 sacramentariam

191 2112 211 2137 η
234 2090 396 2131 interim
443 2103 672 2144 numquam
710 2089 878 2131 omnino
923 2090 1071 2145 attigit,
1115 2090 1233 2131 cuius
1263 2105 1344 2146 ego
1373 2096 1512 2132 tamen
1543 2092 1691 2131 brevem

191 2184 211 2208 η
234 2163 429 2216 quandam
460 2161 753 2213 descriptionem
784 2174 944 2202 summo
975 2167 1014 2202 et
1044 2161 1172 2216 ipsius
1202 2168 1242 2203 et
1273 2176 1365 2202 meo
1399 2161 1522 2203 etiam
1555 2161 1689 2202 amico

191 2253 212 2277 n
240 2233 309 2288 (sc.
363 2230 671 2287 Hardenberg.)
716 2230 879 2271 cuidam
917 2230 1181 2281 tradideram,
1226 2239 1349 2288 atque
1392 2231 1454 2274 illi
1484 2237 1687 2273 ostensam

194 2323 214 2349 ῃ
239 2301 360 2343 fuisse
400 2300 541 2356 puto.'’
575 2302 606 2356 ²)
669 2299 752 2344 Sex
793 2300 940 2342 dehinc
975 2301 1123 2358 elapsis
1163 2303 1282 2344 annis
1313 2303 1421 2359 typis
1450 2316 1689 2357 expressam

190 2372 296 2414 hanc
337 2373 630 2413 moderationem
661 2370 842 2412 Londini
873 2371 1008 2423 edidit,
1051 2388 1135 2415 una
1175 2388 1271 2415 cum
1312 2372 1554 2429 Bullingeri
1583 2372 1689 2414 eius-

192 2442 285 2484 dem
315 2442 548 2496 argumenti
580 2442 821 2483 tractatione
852 2442 926 2483 sub
957 2442 1035 2485 hoc
1064 2443 1202 2486 titulo:

246 2513 428 2565 Epistola
472 2513 666 2553 Ioannis
705 2512 731 2553 ἄ
774 2513 924 2555 Dasco
963 2520 1056 2556 ante
1103 2516 1409 2571 quinquennium
1440 2518 1496 2558 ad
1523 2516 1689 2558 amioum

189 2585 388 2640 quemdam
433 2585 596 2635 scripta,
638 2584 837 2625 continens
868 2585 909 2626 in
939 2601 979 2626 se
1007 2601 1191 2628 summam
1222 2589 1507 2631 controversiae
1540 2587 1691 2630 Coenae

191 2654 355 2695 Domini
375 2654 540 2695 breviler
569 2655 817 2707 explicatam.
858 2656 1022 2699 Dondinc'
1052 2661 1263 2701 excedebat
1290 2661 1510 2714 Stephanus
1529 2662 1689 2716 ,Myerd-

233 2826 256 2863 ¹)
284 2825 377 2856 Lisci
407 2825 515 2865 Opera,
542 2825 607 2856 Vol.
630 2826 671 2855 ll.
697 2837 725 2866 p.
749 2827 815 2858 609.

233 2879 258 2910 ²>
284 2879 411 2915 Ibidem,
437 2879 502 2911 Yol.
530 2880 569 2910 ll.
594 2890 621 2920 p.
646 2880 693 2911 522.
