1818 3178
738 85 796 112 Er.
826 85 968 114 DOCTR.
1552 79 1622 118 527

97 187 180 224 loco
210 186 385 232 habeant,
412 190 453 224 ut
481 200 522 224 ea
551 186 629 224 sola
657 187 756 225 velut
783 187 899 225 ariete
933 187 1098 238 quodam
1127 190 1257 226 nostra
1284 188 1400 227 sterni
1435 193 1631 228 momento-

97 262 206 301 posse
243 251 368 289 omnia
405 251 620 289 hauddubie
654 257 798 303 putent.
854 253 958 291 Quid
995 253 1055 291 hic
1088 253 1127 293 in
1164 266 1233 292 nos
1270 266 1347 292 non
1387 254 1566 301 dicerent,
1596 254 1627 291 si

99 328 180 354 cum
208 317 283 354 illis
309 316 356 354 ad
385 316 484 354 hunc
510 317 663 354 modum
691 323 1049 366 argumentaremur.
1110 318 1186 356 Ubi
1216 319 1315 357 enim
1344 319 1415 357 hoc
1446 319 1625 358 traditum

97 386 153 418 est
180 381 219 420 in
245 380 332 418 ullis
360 381 514 418 omnino
544 380 619 418 sive
648 382 764 420 sacris
793 382 869 419 sive
896 382 1099 435 prophanis
1127 382 1278 429 litteris,
1316 387 1354 421 ut
1390 396 1410 421 e
1451 383 1629 422 foeminei

96 459 206 483 sexus
240 445 455 485 conditione
492 446 708 484 universum
745 460 864 495 genus
908 447 1121 485 mortalium
1159 448 1358 486 aestimare
1395 448 1627 487 debeamus?

99 512 176 547 Ant
203 522 386 559 quaenam
417 510 505 548 haec
534 512 629 548 ratio
658 516 726 555 est,
754 515 794 549 ut
820 511 976 549 masculi
1003 512 1050 548 ab
1081 510 1137 549 his
1166 511 1341 550 omnibus
1369 512 1630 558 excludantur,

98 588 118 612 a
147 574 282 625 quibus
313 575 516 613 foemineae
545 576 602 613 vel
629 576 732 614 fuere
760 576 850 614 olim
879 577 934 614 vel
963 589 1065 614 nunc
1093 577 1169 614 sint
1183 577 1296 614 etiam
1317 577 1472 617 alienae.
1502 579 1629 624 Quod,

98 639 130 676 si
173 639 219 677 ad
257 639 357 677 hunc
395 640 548 678 modum
586 642 840 690 argumentari
875 641 982 686 libet,
1015 641 1185 692 equidem
1222 655 1291 679 nos
1325 642 1363 680 in
1402 644 1627 681 contrariam

95 707 238 754 partem
267 704 385 741 multo
414 704 570 742 solidius
597 703 942 753 argumentabimur
970 704 1283 755 ostendemusque
1320 705 1357 742 id
1393 706 1515 756 potius
1552 711 1628 743 sta-

95 767 277 804 tuendum
305 780 398 809 esse.
426 772 465 805 ut
493 767 539 805 ad
568 768 734 806 femellas
763 767 923 806 infantes
945 767 1152 819 baptismus
1171 769 1366 819 pertineat,
1385 767 1628 820 posteaquam

97 831 142 868 ad
181 832 365 869 masculos
401 830 566 869 infantes
603 831 693 869 olim
732 831 966 871 circumcisio
1003 832 1227 883 pertinebat,
1255 847 1367 884 quam
1397 839 1436 872 ut
1464 834 1628 873 inlantes

96 902 245 935 nostros
273 897 416 934 omneis
444 910 465 934 a
496 897 682 947 baptismo
710 900 906 948 propterea
937 911 1141 943 arceamus,
1162 899 1263 949 quod
1286 899 1520 938 circumcisio
1537 901 1625 939 olim

97 962 142 1000 ad
164 963 327 1001 infantes
349 962 541 1000 foemellas
563 976 638 1000 non
658 963 880 1013 pertinebat.
909 963 1076 1001 Primum
1095 964 1195 1002 enim
1213 965 1369 1016 aequius
1388 969 1456 1012 est,
1475 970 1516 1004 ut
1527 979 1626 1004 exeo

95 1026 194 1077 quod
223 1031 277 1064 est
305 1026 482 1071 nobilius,
509 1027 546 1064 id
575 1027 687 1065 etiam
714 1028 815 1078 quod
843 1032 898 1066 est
924 1028 1110 1067 infirmius
1129 1030 1380 1075 aestimemus.
1406 1033 1626 1082 praesertim

95 1093 127 1130 si
153 1091 200 1130 ad
228 1092 382 1129 eandem
411 1091 626 1130 societatem
654 1092 880 1143 pertineant.
935 1093 1080 1132 Deinde
1108 1095 1314 1146 scripturae
1341 1109 1491 1148 quoque
1519 1098 1626 1136 testi-

95 1156 223 1195 monio
261 1156 397 1194 scimus
436 1156 536 1194 Evae
572 1170 691 1207 neque
720 1156 937 1194 mandatum
965 1157 1081 1196 fuisse
1108 1158 1238 1197 datum
1265 1160 1383 1201 ullum
1413 1174 1532 1212 neque
1560 1162 1625 1200 de-

95 1221 311 1259 nunciatam
355 1222 486 1259 mortis
531 1221 644 1259 ullius
681 1221 1039 1268 interminationem,
1075 1227 1111 1261 et
1147 1230 1271 1263 tamen
1299 1238 1376 1263 non
1415 1226 1540 1264 minus
1581 1226 1629 1265 ad

95 1286 214 1325 Evam
249 1300 359 1337 quam
399 1286 446 1324 ad
482 1286 604 1337 ipsum
642 1286 829 1324 Adamum
858 1291 894 1324 et
921 1289 1174 1337 transgressio
1200 1289 1282 1340 ipsa
1311 1295 1346 1328 et
1372 1304 1475 1329 mors
1503 1298 1628 1330 trans·

91 1350 298 1400 gii-essionis
324 1363 446 1401 poena
474 1350 696 1401 pertinebat.
757 1351 904 1389 Scimus
933 1351 1020 1390 item
1049 1354 1389 1402 transgressionem
1417 1368 1493 1393 non
1522 1356 1626 1407 prius

94 1416 195 1454 Evae
222 1416 338 1454 fuisse
365 1415 413 1453 ad
443 1416 797 1455 condemnationem
826 1417 1064 1468 imputatam,
1091 1418 1238 1458 etiamsi
1264 1420 1369 1471 prior
1395 1421 1499 1472 lapsa
1519 1426 1627 1465 esset.

92 1494 204 1533 quam
233 1480 356 1518 Adam
384 1480 462 1530 ipse
488 1484 691 1530 peccasset.
749 1480 864 1518 Quod
892 1480 1066 1531 equidem
1094 1494 1136 1518 eo
1165 1481 1339 1532 pertinet,
1366 1487 1406 1520 ut
1433 1483 1625 1533 intelliga-

93 1558 174 1583 mus
211 1557 288 1583 non
317 1557 404 1583 sane
431 1557 450 1581 e
479 1544 730 1582 foeminarum
759 1544 978 1583 conditione
1006 1546 1204 1593 masculos,
1232 1546 1295 1583 sed
1326 1559 1345 1584 e
1373 1547 1622 1586 masculorum

92 1614 129 1648 ct
156 1609 371 1647 conditione
398 1614 434 1647 et
462 1609 631 1659 exemplo
659 1609 787 1659 potius
815 1609 1008 1647 foemellas
1036 1622 1166 1647 omnes
1195 1623 1274 1648 esse
1294 1610 1449 1648 omnino
1466 1612 1625 1650 metien-

92 1674 170 1713 das.
209 1674 259 1712 Et
295 1673 327 1712 si
363 1673 424 1711 hic
461 1673 564 1724 sequi
602 1674 772 1711 volumus
810 1673 887 1711 sive
915 1674 1099 1712 humanae
1126 1674 1283 1713 rationis
1312 1676 1389 1714 sive
1418 1677 1624 1728 scripturae

92 1738 276 1790 imprimis
297 1737 446 1776 divinae
474 1737 667 1783 iudicium,
703 1738 836 1789 quidni
854 1739 978 1789 potius
1006 1739 1199 1776 foemellas
1227 1752 1375 1790 quoque
1403 1740 1457 1778 ad·
1476 1741 1622 1792 baptis-

92 1816 193 1841 mum
219 1802 403 1853 pertinere
430 1801 610 1845 dicamus,
638 1815 722 1839 cum
751 1807 893 1840 certum
923 1802 1139 1840 mandatum
1166 1803 1211 1841 de
1238 1803 1442 1842 infantium
1461 1804 1620 1842 circum-

92 1867 232 1906 cisione
261 1867 477 1912 habeamus,
519 1880 631 1918 quam
656 1871 699 1905 ut
726 1867 892 1905 infantes
920 1880 1049 1905 omnes
1076 1868 1124 1905 ab
1154 1867 1340 1918 baptismo
1368 1868 1622 1915 excludamus,

89 1937 286 1983 propterea
323 1931 422 1983 quod
461 1932 655 1970 foemellae
690 1931 738 1969 ad
777 1931 1097 1970 circumcisionem
1135 1945 1210 1971 non
1240 1933 1483 1984 pertinerent.
1537 1934 1620 1971 Iam

91 2011 176 2036 cum
221 1996 476 2035 caeremoniae
519 1996 791 2047 propemodum
834 2009 964 2035 omnes
999 1996 1038 2034 in
1077 2001 1200 2035 vetere
1236 1998 1406 2036 Ecclesia
1447 2011 1618 2037 verorum

90 2067 295 2105 ἱιντίτυπει
331 2062 452 2100 adhuc
489 2067 606 2107 erant,
633 2061 949 2113 quemadmodum
977 2062 1115 2100 Paulus
1145 2062 1264 2109 docet,
1291 2063 1428 2101 mirum
1458 2076 1532 2102 non
1563 2068 1619 2102 est

89 2129 120 2166 si
156 2133 380 2179 temporum,
406 2128 577 2165 locorum
605 2131 640 2165 'et
666 2140 911 2177 personarum
941 2127 1159 2166 discrimina
1187 2128 1379 2166 observari
1406 2133 1488 2167 tum
1516 2129 1617 2169 Deus

88 2191 249 2237 volebat,
276 2196 319 2229 ut
344 2205 409 2242 per
436 2205 477 2229 ea
505 2204 600 2242 quae
627 2190 834 2228 umbratica
862 2191 986 2229 adhuc
1012 2195 1119 2229 erant
1146 2191 1193 2229 ad
1220 2192 1342 2229 lucem
1362 2193 1530 2230 veritatis
1548 2207 1617 2232 nos

88 2257 301 2295 adduceret.
330 2255 524 2307 Separavit
552 2255 702 2293 Levitas
730 2254 914 2293 Dominus
942 2255 1034 2293 olim
1061 2269 1080 2293 a
1109 2261 1188 2294 toto
1218 2256 1362 2308 reliquo
1391 2269 1458 2295 sno
1477 2259 1616 2309 populo

86 2322 125 2360 in
156 2321 346 2360 Ecclesiae
372 2319 633 2364 ministerium,
662 2332 738 2357 non
766 2319 868 2370 quod
896 2319 960 2356 alii
989 2332 1138 2371 quoque
1155 2321 1240 2369 (33)
1258 2320 1326 2358 Dei
1353 2322 1515 2372 populus
1530 2335 1615 2373 per-

87 2387 176 2425 inde
203 2391 313 2437 atque
339 2385 494 2423 Levitae
523 2384 595 2435 ipsi
623 2381 699 2422 non
729 2388 865 2428 essent,
893 2383 957 2422 sed
985 2384 1088 2434 quod
1116 2385 1188 2422 hoc
1205 2385 1375 2436 exemplo
1391 2385 1616 2425 adumbrare

86 2450 365 2503 quodammodo
403 2449 535 2494 voluit,
570 2448 763 2487 ministros
800 2462 888 2487 snae
915 2448 1106 2486 Ecclesiae
1133 2462 1154 2486 a
1182 2462 1220 2487 se
1248 2449 1442 2502 constitui,
1469 2450 1615 2488 etiamsi

85 2530 151 2568 per
179 2516 349 2553 homines
378 2514 636 2564 designentur.
691 2514 846 2565 Alioqui
873 2527 994 2565 neque
1023 2513 1303 2552 Melchizedech
1333 2520 1472 2553 certam
1499 2515 1613 2552 ullam

86 2581 265 2618 familiam
311 2579 522 2618 sacerdotio
561 2578 787 2617 destinatam
824 2578 987 2617 habebat
1022 2583 1057 2617 et
1093 2579 1243 2617 interim
1279 2584 1405 2619 tamen
1439 2581 1613 2619 sacerdos

86 2644 240 2683 Domini
266 2644 383 2682 fuisse
410 2643 562 2693 legitur.
614 2643 665 2681 Et
694 2655 796 2681 nunc
824 2643 854 2681 si
883 2643 928 2681 ad
958 2647 1097 2681 certam
1127 2644 1280 2682 domum
1307 2645 1460 2695 aliquod
1489 2658 1612 2683 sacer·

85 2708 227 2747 dotium
256 2708 490 2757 adstringere
520 2708 709 2751 vellemus,
736 2721 783 2746 an
812 2721 887 2746 non
916 2712 951 2746 et
980 2708 1238 2759 Apostolicam
1266 2709 1476 2747 doctrinam
1494 2709 1611 2747 viola-

84 2786 206 2811 remus
233 2773 454 2822 gravissime
481 2778 517 2810 et
547 2773 760 2811 universum
789 2772 898 2824 plane
925 2773 1176 2823 Euangelium
1203 2774 1332 2812 eadem
1360 2788 1471 2825 opera
1497 2774 1609 2813 etiam

82 2838 357 2885 subrueremus.
412 2838 577 2876 Rursum
614 2841 852 2890 praeceperat
888 2837 1086 2885 Dominus,
1114 2842 1155 2877 ut
1181 2840 1245 2891 qui
1274 2840 1429 2878 liberam
1458 2853 1610 2897 oppres-
