1818 3178
720 96 778 124 ΕΡ.
807 94 951 124 υοοτιι.
1541 85 1613 121 539

80 198 227 238 etiamsi
271 197 465 236 excludere
501 210 564 235 eos
599 196 647 234 ab
683 197 833 234 illorum
869 197 956 245 (41)
991 195 1283 248 participatione
1320 195 1423 233 nulla
1469 193 1614 232 ratione

89 264 249 316 possint.

136 326 252 366 Quod
286 338 371 363 vero
409 325 454 362 ad
491 325 751 375 mysteriorum
791 323 991 362 discrimen
1027 323 1198 361 ordinem
1233 326 1270 361 et
1298 321 1614 372 significationem

84 391 229 436 attinet,
272 388 312 426 id
354 388 483 439 paucis
529 401 770 439 exponemus,
811 400 855 425 ac
901 385 1102 425 discrimen
1146 386 1310 437 primum
1357 386 1524 437 ipsorum
1570 397 1614 422 ex

88 455 202 492 Paulo
247 457 427 505 petemus.
480 452 600 491 Docet
644 453 761 502 igitur
805 452 945 490 Paulus
988 451 1181 503 proposito
1221 449 1518 488 circumcisionis
1552 462 1618 487 ex-

87 519 223 570 emplo,
259 522 490 556 sacramenta
527 520 753 568 σφραγῖδεις
788 529 869 554 esse
905 521 1057 554 nostrae
1092 515 1132 553 in
1159 515 1320 563 gratiam
1348 513 1418 552 Dei
1445 518 1618 565 accepta-

90 583 217 628 tionis,
245 583 562 634 quemadmodum
591 587 677 620 ante
705 581 966 619 indicavimus.
1018 580 1139 617 Docet
1166 581 1300 617 iterum
1330 592 1399 617 nos
1428 578 1620 617 admoneri

91 648 334 686 sacramentis
361 647 567 685 officiorum
596 651 814 684 nostrorum
845 659 890 683 ex
918 644 1183 695 mysteriorum
1211 648 1356 689 natura,
1384 657 1478 695 quae
1497 655 1620 680 saera-

92 712 228 750 mentis
263 716 604 763 repraesentantur.
659 709 991 749 Quemadmodum
1028 709 1109 746 vult
1146 713 1186 746 ut
1222 721 1290 746 nos
1322 708 1433 745 corde
1461 707 1620 745 circum-

92 778 189 815 cisos
224 791 289 828 per
325 777 521 814 affectuum
558 775 853 814 moderationem
890 788 970 812 esse
997 779 1188 818 testemur,
1215 773 1520 824 quandoquidem
1549 773 1621 810 cir·

94 841 334 880 cumcisionis
371 846 604 879 sacramento
643 841 767 878 cordis
805 839 1040 878 circumcisio
1076 838 1385 884 adumbrabatur,
1426 838 1505 875 vult
1532 838 1621 875 item

93 910 133 944 ut
170 920 238 945 nos
275 912 407 944 mutuo
443 904 574 943 omnes
610 905 826 954 diligamus,
853 904 920 955 qui
949 904 1097 941 Coenae
1123 902 1347 940 Dominicae
1375 901 1553 951 mysterio
1582 902 1622 939 in

92 986 208 1011 unum
248 984 382 1022 corpus
419 984 488 1008 nos
527 971 707 1008 coaluisse
740 974 934 1007 testamur.
988 968 1047 1006 Ex
1083 967 1221 1019 quibus
1257 967 1366 1004 Pauli
1394 966 1623 1004 testimoniis

95 1037 204 1075 facile
240 1040 407 1088 apparet,
443 1036 517 1073 duo
545 1049 624 1073 esse
654 1036 692 1072 in
721 1034 966 1073 sacramentis
993 1032 1258 1083 mysteriorum
1286 1045 1435 1082 genera,
1464 1031 1623 1069 alterum

92 1116 220 1141 eorum
249 1102 287 1139 in
316 1114 475 1152 quorum
503 1100 576 1138 fide
603 1100 708 1138 iuxta
736 1099 1004 1151 promissiones
1032 1097 1279 1146 obsignamur
1306 1096 1420 1148 idque
1448 1098 1622 1147 σφραγι-

95 1172 204 1210 erm&
222 1169 252 1216 ¹)
279 1167 405 1204 vocari
434 1179 553 1217 posse,
584 1166 743 1203 alterum
772 1177 857 1202 vero
888 1166 1178 1213 παρκιυετικόν,
1205 1162 1306 1213 quod
1335 1175 1404 1199 nos
1435 1161 1493 1199 sui
1522 1173 1624 1198 com·

94 1232 364 1273 memoratione
408 1232 612 1269 officiorum
659 1233 874 1268 nostrorum
921 1228 1133 1266 admoneat.
1192 1229 1313 1278 Atque
1357 1227 1398 1264 in
1437 1225 1624 1277 baptismo

95 1299 358 1350 σΦρειγιτικόν
386 1310 465 1335 esse
492 1295 636 1333 renasci
666 1308 732 1332 seu
759 1297 800 1331 ut
826 1293 933 1331 Pauli
961 1293 1084 1330 verbis
1114 1297 1208 1337 utar,
1242 1291 1436 1329 Christum
1456 1290 1625 1329 induisse

97 1365 131 1404 h.
161 1379 207 1410 e.,
243 1376 324 1408 nos,
360 1362 430 1400 etsi
455 1361 494 1398 in
524 1363 676 1412 peccato
707 1358 962 1409 concipiamur
991 1360 1026 1395 et
1055 1370 1265 1401 nascamur.
1291 1356 1411 1394 iustos
1437 1360 1563 1393 tamen
1578 1368 1622 1393 ac

94 1431 314 1468 innocentes
352 1425 494 1464 censeri
530 1429 682 1476 propter
718 1423 923 1466 Christum,
950 1422 989 1459 in
1018 1435 1091 1473 quo
1121 1435 1190 1459 nos
1216 1421 1326 1459 Pater
1355 1420 1525 1458 coelestis
1552 1433 1621 1457 no-

94 1499 168 1533 ster
195 1492 358 1543 gratuita
388 1491 487 1528 bona
517 1490 712 1527 voluntate
739 1501 805 1526 sua
832 1487 1004 1537 regenuit
1030 1486 1077 1524 ad
1105 1487 1231 1531 vitam,
1260 1486 1480 1537 corporique
1506 1485 1624 1536 ipsius

93 1574 114 1598 a
150 1557 280 1596 mundi
316 1556 461 1606 origine
489 1555 593 1592 iuxta
621 1553 895 1604 providentiam
925 1565 1030 1589 suam
1057 1551 1216 1588 inseruit
1242 1563 1308 1601 per
1333 1549 1622 1601 promissionem

95 1629 132 1663 et
162 1624 294 1661 horum
321 1621 488 1659 omniurn
519 1619 686 1668 sigillum
715 1617 942 1669 baptismum
971 1629 1050 1654 esse
1078 1615 1212 1659 voluit,
1240 1615 1557 1666 quemadmodum
1584 1614 1625 1653 in

97 1686 382 1726 circumcisione
416 1686 678 1735 σφριιγιτικόν
706 1686 797 1727 erat,
825 1685 996 1732 acceptos
1024 1693 1104 1718 esse
1130 1679 1295 1717 infantes
1324 1678 1402 1716 Deo
1430 1681 1626 1730 propterea

93 1753 196 1805 quod
212 1753 243 1790 is
263 1752 414 1789 illorum
434 1762 584 1800 quoque
604 1748 724 1785 Deum
741 1760 778 1784 se
797 1747 877 1784 fore
897 1745 1172 1797 spopondisset,
1191 1766 1241 1772 —
1257 1745 1521 1795 παρωινετικά
1539 1756 1624 1781 vero

95 1821 152 1855 tot
179 1816 218 1853 in
247 1814 432 1865 baptismo
462 1815 584 1855 erunt,
612 1815 705 1861 quot
722 1810 780 1847 illi
799 1809 999 1859 allegoriae
1017 1807 1189 1859 adoptari
1208 1811 1380 1859 possunt.
1409 1806 1472 1844 Sic
1489 1806 1627 1844 Paulus

98 1879 274 1932 baptismi
320 1878 539 1929 mysterium
576 1876 666 1913 facit
708 1875 827 1913 nostri
864 1873 1194 1911 mortificationem
1230 1876 1266 1910 et
1303 1871 1504 1922 mysticum
1541 1884 1626 1909 cum

98 1946 249 1984 Christo
296 1945 610 1993 συντκφιιισμὸν,
651 1944 763 1991 atque
807 1939 894 1977 inde
931 1952 1000 1976 nos
1039 1938 1224 1983 hortatur,
1263 1941 1305 1974 ut
1340 1936 1504 1987 peccatis
1542 1947 1627 1972 cum

97 2010 247 2049 Christo
275 2009 387 2048 semel
415 2007 553 2045 mortui
580 2006 618 2044 in
647 2005 835 2056 baptismo
868 2003 998 2054 illique
1034 2002 1255 2053 consepulti,
1283 2014 1358 2039 non
1382 2000 1543 2051 amplius
1561 1999 1628 2037 illa

96 2089 253 2127 regnare
288 2075 329 2112 in
365 2073 477 2111 nobis
512 2071 711 2123 patiamur,
738 2069 803 2107 sed
829 2073 1076 2120 posteaquam
1101 2068 1207 2104 iuxta
1236 2066 1416 2117 Spiritum
1447 2078 1531 2103 cum
1559 2064 1626 2102 illo

95 2141 207 2180 etiam
243 2137 530 2182 resurreximus,
567 2149 643 2173 non
682 2147 770 2172 sane
798 2134 958 2184 amplius
988 2136 1148 2170 veterem
1176 2131 1215 2169 in
1244 2130 1355 2168 nobis
1384 2129 1529 2167 alamus
1557 2128 1626 2166 lio-

96 2206 247 2249 minem,
283 2203 346 2241 sed
384 2202 473 2240 facti
509 2214 605 2239 nova
632 2199 672 2237 in
701 2199 780 2236 Deo
811 2202 978 2235 creatura
1006 2197 1044 2234 in
1074 2195 1241 2234 novitate
1269 2194 1366 2232 vitae
1393 2193 1519 2244 potius
1547 2206 1627 2230 am-

97 2270 281 2307 bulemuS.
309 2266 496 2304 Differunt
523 2268 647 2302 autem
674 2263 772 2300 inter
802 2274 839 2298 se
869 2260 958 2297 haec
985 2259 1162 2309 mysteria
1183 2258 1283 2309 quod
1306 2259 1562 2308 σφραγιτικαί
1582 2270 1628 2294 ex

95 2333 412 2386 promissionibus
447 2333 625 2381 petuntur
661 2327 987 2375 obsignanturque
1014 2325 1050 2361 in
1082 2324 1193 2361 nobis
1220 2336 1290 2360 usu
1319 2322 1399 2373 ipso
1416 2333 1628 2359 sacramen»

95 2405 308 2445 t01·um‚'ne
335 2397 379 2435 de
405 2396 482 2434 illis
509 2394 713 2446 quidquam
741 2392 896 2430 omnino
924 2390 1152 2434 dubitemus,
1178 2410 1229 2416 ——
1250 2389 1513 2437 παραινετικοί
1541 2399 1627 2425 vero

97 2464 325 2514 colliguntur
361 2475 380 2499 e
418 2459 675 2510 symbolorum
703 2455 893 2506 allegoriis
935 2455 1079 2505 hucque
1107 2456 1290 2504 spectant,
1319 2456 1357 2489 ut
1384 2456 1628 2503 posteaquam

97 2529 142 2566 de
168 2527 342 2579 priorum
380 2522 642 2572 obsignatione
680 2519 772 2558 certi
800 2532 941 2563 sumus,
967 2518 1195 2555 admoneant
1222 2528 1292 2553 nos
1319 2528 1449 2553 omnes
1477 2518 1629 2553 nostrae

94 2606 181 2642 erga
210 2591 332 2629 Deum
359 2586 602 2639 gratitudinis
631 2589 746 2636 utque
774 2583 889 2622 vitam
919 2588 1088 2620 nostram
1116 2581 1218 2618 illius
1246 2579 1435 2618 voluntati
1452 2592 1519 2631 pro
1542 2582 1630 2618 tan-

94 2658 144 2696 tis
167 2655 359 2694 beneficiis
386 2654 492 2690 iuxta
521 2650 779 2701 symbolorum
807 2647 1008 2698 allegorias
1037 2650 1339 2697 attemperemus.
1394 2643 1457 2682 Sic
1486 2645 1526 2682 in
1557 2644 1630 2681 cir-

137 2810 162 2847 ¹)
186 2808 363 2839 Barbarum
385 2805 465 2837 illud
491 2798 752 2845 σφρκγιτικᾶν
782 2793 941 2833 intactum
964 2800 1162 2842 reliquimus.
1185 2799 1312 2832 Pluries
1336 2799 1367 2830 in
1392 2798 1451 2830 hac
1476 2798 1627 2840 pericopa

90 2863 220 2896 obvium
243 2861 413 2905 reperitur,
439 2869 534 2901 quam
559 2861 593 2888 ut
616 2869 675 2899 pro
700 2856 813 2888 calami
837 2856 929 2898 lapsu
953 2855 1120 2886 habeatur.
