1818 3178
741 134 982 163 PRAEFATIO.
1528 134 1637 162 LXIII

106 241 367 285 verissimam
415 240 481 281 sui
512 239 553 281 in
588 239 794 296 Angliam
829 241 988 283 itineris
1019 254 1186 281 causam
1218 238 1471 296 quibuslibet
1507 240 1642 296 aperi-

106 311 233 355 undo.
297 308 583 367 Compegerat
625 310 726 353 haec
771 312 810 353 in
855 310 998 354 libello
1030 311 1225 367 quodam,
1261 311 1328 353 cui
1359 310 1506 354 titulus
1538 318 1643 354 esset

105 385 301 439 Apoloqz'a
348 388 388 424 et
434 397 558 436 quam
594 382 762 424 editioni
804 381 1114 425 accomodatam
1148 382 1484 440 destinatamque
1516 382 1642 425 fuisse

106 455 325 498 manifesto
357 453 634 510 intelligimus
664 470 716 495 ex
747 455 807 504 iis,
842 469 950 510 quae
982 453 1033 496 ad
1068 454 1442 511 Hardenbergium
1476 453 1637 498 scribit:

108 551 129 576 ῃ
153 527 388 581 Apoloqiam
427 540 564 567 meam
606 531 842 568 remoratus
884 533 943 567 est
977 525 1256 568 Hermannus
1291 526 1531 584 (Lenthius)
1568 542 1641 568 no·

109 620 130 646 ss
155 604 252 648 ster,
302 597 373 652 qui
417 596 572 639 mutari
610 596 816 653 quaedam
851 596 982 638 voluit
1114 595 1376 640 conabimur
1407 597 1643 640 doctrinam

111 693 132 718 u
158 676 344 712 nostram
386 669 509 717 tueri,
554 667 622 710 sed
668 675 806 711 tamen
855 675 896 710 et
928 670 1162 722 Apoloqatam
1194 668 1259 710 edi
1291 668 1462 718 curabo,
1495 669 1645 712 saltem

111 765 132 791 ῃ
159 740 271 798 quod
304 739 355 783 ad
396 740 613 783 historiam
647 740 784 783 abitus
815 741 963 783 isthinc
995 741 1076 783 mei
1108 741 1266 793 attinet,
1300 742 1371 784 ubi
1401 743 1526 785 etiam
1559 745 1645 785 doe-

109 837 130 863 n
156 815 267 857 trina
301 818 437 856 nostra
467 816 515 856 de
543 815 808 856 sacramentis
839 812 1085 856 inseretur?
1121 815 1150 869 ¹)
1213 812 1340 865 Quod
1373 814 1484 857 hisce
1515 816 1647 872 igitur

109 885 243 928 verbis
292 892 410 928 certo
457 901 499 927 se
544 885 758 927 editurum
810 884 993 927 affirmat
1034 892 1189 936 noster,
1238 886 1389 941 pressit
1432 893 1571 929 tamen
1604 889 1645 928 in

108 959 278 1009 scrinio,
314 958 522 999 incertum
556 956 806 1012 quibusnam
841 955 1039 997 inductus
1072 955 1123 998 ad
1154 954 1196 997 id
1217 957 1460 1011 rationibus,
1483 971 1523 1000 et
1547 974 1650 1000 non-

110 1030 188 1072 nisi
218 1030 494 1086 posteriorem
526 1029 720 1085 promissi
753 1028 884 1070 libelli
915 1036 1078 1085 partem
1112 1030 1159 1071 de
1191 1032 1453 1072 sacramentis
1472 1046 1509 1074 a.
1536 1031 1648 1074 1552

110 1101 296 1144 Londini
326 1101 549 1157 separatim
585 1099 723 1143 edidit.
776 1098 930 1142 Postea
959 1116 1059 1142 vero
1080 1099 1420 1144 adversariorum
1444 1109 1650 1159 perpetua

111 1188 361 1229 morosaque
405 1172 641 1229 pervicacia
688 1171 975 1225 exacerbatus,
1029 1172 1104 1215 sibi
1135 1181 1414 1229 proposuerat
1447 1175 1649 1231 repetitae

112 1243 249 1298 huius,
298 1245 329 1286 si
376 1243 544 1301 quando
587 1251 843 1300 posceretur,
887 1244 1018 1287 libelli
1064 1243 1235 1288 editioni
1275 1245 1519 1302 praefamen
1552 1246 1650 1289 adii-

113 1331 220 1369 cere,
264 1332 348 1374 quo
380 1315 527 1359 rabida
557 1316 855 1373 virulentaque
886 1332 1034 1360 eorum
1067 1321 1428 1374 perstringeretur
1460 1319 1647 1375 procaci-

113 1396 188 1433 tas.
254 1413 274 1438 u
297 1387 521 1445 Alioqui,’'
568 1389 609 1430 in
658 1389 833 1446 epistola
865 1388 915 1432 ad
950 1388 1326 1447 Hardenbergiuni
1360 1390 1456 1434 data
1488 1391 1566 1434 hac
1597 1391 1647 1434 de

112 1476 159 1504 re
188 1460 344 1512 scribit,
395 1484 416 1510 ῃ
442 1476 578 1517 neque
611 1460 825 1518 Anglicus
858 1460 963 1503 liber
993 1476 1112 1504 meus
1144 1461 1272 1504 aliam
1308 1462 1541 1506 doctrinam
1574 1463 1647 1506 ha·

116 1554 138 1580 η
163 1532 244 1585 bet,
292 1532 362 1575 sed
403 1532 610 1576 diversam
653 1532 886 1576 doctrinam
920 1534 1094 1591 gravius
1125 1541 1360 1591 oppugnat.
1420 1534 1478 1578 Et
1507 1543 1647 1579 tamen

116 1626 138 1653 ῃ
163 1606 232 1647 vix
267 1604 471 1648 decimam
505 1620 652 1647 eorum
685 1612 849 1662 partem
883 1606 1007 1662 attigi
1038 1605 1190 1648 adhuc.
1254 1605 1337 1650 Sed
1369 1606 1476 1649 forte
1506 1607 1649 1650 addito

117 1697 138 1723 μ
162 1675 421 1732 praefamine
453 1675 748 1720 adiicientur.'’
769 1676 801 1734 2)
856 1675 979 1728 Quae
1010 1692 1103 1733 spes
1134 1692 1266 1734 quum
1299 1678 1350 1721 ad
1382 1679 1548 1722 irritum
1583 1695 1648 1722 ca-

117 1747 233 1790 deret
273 1763 352 1791 nec
394 1749 568 1805 repetita
617 1748 793 1805 Anglici
839 1748 935 1791 libri
980 1749 1269 1806 postularetur
1314 1750 1451 1804 editio,
1495 1753 1649 1796 iterum

119 1821 341 1863 mutavisse
388 1821 607 1864 consilium
659 1821 826 1864 videtur
873 1829 914 1864 et
960 1838 1068 1879 quae
1099 1823 1287 1879 primum
1318 1826 1541 1881 separatim
1573 1825 1650 1868 sub

121 1894 338 1950 Apoloqiae
384 1893 507 1935 titulo
553 1893 678 1936 edere
723 1894 764 1936 in
813 1894 953 1936 animo
990 1895 1027 1937 ei
1059 1896 1210 1947 fuerat,
1245 1894 1396 1938 deinde
1428 1895 1570 1939 libello
1601 1899 1649 1939 de

118 1963 379 2006 sacramentis
420 1962 611 2006 voluerat
658 1970 916 2019 praetexere,
966 1964 1148 2016 tandem,
1193 1965 1304 2008 haud
1343 1967 1501 2022 paucis,
1541 1982 1649 2024 quae

119 2050 247 2092 aegre
292 2034 586 2086 desideramus,
636 2036 809 2089 omissis,
856 2035 998 2079 libello
1045 2053 1133 2090 suo,
1177 2038 1245 2080 cui
1292 2040 1436 2081 Forma
1467 2056 1514 2082 ae
1543 2040 1651 2082 ratio

121 2106 267 2150 titulus
308 2114 382 2160 est,
424 2106 501 2149 sub
541 2107 676 2150 forma
707 2107 758 2150 ad
790 2108 993 2152 Poloniae
1025 2125 1170 2167 regem
1204 2111 1403 2167 epistolae
1434 2112 1650 2154 succincte

122 2187 162 2222 et
193 2180 504 2237 compendiarie
537 2195 588 2236 pl
592 2181 765 2225 aem1s1t

182 2251 402 2305 Quaedam
446 2251 513 2294 hic
545 2252 741 2310 adspergi
771 2256 897 2296 etiam
928 2260 1108 2310 possent,
1141 2261 1188 2297 ut
1217 2255 1345 2298 Lasci
1376 2255 1651 2300 bibliothecae

122 2332 214 2368 tum
259 2324 500 2382 promissae,
548 2331 638 2367 tum
681 2324 845 2368 latentis
889 2326 1039 2383 plenus
1068 2327 1357 2370 absolveretur
1387 2336 1648 2387 conspectus,

125 2397 268 2454 qualia
314 2396 430 2439 verbi
476 2411 601 2440 causa
633 2399 793 2452 Adayz‘a
824 2405 923 2441 sunt
954 2415 1062 2456 quae
1093 2400 1133 2442 in
1165 2399 1388 2444 Platonem
1420 2401 1473 2445 ab
1503 2418 1553 2445 eo
1583 2418 1654 2446 an·

125 2475 269 2512 notata
298 2484 385 2512 esse
415 2469 597 2526 legimus
629 2469 678 2526 ³).
730 2469 815 2513 Vel
846 2471 903 2514 sic
935 2478 1072 2515 tamen
1106 2471 1172 2514 hic
1203 2472 1511 2517 subsistendum
1541 2474 1652 2518 vide-

125 2550 208 2596 tur,
241 2559 293 2585 ne
326 2558 434 2599 quae
464 2542 639 2585 minoris
669 2543 814 2599 utique
844 2545 992 2600 praetii
1023 2551 1134 2597 sunt,
1158 2544 1276 2588 editis
1298 2546 1508 2602 opusculis
1529 2547 1652 2590 nimis

128 2615 391 2672 praeripiant
422 2614 574 2658 locum.

171 2763 197 2803 ¹)
220 2763 323 2795 LASCI
350 2764 461 2805 Opera,
486 2763 555 2795 Vol.
581 2763 625 2796 II.
648 2774 680 2806 p.
702 2764 773 2797 663.
797 2764 857 2807 Ep.
881 2764 955 2796 data
978 2767 1027 2796 est
1049 2765 1080 2797 d.
1103 2766 1143 2798 23
1167 2768 1247 2809 Aug.
1271 2768 1364 2801 1551.

171 2818 198 2858 2)
222 2818 325 2850 LAsct
351 2819 462 2860 Opera,
487 2819 558 2851 Vol.
581 2819 626 2850 ΙΙ.
648 2829 680 2860 p.
703 2818 774 2851 699.

170 2874 196 2914 3)
220 2874 401 2913 ΘΑΒΒΕΜΔ,
425 2874 483 2916 Ep.
505 2875 583 2907 clar.
607 2874 663 2908 vir.
686 2885 718 2916 p.
742 2874 813 2908 168.
835 2876 1041 2914 „Annotavit
1064 2877 1180 2920 adaqia
1205 2879 1359 2920 quaedam
1383 2879 1413 2911 in
1428 2879 1494 2912 eius
1511 2882 1654 2925 margine

129 2928 317 2967 „Er-asinus,
341 2928 497 2969 quaedam
521 2927 615 2961 ctiam
640 2927 749 2962 Toh..1
774 2928 903 2963 Lasco.”
