1818 3178
565 104 779 133 REsPoNsm
807 105 901 133 anv.
933 103 1100 132 nosmM.
1526 91 1597 128 421

69 220 148 246 esse
176 219 340 246 summos
368 208 479 256 atque
504 204 760 256 implacabiles
788 204 1054 257 propemodum
1086 203 1211 241 hostes
1239 206 1349 253 atque
1367 200 1599 246 adversarios

69 272 220 318 Christi,
258 270 322 322 qui
357 283 424 321 pro
459 269 703 308 Sacerdotum
740 270 867 309 nescio
905 281 1065 320 quorum
1101 266 1340 319 Principibus
1382 264 1599 315 Scribisque

66 347 110 373 ac
145 332 353 372 Pharisaeis
393 332 522 370 haberi
558 332 701 378 volunt,
737 346 801 385 per
838 345 932 384 quos
976 344 1078 378 sane,
1113 331 1144 368 si
1171 342 1338 381 unquam
1365 329 1469 375 alias,
1497 340 1598 366 nunc

68 398 315 451 proculdubio
353 397 469 435 multo
508 397 727 446 gravissime
763 397 941 443 accusari,
977 395 1090 445 affligi
1126 408 1170 433 ac
1207 394 1326 432 denuo
1363 392 1532 442 crucifigi
1557 392 1598 430 in

69 462 239 500 doctrina
276 461 445 512 vivisque
472 461 651 499 membris
679 460 796 512 ipsius
833 462 953 512 palam
983 459 1163 505 videmus,
1190 457 1337 496 etiamsi
1364 457 1507 495 Hosius
1536 469 1599 494 ca-

68 526 169 564 mino
208 525 296 563 huic
333 526 453 563 oleum
496 525 663 576 oppressi
700 525 772 562 hoc
800 525 904 563 verbi
932 524 1062 562 Divini
1103 523 1231 561 libello
1269 529 1347 560 non=
1383 521 1602 567 addidisset,

67 591 114 628 ad
143 590 248 629 cuius
275 590 584 642 sycophanticam
619 594 789 642 quartam
818 588 1286 639 argu-(76)mentationem
1327 587 1400 625 hoc
1426 587 1478 625 ita
1504 598 1598 637 pau·

68 655 123 693 cis
150 668 370 706 responsum
400 659 493 694 esto.

663 784 731 823 Ad
759 783 993 835 quintam.

119 912 242 950 Multo
270 911 518 950 libentissime
546 912 706 949 fatemur
735 924 816 948 cum
846 909 978 957 Paulo,
1004 911 1116 947 finem
1136 908 1230 958 legis
1247 921 1327 946 esse
1345 908 1595 954 dilectionem,

70 978 134 1016 sed
173 978 269 1015 hanc
308 977 518 1015 doctrinam
554 976 823 1027 Apostolicam,
860 980 924 1013 aut
961 987 1037 1012 non
1072 973 1237 1023 intelligi
1273 973 1320 1011 ab
1358 972 1494 1020 Hosio,
1522 977 1598 1018 aut,

67 1042 167 1094 quod
215 1042 331 1080 multo
376 1045 432 1079 est
477 1041 640 1091 gravius,
678 1040 864 1078 malitiose
901 1038 1095 1090 depravari
1141 1037 1312 1076 dicimus.
1368 1039 1446 1076 Aut
1495 1037 1596 1075 enim

66 1107 239 1146 ostendat
275 1106 432 1153 Hosius,
468 1107 546 1144 sola
582 1106 663 1156 lege
699 1118 847 1143 omnem
880 1104 998 1142 Verbi
1035 1103 1165 1141 Divini
1206 1102 1415 1140 doctrinam
1442 1102 1495 1140 ita
1523 1102 1597 1139 cir-

21 1167 24 1170 *
69 1172 282 1219 cumscribi‚
318 1175 359 1210 ut
395 1175 500 1209 extra
534 1171 638 1209 illius
664 1174 861 1222 praecepta
890 1169 994 1207 nulla
1020 1181 1180 1219 usquam
1209 1172 1307 1206 extet
1335 1167 1441 1205 verbi
1467 1167 1598 1206 Divini

70 1238 241 1276 doctrina
277 1240 434 1274 —tum
473 1236 622 1274 demum
651 1235 747 1273 enim
787 1235 925 1273 valeret
961 1233 1051 1271 haec
1086 1232 1205 1284 ipsius
1233 1232 1522 1281 argumentatio,
1556 1235 1599 1270 ut

67 1316 183 1341 unum
206 1306 317 1353 atque
336 1301 495 1339 eundem
516 1314 670 1352 scopum
698 1304 735 1338 et
762 1299 857 1349 legis
885 1302 920 1337 et
949 1297 1054 1336 verbi
1082 1297 1213 1336 Divini
1239 1310 1319 1335 esse
1346 1300 1532 1348 oporteret
1548 1318 1600 1326 —

67 1370 131 1404 aut
171 1366 202 1403 si
239 1365 277 1403 id
314 1378 352 1403 se
389 1364 585 1403 ostendere
621 1377 698 1402 non
734 1375 843 1414 posse
881 1362 994 1407 videt,
1023 1362 1139 1413 ¹culpa
1176 1373 1214 1398 se
1255 1360 1316 1398 hic
1343 1361 1400 1398 vel
1427 1359 1599 1397 inscitiae

68 1432 126 1470 vel
169 1431 333 1469 malitiae
376 1430 522 1475 liberet,
568 1433 632 1467 aut
666 1429 771 1466 illam
805 1429 966 1477 ingenue
1001 1430 1194 1478 agnoscat.
1248 1427 1374 1476 Atque
1408 1424 1597 1462 inscitiam

66 1495 165 1533 forte
202 1508 267 1533 sua
307 1494 377 1531 hac
429 1492 647 1545 Episcopali
700 1492 842 1530 scilieet
878 1491 1125 1543 amplitudine
1170 1493 1279 1540 atque
1325 1488 1599 1526 existimatione

66 1559 264 1610 indignam
302 1572 383 1597 esse
418 1558 582 1610 putabit,
617 1557 835 1609 praesertim
873 1570 956 1595 cum
984 1555 1150 1607 Papismi
1176 1555 1239 1592 hic
1265 1554 1382 1592 totius
1410 1553 1516 1591 Atlas
1543 1552 1600 1591 vi·

69 1624 148 1662 deri
183 1637 283 1663 nunc
327 1624 428 1662 velit.
491 1623 747 1661 Pharisaicam
783 1622 898 1672 igitur
939 1621 1124 1659 maliciam
1161 1624 1342 1670 agnoscat
1378 1618 1601 1657 reverendus

66 1693 184 1740 pater,
219 1689 292 1727 nisi
321 1688 463 1734 doceat,
490 1689 575 1736 (77)
605 1700 753 1726 omnem
783 1687 886 1726 verbi
922 1686 1050 1724 Divini
1088 1685 1297 1723 doctrinam
1325 1683 1372 1722 ad
1400 1684 1479 1721 sola
1506 1683 1599 1733 legis

66 1759 260 1806 praecepta
296 1755 348 1792 ita
385 1754 577 1803 alligatam
613 1767 704 1796 csse,
740 1756 782 1790 ut
818 1752 931 1791 latius
968 1756 1093 1803 patere
1133 1763 1211 1789 non
1247 1750 1378 1801 possit.
1433 1751 1485 1787 Aa·
1512 1761 1599 1786 vero

67 1817 205 1855 Paulus
241 1817 446 1868 Apostolus
482 1816 608 1854 multis
644 1816 821 1863 ostendit,
856 1815 960 1853 verbi
996 1815 1125 1852 Divini
1163 1813 1372 1852 doctrinam
1410 1813 1454 1851 de
1482 1814 1600 1851 salute

67 1895 109 1920 ac
146 1881 291 1920 iustitia
328 1885 456 1919 nostra
491 1881 532 1918 in
569 1881 719 1918 Christo
756 1880 921 1918 Domino
956 1880 1069 1917 latius
1098 1880 1214 1917 multo
1242 1883 1380 1930 patere,
1419 1891 1530 1929 quam
1557 1881 1599 1915 ut

65 1947 166 1984 intra
200 1946 294 1996 legis
321 1950 516 1997 praecepta
546 1945 755 1994 constringi
781 1945 859 1982 ullo
889 1944 1001 1982 modo
1031 1944 1175 1990 debeat,
1203 1943 1292 1981 dum
1332 1942 1599 1994 promissiones

66 2010 197 2048 salutis
234 2023 278 2048 ac
313 2010 478 2048 iustitiae
514 2015 665 2047 nostrae
702 2022 778 2047 non
814 2013 960 2047 tantum
996 2012 1100 2046 extra
1135 2009 1256 2057 legem
1293 2007 1500 2052 constituit,
1536 2006 1601 2044 sed

67 2075 180 2113 etiam
207 2075 281 2125 legi
316 2074 390 2126 ipsi
417 2075 586 2125 opponit.
615 2074 771 2112 Paulum
800 2074 861 2111 hic
889 2074 1115 2125 Apostolum
1141 2072 1258 2122 igitur
1285 2071 1479 2110 haereseos
1509 2084 1600 2109 con-

66 2140 192 2179 vincat
227 2140 386 2185 Hosius,
421 2143 484 2177 aut
520 2140 560 2177 in
597 2152 661 2177 sua
689 2139 845 2184 malitia,
882 2139 955 2176 nisi
993 2138 1081 2176 velit
1116 2138 1342 2188 resipiscere,
1372 2136 1600 2188 contemple-

64 2209 140 2245 tur.
194 2204 352 2250 Deinde,
402 2205 432 2242 si
478 2203 600 2242 Hosii·
637 2204 913 2252 argumentatio
958 2201 1157 2254 procedere
1195 2201 1338 2246 debeat,
1372 2206 1414 2239 ut
1451 2214 1600 2238 omnem

65 2269 182 2307 Verbi
219 2269 350 2307 Divini
391 2269 598 2306 doctrinam
629 2268 721 2318 legis
766 2268 948 2306 duntaxat
974 2271 1170 2318 praecepto
1197 2265 1600 2317 anacephalaioumeno

66 2333 111 2371 de
147 2332 347 2371 dilectione
382 2332 632 2379 includamus,
660 2345 702 2370 eo
731 2332 831 2383 quod
859 2332 995 2369 Paulus
1022 2332 1135 2369 finem
1162 2344 1206 2368 ac
1232 2343 1386 2382 scopum
1413 2329 1531 2368 totius
1559 2330 1599 2367 in

65 2396 267 2435 dilectione
303 2396 514 2443 constituit,
562 2409 627 2434 cur
664 2399 700 2434 et
744 2395 855 2434 nobis
892 2395 1055 2433 vicissim
1092 2394 1268 2432 adversus
1302 2393 1416 2432 Hosii
1449 2393 1596 2430 theolo-

62 2461 164 2510 giam
199 2462 455 2511 argumentari
493 2473 571 2498 non
607 2461 732 2506 liceat,
769 2464 810 2498 ut
845 2460 1087 2498 ostendamus
1126 2472 1202 2497 non
1239 2463 1314 2497 tam
1351 2458 1523 2510 equidem
1559 2457 1597 2495 in

64 2531 195 2565 nostra
230 2526 393 2564 invicem
432 2525 646 2572 dilectione,
683 2539 795 2576 quam
831 2526 959 2576 potius
996 2525 1035 2562 in
1072 2524 1211 2563 donato
1248 2523 1359 2561 nobis
1385 2523 1550 2573 gratuito
1579 2535 1600 2559 a

65 2591 175 2631 Patre
221 2590 301 2629 Deo
339 2590 491 2628 Christo
530 2589 803 2639 Domi-(78)no
838 2590 1000 2641 positam
1034 2603 1113 2628 esse
1149 2602 1296 2627 omnem
1331 2588 1435 2627 verbi
1472 2587 1601 2626 Divini

66 2656 276 2694 doctrinam
305 2656 518 2702 salutarem,
555 2655 738 2706 siquidem
776 2655 876 2693 idem
903 2655 983 2706 ipse
1008 2655 1147 2693 Paulus
1176 2654 1366 2692 Christum
1394 2653 1599 2691 Dominum

65 2720 217 2771 perinde
262 2725 371 2773 atque
418 2724 585 2759 nostram
621 2720 720 2769 inter
755 2733 824 2758 nos
862 2720 1114 2766 dilectionem,
1149 2733 1196 2758 ne
1233 2719 1355 2757 dicam
1391 2717 1601 2756 evidentius

64 2783 182 2823 multo
218 2785 312 2835 legis
351 2785 469 2823 totius
506 2785 620 2822 finem
656 2796 700 2822 ao
739 2796 892 2835 scopum
921 2797 1000 2822 esse
1037 2783 1158 2828 docet,
1194 2786 1307 2834 atque
1343 2781 1434 2820 alibi
1460 2794 1603 2825 rursus,

65 2848 110 2886 ad
139 2848 297 2887 Ioannis
326 2849 527 2900 Baptistae
555 2848 815 2887 testimonium
845 2848 890 2886 de
918 2848 1068 2887 Christo
1097 2848 1261 2887 Domino
1281 2846 1462 2893 alludens,
1482 2850 1606 2894 negat,

119 2913 152 2954 I.
1404 2913 1453 2950 28
