1818 3178
201 139 274 174 486
845 145 900 171 Ep.
933 144 1076 172 nccra.

204 248 417 287 obedientia
446 259 553 285 vero:
591 245 785 284 Custodite
813 247 1007 297 praecepta
1034 257 1115 281 mea
1142 240 1317 283 etfacite
1342 258 1397 289 ea,
1423 256 1491 293 ego
1520 243 1720 284 Dominus,

205 315 337 364 Neque
373 325 460 350 vero
497 325 580 349 eum
616 310 787 349 timorem
823 310 863 348 in
901 309 1011 347 nobis
1048 308 1204 360 requirit
1232 309 1428 355 Dominus,
1463 309 1528 360 qui
1555 308 1627 346 sibi
1654 309 1721 346 ad·

200 377 369 414 iunctum
404 388 481 412 non
519 373 653 412 habeat
688 372 924 411 obedientiae
961 371 1140 411 studium.
1194 371 1301 409 Nihil
1335 372 1478 422 profuit
1515 371 1619 409 Adae
1655 385 1721 409 ne-

200 440 319 489 glecta
346 438 560 476 obedientia
588 437 795 475 Dominum
821 436 1011 474 timuissez
1039 435 1198 486 perierat
1224 435 1334 486 plane
1367 449 1431 486 per
1459 449 1561 473 suam
1589 435 1720 473 inobe-

199 504 378 542 dientiam
405 503 530 548 miser,
559 502 706 540 etiamsi
732 502 890 546 timeret,
918 500 991 538 nisi
1016 501 1119 538 illius
1146 500 1366 538 beneficium
1393 501 1475 552 (qui
1502 504 1539 538 et
1554 514 1621 551 pro
1639 501 1720 552 ipso

199 573 237 606 et
272 581 338 618 pro
376 567 486 605 nobis
522 566 697 604 omnibus
726 566 984 604 satisfacturus
1020 565 1109 602 olim
1137 566 1234 612 erat)
1260 564 1333 602 fide
1360 564 1563 602 certissima
1590 578 1720 617 appre-

199 633 401 671 hendisset.
457 633 584 671 Quare
628 631 866 670 statuendum
902 635 971 674 est,
1007 630 1127 668 Deum
1162 629 1201 667 in
1239 629 1408 667 Ecclesia
1444 633 1482 666 ut
1517 630 1720 668 Dominum

199 697 429 747 agnoscimb
459 696 634 733 omnibus
662 700 846 746 oportere,
872 698 915 732 ut
940 695 1045 732 illum
1077 707 1186 745 supra
1214 694 1341 731 omnia
1369 694 1577 740 timeamus,
1605 698 1642 732 et
1666 694 1722 732 illi

197 762 269 800 soli
297 762 414 811 magis
442 774 554 812 quam
583 761 668 798 ullis
697 760 852 797 omnino
881 759 1071 803 creaturis,
1092 759 1230 796 nedum
1253 758 1469 797 hominibus
1491 758 1722 798 obediamus.

196 826 266 864 Est
295 826 391 863 enim
420 825 557 863 zelotes
593 828 635 862 ut
663 837 771 862 nemo
799 823 894 861 alius
922 828 958 861 et
985 823 1170 861 neminem
1200 822 1272 860 sibi
1301 823 1379 860 vult
1404 821 1569 873 aequari,
1584 822 1720 860 nedum

198 890 390 942 praeponi.
445 890 579 940 Neque
615 889 860 938 cogitandum
888 892 956 932 est,
985 888 1175 926 sublatum
1201 900 1282 925 esse
1309 889 1369 935 (3)
1397 900 1417 924 a
1445 886 1556 925 nobis
1584 887 1724 925 Christi

198 960 318 992 morte
353 953 521 991 debitum
560 953 630 990 hoc
666 953 785 990 nostri
813 965 900 1000 erga
929 951 1048 989 Deum
1077 950 1222 988 timoris
1269 954 1304 988 et
1331 950 1578 989 obedientiae.
1633 950 1722 988 Non

197 1019 297 1057 venit
334 1018 507 1056 Christus
544 1022 586 1055 ut
623 1030 734 1067 opera
771 1016 893 1054 Patris
930 1016 1136 1054 destrueret
1173 1015 1236 1053 sed
1263 1020 1304 1052 ut
1332 1014 1483 1052 Diaboli
1511 1027 1603 1065 opus
1632 1014 1722 1052 sub-

193 1088 366 1126 verteret,
394 1082 459 1133 qui
487 1086 595 1120 autor
623 1082 696 1119 fuit
724 1081 862 1119 Adami
888 1080 1159 1118 inobedientia.
1197 1079 1247 1117 Et
1275 1079 1454 1117 satisfecit
1480 1079 1544 1117 ille
1572 1079 1721 1130 quidem

194 1161 260 1198 pro
290 1147 399 1185 nobis
427 1146 529 1184 Patri
560 1146 638 1184 Deo
666 1145 848 1183 translata
874 1145 913 1182 in
942 1158 979 1182 se
1008 1157 1107 1182 noxa
1127 1144 1295 1181 omnium
1316 1147 1554 1194 peccatorum
1573 1147 1722 1181 nostro·

195 1226 291 1257 rum,
319 1211 381 1249 sed
410 1224 486 1248 non
513 1211 596 1248 ideo
627 1209 822 1254 satisfecit,
848 1213 890 1247 ut
917 1222 986 1246 nos
1013 1209 1070 1245 illi
1098 1208 1273 1258 deinceps
1301 1221 1379 1245 non
1407 1207 1639 1252 obediamus,
1658 1208 1721 1245 sed

196 1280 238 1314 ut
274 1290 320 1314 ne
347 1276 564 1313 damnemur
593 1274 624 1312 si
651 1287 727 1312 non
755 1287 850 1324 quae
878 1273 1054 1310 debemus
1084 1272 1210 1309 omnia
1246 1271 1292 1309 ad
1320 1272 1470 1322 plenum
1499 1284 1566 1322 pro
1593 1275 1722 1308 nostra

195 1340 412 1377 infirmitate
438 1343 679 1390 praestemus.
719 1338 877 1375 Interim
904 1337 1060 1387 requirit
1086 1336 1351 1382 obedientiam,
1378 1335 1535 1387 requirit
1557 1335 1722 1374 iustitiae

195 1405 374 1450 studium,
411 1404 475 1441 sed
512 1403 557 1440 de
584 1416 651 1440 suo
680 1403 827 1453 supplet
855 1402 976 1439 sicubi
1003 1401 1187 1446 labamur,
1215 1414 1261 1438 ne
1287 1406 1438 1451 propter
1466 1404 1632 1438 nostram
1660 1399 1720 1438 in-

195 1469 410 1506 firmitatem
437 1468 670 1505 damnemur.

247 1534 433 1572 Adversus
472 1533 569 1570 hanc
606 1531 817 1569 doctrinam
844 1535 1013 1582 peccant,
1041 1531 1106 1581 qui
1135 1543 1211 1568 non
1239 1530 1342 1581 prius
1370 1529 1443 1567 sibi
1471 1529 1575 1566 verbi
1602 1528 1720 1567 divini

193 1598 432 1636 autoritatem
459 1595 686 1647 sequendam
714 1608 793 1632 esse
820 1598 966 1645 putant,
992 1607 1102 1644 quam
1131 1593 1178 1629 ab
1207 1591 1434 1638 hominibus,
1458 1605 1520 1629 seu
1541 1592 1721 1629 concilio-

193 1677 274 1700 rum
304 1676 368 1700 seu
395 1661 605 1713 principum
634 1659 834 1697 autoritate
861 1658 1010 1710 publica
1033 1657 1271 1709 approbetur,
1296 1660 1553 1707 praetexentes
1572 1656 1721 1694 interim

192 1724 384 1763 Ecclesiae
411 1722 573 1767 titulum,
599 1721 707 1772 quasi
733 1734 821 1759 oves
851 1719 994 1758 Christi
1021 1719 1167 1770 possint
1204 1731 1281 1756 non
1309 1717 1440 1755 audire
1473 1717 1637 1768 pastoris
1666 1717 1723 1755 sui

193 1802 334 1834 vocem,
360 1792 425 1826 aut
454 1788 485 1825 si
511 1800 589 1825 non
617 1787 787 1830 audiant,
814 1798 881 1837 pro
911 1784 1082 1822 Ecclesia
1112 1784 1188 1822 sint
1216 1783 1391 1821 habendi.
1421 1782 1493 1820 Sed
1522 1782 1613 1820 haec
1633 1787 1722 1821 sunt

195 1854 390 1892 hominum
419 1852 563 1898 deliria,
590 1852 654 1902 qui
680 1864 791 1902 pares
818 1850 896 1888 Deo
927 1849 1056 1887 haberi
1084 1853 1120 1886 et
1148 1861 1226 1886 esse
1255 1849 1398 1886 volunt.
1428 1848 1510 1885 Nos
1538 1847 1631 1891 Deo,
1658 1847 1722 1898 qui

192 1920 294 1957 solus
323 1917 508 1955 Dominus
536 1915 814 1953 dominantium
838 1918 906 1958 est,
934 1913 1167 1959 obediamus,
1193 1917 1230 1950 et
1257 1925 1336 1950 cam
1367 1912 1569 1949 habeamus
1588 1911 1723 1949 Eccle-

192 1983 298 2028 siam,
333 1995 428 2032 quae
464 1993 593 2018 vocem
629 1979 741 2017 unius
770 1979 847 2017 veri
874 1977 1037 2029 pastoris
1075 1977 1130 2015 sui
1165 1976 1306 2023 audiat,
1333 1976 1477 2014 alienos
1504 1980 1628 2013 autem
1656 1989 1721 2014 ne-

194 2048 301 2092 sciat,
339 2046 442 2091 certi,
478 2044 600 2082 Deum
637 2057 657 2082 a
685 2047 859 2088 totasua
887 2042 1056 2080 Ecclesia
1085 2040 1340 2079 obedientiam
1367 2040 1530 2089 exigere,
1552 2052 1628 2077 non
1655 2053 1723 2090 ap-

190 2111 467 2164 probationem.

391 2242 406 2291 §
435 2243 469 2280 5.
524 2242 639 2278 Deum
666 2243 709 2277 ut
733 2238 869 2277 iustum
892 2250 937 2275 ac
964 2249 1124 2275 veracem
1151 2235 1305 2285 aquoso-i
1331 2239 1516 2284 oportere.

239 2373 363 2410 Quam
392 2370 441 2408 sit
469 2369 678 2408 necessaria
707 2367 882 2406 doctrina
909 2367 956 2404 de
982 2366 1127 2404 iustitia
1155 2368 1191 2403 et
1221 2364 1421 2403 veracitate
1449 2363 1532 2408 Dei,
1555 2363 1721 2415 parentis

187 2436 305 2475 nostri
334 2436 439 2474 Adae
466 2435 635 2486 exemplo
664 2433 774 2471 facile
803 2432 930 2470 doceri
956 2443 1168 2482 possumuS.
1199 2430 1238 2467 Is
1265 2429 1365 2467 enim
1386 2429 1418 2466 si
1438 2428 1555 2466 Deum
1574 2428 1713 2466 iustum

187 2514 230 2539 ac
266 2514 432 2539 veracem
470 2513 549 2537 esse
585 2503 686 2536 certo
724 2497 806 2535 sibi>
836 2497 1027 2534 habuisset
1055 2508 1289 2546 persuasum,
1317 2495 1355 2532 h.
1383 2507 1429 2539 e.,
1456 2493 1488 2531 si
1516 2496 1615 2531 certa
1642 2492 1714 2530 fide

188 2565 407 2604 credidisset
435 2578 472 2602 se
501 2564 626 2602 statim
654 2564 771 2601 fuisse
799 2562 1036 2605 moriturum,
1063 2559 1381 2611 quemadmodum
1408 2574 1429 2596 a
1455 2557 1619 2596 Domino
1646 2570 1712 2595 au-

187 2631 317 2675 dierat,
354 2629 465 2666 simul
501 2633 612 2679 atque
640 2628 685 2665 de
713 2628 837 2665 fructu
864 2626 980 2664 vetito
1008 2629 1208 2675 gustasset,
1235 2636 1437 2675 numquam
1465 2622 1636 2673 equidem
1666 2623 1713 2660 ad

185 2695 286 2732 illius
314 2707 418 2732 esum
439 2692 575 2730 adduci
595 2691 862 2742 quoquomodo
884 2690 1080 2742 potuisset.
1110 2689 1181 2727 Sed
1207 2689 1267 2726 hic
1286 2688 1465 2726 artificem
1485 2687 1562 2736 egit
1577 2686 1715 2725 Sathan

187 2764 227 2797 ut
272 2759 369 2796 hanc
403 2757 682 2808 persuasionem
721 2756 848 2794 animo
883 2755 986 2792 illius
1023 2757 1227 2797 excuteret,
1264 2766 1336 2803 qua
1374 2751 1521 2788 demum
1559 2764 1715 2789 excussa

188 2822 456 2875 propositaque
490 2821 548 2858 illi
583 2820 718 2858 callide
752 2832 975 2869 magnarum
1010 2831 1135 2856 rerum
1173 2830 1236 2867 spe
1271 2817 1310 2854 in
1347 2814 1501 2852 exitium
1536 2814 1714 2853 miserum

184 2890 333 2931 tandem
370 2885 563 2942 pertraxit.
604 2885 662 2924 Ad
701 2884 861 2923 eundem
899 2896 984 2922 vero
1022 2881 1172 2920 modum
1210 2894 1292 2919 cum
1330 2880 1440 2918 Saule
1479 2879 1591 2917 etiam
1627 2880 1716 2930 egit.
