1818 3178
1538 105 1613 143 355

85 218 297 258 testatione.
353 216 403 255 Et
429 217 609 267 quoniam
636 216 674 254 id
703 215 870 254 omnium
900 215 976 254 fere
1002 217 1059 253 est
1087 213 1382 266 receptissimum
1408 213 1506 265 apud
1534 227 1615 252 om-

84 296 149 321 nes
184 286 325 332 gentes,
358 284 399 318 ut
435 293 563 319 eorum
599 293 733 318 manus
769 279 1038 325 exosculemur‚
1073 278 1210 330 quibus
1248 291 1317 316 nos
1347 277 1615 316 subiectionem

83 350 252 384 nostram
289 344 421 382 debere
455 345 710 393 agnoscimus,
748 345 852 394 isque
887 356 969 380 mos
1005 343 1077 381 iam
1108 347 1186 380 tum
1213 342 1307 394 apud
1341 342 1546 394 Aegyptios
1573 342 1614 380 in

86 425 151 449 usu
193 410 306 448 fuisse
333 409 485 458 legitur,
521 421 679 459 quorum
708 409 850 458 alioqui
879 408 999 457 Reges
1028 407 1203 447 omnibus
1231 407 1314 445 aliis
1343 407 1510 456 Regibus
1537 407 1615 445 for-

83 473 278 512 midabiles
323 478 441 517 erant,
485 486 567 511 eum
604 473 727 523 ipsum
773 472 1019 509 subiectionis
1056 485 1143 520 erga
1181 471 1373 509 Christum
1407 470 1613 509 Dominum

83 536 448 586 agnoscen-(45)dae
492 537 713 587 publiceque
765 536 1010 574 declarandae
1043 536 1196 574 modum
1234 536 1400 585 Regibus
1439 537 1615 575 omnibus

82 614 282 652 eorumque
301 601 517 652 proceribus
533 601 767 652 praescribit,
786 600 850 651 qui
864 604 946 638 tum
965 600 1063 651 apud
1082 601 1245 651 Aegypti
1268 614 1372 649 reg-es
1390 623 1439 630 -
1453 615 1612 652 quorum

82 679 224 703 summa
252 665 392 716 alioqui
419 665 516 716 apud
544 679 672 702 omncs
699 665 880 702 autoritas
909 669 988 702 erat
1013 686 1064 693 —
1084 678 1187 702 more
1207 665 1357 715 publico
1378 666 1415 703 in
1436 679 1508 703 usu
1528 665 1612 705 fuit.

82 730 187 776 Vult,
230 730 396 781 iuquam.
440 734 479 767 ut
517 730 636 779 Reges
672 729 803 767 mundi
841 729 956 767 totius
994 742 1123 766 omnes
1159 729 1384 779 illorumque
1431 743 1615 780 proceres,

83 794 171 832 dum
207 807 365 843 regnum
402 793 542 831 Christi
579 793 733 831 Domini
767 794 806 832 in
844 793 1016 830 doctrina
1054 793 1111 830 sui
1146 793 1344 843 Euangelii
1371 794 1614 832 inclarescere

84 858 222 902 vident,
260 862 439 909 concepto
475 858 609 897 animis
647 859 723 895 suis
759 870 802 895 eo
840 870 948 908 quem
985 858 1135 908 scripsit
1161 857 1308 903 timore,
1334 858 1387 895 illi
1416 872 1494 896 sese
1523 871 1612 896 con-

82 923 188 960 tinuo
224 922 445 971 adiungam,
482 922 556 959 nisi
590 923 764 972 protinus
800 922 919 972 perire
957 921 1084 966 velint,
1120 933 1278 972 suaeque
1306 935 1393 972 erga
1422 922 1614 960 Christum

82 987 287 1025 Dominum
323 1000 552 1037 regnumque
588 986 666 1023 eius
705 985 949 1023 subiectionis
978 985 1164 1036 specimen
1192 985 1384 1036 publicum
1411 986 1529 1023 osculi
1555 985 1613 1023 sui

80 1052 297 1090 testimonio
344 1051 467 1089 edant.
523 1049 767 1095 Osculemini,
805 1049 940 1100 inquit,
984 1050 1121 1087 Filium
1172 1063 1218 1087 nc
1263 1050 1444 1087 irascatur
1489 1054 1525 1087 et
1560 1050 1612 1087 ita

84 1116 232 1154 demum
260 1128 340 1152 cum
371 1114 545 1152 omnibus
571 1114 653 1160 viis,
682 1114 752 1151 hoc
779 1118 846 1158 est,
874 1113 1043 1151 consiliis
1070 1118 1182 1163 atque
1209 1113 1448 1164 apparatibus
1470 1113 1614 1159 vestris,

83 1179 253 1230 pereatis.
309 1178 415 1215 Haec
453 1191 541 1215 sane
576 1178 702 1215 omnia
729 1178 781 1215 ita
810 1177 965 1228 requirit
995 1177 1181 1227 Propheta
1208 1177 1248 1214 in
1276 1190 1318 1214 ea
1346 1177 1540 1228 sapientia„
1567 1177 1614 1214 ad

85 1243 374 1294 quamalioqui
411 1255 551 1288 omnes,
581 1246 620 1280 ut
648 1242 789 1279 dictum
816 1247 884 1286 est,
911 1254 954 1279 ac
981 1241 1102 1290 Reges
1130 1246 1167 1279 et
1194 1254 1321 1278 eorum
1349 1254 1521 1292 proceres
1551 1254 1613 1278 co-

83 1308 263 1353 hortatur,
291 1321 347 1353 nc,
374 1310 546 1345 exerente
574 1319 652 1344 sese
678 1305 808 1344 invitis
836 1306 1012 1343 omnibus
1039 1318 1156 1354 regno
1186 1305 1339 1351 Christi,
1365 1305 1514 1356 ipsimet
1542 1305 1615 1343 sibi

83 1372 234 1423 suisque
261 1371 436 1409 omnibus
465 1376 672 1408 extremum
699 1383 742 1408 ac
770 1370 1005 1421 repentinum
1033 1369 1225 1407 interitum
1254 1374 1459 1408 accersant.
1505 1370 1616 1408 Nihil

84 1437 145 1474 hic
182 1437 354 1475 audimus
392 1436 437 1474 de
473 1436 597 1486 longis
625 1449 668 1473 ac
695 1435 824 1473 multis
853 1434 1294 1483 deli·(46)berati0nibus
1323 1435 1614 1472 consultationi-

83 1503 198 1541 busve
247 1505 310 1539 aut
347 1500 526 1545 consiliis,
573 1500 649 1538 sive
685 1499 927 1538 instituendis
964 1499 1041 1537 sive
1078 1499 1329 1550 expectandis,
1365 1503 1406 1537 ut
1442 1499 1614 1537 videlicet

82 1571 276 1612 statuatur,
313 1565 403 1616 quid
431 1565 581 1616 quando
611 1569 645 1603 et
673 1568 854 1616 quatenus
884 1564 931 1602 sit
958 1563 1246 1615 permittendum
1273 1563 1422 1601 Christo
1451 1563 1614 1602 Domino

83 1636 119 1669 et
154 1644 267 1680 regno
304 1630 383 1668 eius
420 1629 460 1667 in
499 1629 671 1667 doctrina
699 1629 827 1680 ipsius,
882 1629 970 1667 Non
1008 1633 1191 1679 quaerunt
1220 1627 1389 1674 consilia,
1418 1642 1509 1666 num
1536 1641 1614 1665 ser-

84 1696 160 1733 vire
188 1695 359 1740 debeant,
385 1693 450 1745 qui
478 1694 614 1731 servire
642 1707 686 1731 ex
713 1694 837 1731 animo
867 1693 1038 1744 cupiunt3
1067 1693 1185 1731 multo
1213 1693 1337 1731 minus
1365 1693 1404 1731 in
1433 1693 1614 1731 delibera-

81 1762 222 1799 tionem
250 1763 396 1806 vocant,
424 1759 602 1797 osculone
629 1759 795 1810 excipere
823 1759 994 1806 debeant,
1022 1759 1109 1797 dum
1139 1759 1304 1814 veniunt,
1331 1772 1489 1810 quorum
1506 1773 1614 1811 prae-

85 1811 243 1864 sentiam
283 1838 366 1862 vere
402 1828 594 1874 expetunt,
631 1824 748 1875 deque
776 1824 840 1861 illa
867 1837 942 1862 non
973 1824 1148 1862 dubitant
1175 1824 1297 1862 modis
1326 1823 1500 1862 omnihus
1527 1838 1614 1873 gra-

83 1889 278 1928 tulandum
316 1901 406 1927 esse.
462 1888 756 1939 Hypocritarum
791 1892 846 1926 est
875 1888 965 1925 haec
992 1887 1201 1939 prudentia,
1229 1888 1305 1939 qui,
1331 1889 1399 1926 etsi
1428 1888 1614 1939 perditum

86 1967 173 1992 sane
219 1953 375 2004 eupiunt
417 1956 452 1990 et
489 1952 680 1990 Christum
725 1952 931 1989 Dominum
967 1956 1002 1990 et
1040 1953 1253 1991 universum
1291 1966 1447 2003 regnum
1483 1952 1615 2003 ipsius,

85 2018 245 2057 studiosi
282 2017 383 2054 illius
421 2021 558 2061 tamen,
591 2016 773 2054 institutis
802 2016 846 2054 de
873 2016 1144 2068 illospeciosis
1175 2017 1347 2054 videlicet
1374 2016 1614 2055 deliberatio-

86 2083 210 2127 nibus,
237 2081 354 2120 videri
381 2080 526 2120 volunt.
580 2081 641 2118 Ad
668 2094 778 2131 quem
808 2093 896 2118 sane
921 2081 1074 2118 modum
1103 2080 1288 2127 Herodes,
1314 2081 1614 2119 audita'Christi

85 2147 240 2186 Domini
282 2146 488 2190 nativitate,
529 2146 599 2183 etsi
635 2145 759 2196 ipsum
793 2145 981 2196 perditum
1019 2150 1167 2196 cuperet
1210 2149 1321 2196 atque
1352 2145 1425 2183 iam
1464 2146 1613 2184 caedem

83 2212 199 2263 ipsius
226 2210 516 2255 machinaretur,
544 2209 709 2260 specioso
738 2212 862 2246 tamen
891 2210 976 2246 fuco
1006 2209 1044 2246 in
1074 2209 1271 2247 consilium
1304 2214 1412 2247 vocat
1426 2210 1612 2261 principes

85 2276 321 2315 sacerdotum
357 2287 400 2311 ac
427 2274 580 2323 [scribas
619 2287 760 2319 omnes,
795 2274 912 2325 deque
947 2274 1031 2311 loco
1061 2274 1265 2317 nativitatis
1293 2274 1433 2312 Christi
1459 2275 1611 2324 religio-

85 2355 169 2380 nem
207 2340 384 2378 simulans
422 2333 653 2385 sciscitatur,
689 2340 774 2386 (4³7)
811 2345 846 2376 et
882 2351 920 2376 se
957 2351 1103 2389 quoque
1138 2338 1184 2376 ad
1221 2338 1452 2376 adorandum
1487 2339 1612 2390 ipsum

84 2405 273 2457 proficisci
301 2403 394 2441 velle
421 2403 544 2452 fingit.
599 2403 764 2440 Tametsi
791 2402 929 2440 rectius
956 2403 1074 2440 multo
1103 2402 1274 2441 Herodes
1301 2408 1391 2441 tune
1416 2404 1456 2442 iu
1485 2404 1610 2441 consi-

83 2470 175 2506 lium
212 2480 322 2505 suum
359 2465 517 2502 vocabat
544 2465 730 2516 principes
759 2465 992 2503 sacerdotum
1019 2469 1056 2503 et
1084 2465 1236 2513 scribas,
1263 2480 1374 2517 quam
1401 2480 1501 2505 nunc
1528 2467 1611 2518 qui-

85 2534 170 2571 dam
206 2531 413 2570 vocandum
449 2543 528 2568 esse
563 2533 696 2580 putent
733 2530 869 2580 Papam
908 2530 1119 2567 Romanum
1152 2531 1304 2581 eiusque
1338 2544 1463 2569 rasum
1499 2538 1610 2582 atque

86 2601 240 2635 unctum
267 2608 377 2633 omne
404 2594 632 2639 satellitium,
661 2599 699 2632 ut
726 2607 770 2632 ex
798 2595 876 2632 eius
905 2594 1087 2632 sententia
1119 2594 1164 2632 de
1182 2595 1438 2646 amplectendo
1459 2596 1608 2634 Christo

86 2660 248 2698 Domino
286 2671 476 2708 regnoque
513 2657 591 2694 cius
628 2656 668 2694 in
705 2656 874 2694 doctrina
913 2657 969 2694 sui
1008 2657 1205 2707 Euangelii
1233 2662 1429 2697 statuatur.
1483 2660 1609 2697 Nimi-

85 2738 167 2762 rum
214 2722 397 2768 Herodes,
444 2722 555 2759 homo
592 2721 776 2764 ethnicus.
809 2734 872 2758 eos
909 2722 947 2759 in
984 2721 1037 2759 rei
1073 2722 1220 2760 divinae
1257 2723 1454 2761 consilium
1490 2729 1612 2770 vocat,

87 2801 180 2840 quos
217 2791 358 2825 certum
395 2790 476 2824 erat
511 2786 625 2823 fuisse
663 2785 938 2823 ordinationem
963 2785 1046 2833 Dei,
1071 2786 1111 2824 in
1138 2786 1211 2824 hoc
1237 2787 1357 2838 ipsum
1386 2787 1611 2833 institutam,

86 2858 126 2891 ut
164 2852 374 2890 divinorum
412 2851 669 2903 mysteriorum
709 2850 876 2889 omnium
913 2856 948 2889 et
987 2844 1158 2890 custodes
1186 2856 1221 2890 et
1249 2853 1522 2905 dispensatores
1550 2866 1608 2894 es-
