1818 3178
214 116 286 154 378

204 225 354 263 iudiciis
390 225 487 271 ullis,
522 225 671 262 interim
704 229 828 263 tamen
855 225 986 272 libera,
1013 226 1210 278 colloquia,
1238 232 1505 268 commostrent
1532 230 1641 269 nobis
1668 245 1726 270 er-

203 295 284 328 rata
321 293 450 327 nostra
487 293 524 326 et
560 289 632 326 sibi
667 289 780 327 etiam
816 303 882 327 sua
917 292 1203 330 commonstrari
1239 306 1317 331 non
1353 306 1462 341 aegre
1496 294 1638 342 ferant;
1673 297 1727 334 sic

202 355 301 393 enim
338 357 509 391 constare
543 358 671 404 posset
706 353 751 391 de
785 353 952 405 ipsorum
989 367 1076 404 erga
1103 367 1230 406 pacem
1258 370 1301 395 ac
1329 358 1568 395 concordiam
1595 359 1726 398 Eccle-

202 417 390 455 siasticam
419 417 556 456 studio.
607 420 660 456 At
687 431 772 456 vero
798 422 947 457 tantum
974 419 1093 464 abest,
1118 424 1161 457 ut
1186 420 1258 471 ipsi
1284 422 1359 459 sint
1387 422 1550 469 solliciti,
1577 424 1653 461 sive
1681 425 1726 462 de

202 481 469 532 componendis
505 482 645 519 nostris
682 482 858 527 dissidiis,
885 483 961 520 sive
989 483 1033 521 de
1060 484 1290 532 corrigendis
1317 485 1468 532 nostris,
1494 500 1589 538 quos
1615 500 1726 525 accu-

200 551 296 592 sant,
331 546 534 592 erroribus,
569 546 645 584 sive
673 547 717 584 de
743 547 992 585 reformandis
1020 548 1099 585 suis
1126 548 1238 586 etiam
1265 550 1456 597 abusibus,
1483 557 1523 589 ut
1551 551 1588 589 et
1617 551 1728 589 dissi-

201 611 261 647 dia
297 614 426 648 nostra
463 611 589 648 omnia
616 612 735 661 magis
762 625 805 649 ac
831 612 949 660 magis
976 612 1133 661 gliscere
1159 612 1281 651 indies
1309 614 1345 652 et
1372 627 1514 653 errores
1539 616 1627 654 item
1656 629 1726 654 no-

200 677 297 712 stros
324 674 568 725 multiplicari
595 675 717 713 modis
744 676 921 713 omnibus
950 676 1111 727 cupiant,
1139 689 1211 727 quo
1240 677 1417 716 maiorem
1445 685 1573 717 nostra
1600 681 1726 718 omnia

197 738 422 778 traducendi
449 742 534 788 (83)
564 741 801 779 occasionem
830 741 965 779 habere
993 745 1144 792 queant,
1169 764 1219 770 —
1247 742 1291 779 de
1319 756 1384 780 sua
1410 756 1498 781 vero
1526 746 1725 794 tyrannide

196 804 487 854 inveteratisque
521 804 596 841 iam
632 805 851 856 aliquandiu
887 805 963 842 suis
1000 805 1180 843 abusibus
1217 806 1492 844 nihilomnino
1520 808 1723 847 remittant.

197 871 388 906 Accusant
421 881 491 906 nos
518 869 635 918 igitur
664 869 918 916 dissidiorum,
945 870 1009 920 qui
1035 870 1184 920 ipsimet
1210 884 1231 908 a
1259 871 1503 909 fundamento
1531 873 1724 923 Apostoli-

198 945 261 970 cae
297 932 544 970 confessionis
581 933 655 970 iam
693 933 781 971 olim
811 933 1037 979 defecerunt,
1063 937 1099 972 et
1125 938 1182 972 tot
1208 938 1398 985 praeterea
1424 935 1523 973 intra
1551 949 1589 973 se
1615 950 1724 974 mon-

196 1002 271 1035 stra
308 1001 493 1035 sectarum
519 998 638 1043 alunt,
667 1002 706 1035 ut
733 998 793 1035 vix
824 998 935 1035 simul
962 999 1087 1040 omnia
1114 999 1299 1036 recenseri
1325 999 1483 1049 possint.
1537 1000 1586 1039 Et
1612 1015 1723 1040 accu-

196 1067 281 1100 sant
317 1075 395 1100 non
425 1062 636 1111 corrigendi
664 1063 755 1107 ullo,
781 1063 819 1100 in
851 1063 1022 1113 viamque
1049 1063 1253 1100 reducendi
1283 1063 1407 1101 studio
1436 1065 1525 1110 ullo,
1554 1065 1618 1103 sed
1646 1066 1724 1104 sola

194 1126 316 1164 nostri
352 1126 591 1164 accusatione
628 1139 705 1164 sese
742 1128 880 1177 populo
909 1131 950 1164 ut
978 1128 1173 1165 venditent
1202 1141 1381 1179 suamque
1407 1130 1646 1179 tyrannidem
1671 1131 1724 1168 ita

194 1193 342 1231 demum
370 1196 546 1230 excusent
574 1196 609 1229 et
639 1193 871 1230 confirment.
928 1195 984 1230 Ac
1012 1192 1326 1243 quemadmodum
1352 1193 1468 1231 Iudas
1496 1195 1586 1231 olim
1613 1195 1722 1232 Chri-

193 1262 290 1295 stum
328 1256 534 1294 Dominum
569 1257 825 1305 neglectorum
854 1269 1058 1305 egenorum
1085 1257 1296 1303 accusabat,
1323 1271 1400 1295 non
1428 1259 1528 1308 quod
1553 1259 1610 1295 illi
1637 1272 1723 1308 ege-

191 1335 326 1360 norum
353 1321 480 1372 inopia
511 1321 614 1358 cordi
641 1325 737 1358 esset
764 1342 814 1348 —
841 1334 935 1371 quos
974 1321 1037 1359 ille
1065 1321 1182 1358 multo
1210 1322 1331 1370 magis
1358 1323 1468 1360 furtis
1497 1324 1583 1370 suis,
1611 1337 1721 1374 quam

191 1387 364 1425 Christus
393 1386 579 1423 Dominus
608 1386 792 1434 unguenti
818 1386 920 1423 illius
938 1399 1009 1423 usu
1025 1386 1223 1424 fraudabat
1241 1408 1292 1415 --
1313 1387 1376 1424 sed
1397 1388 1497 1437 quod
1519 1389 1628 1426 furtis
1646 1390 1720 1426 suis

188 1456 334 1490 tantum
363 1451 539 1488 decedere
567 1450 719 1496 doleret,
747 1471 795 1478 —
817 1451 867 1487 ita
887 1450 963 1493 isti,
984 1451 1080 1487 hanc
1101 1464 1212 1488 unam
1235 1451 1466 1489 occasionem
1488 1453 1589 1490 nacti
1611 1453 1720 1490 dissi-

190 1516 349 1561 diorum,
377 1528 446 1552 nos
473 1520 663 1559 accusant,
689 1528 766 1551 non
795 1515 895 1565 quod
924 1515 999 1552 illis
1026 1528 1098 1565 pax
1127 1528 1213 1552 vera
1242 1529 1284 1552 ac
1314 1516 1512 1554 concordia
1534 1517 1721 1555 Ecclesia·

189 1594 271 1618 rum
309 1580 413 1618 cordi
451 1580 498 1618 sit
536 1580 612 1617 ullo
654 1580 780 1626 modo,
817 1579 879 1617 scd
917 1580 1016 1630 quod
1054 1592 1162 1617 omne
1199 1593 1355 1629 regnum
1383 1595 1491 1618 suum
1522 1582 1722 1632 periclitari

189 1646 330 1691 vident,
365 1646 396 1683 si
431 1658 507 1683 non
544 1644 756 1682 doctrinam
784 1648 964 1688 nostram,
992 1657 1216 1695 quocunque
1244 1645 1395 1682 tandem
1422 1645 1535 1682 modo
1564 1647 1722 1697 possint,

191 1710 268 1747 sive
293 1710 373 1747 iure
402 1710 479 1747 sive
506 1709 642 1746 iniuria
669 1713 857 1748 accusent.
886 1711 971 1757 (84)
1001 1757 1005 1762 ἡ

242 1778 276 1813 6.
331 1774 451 1812 Aiunt
485 1778 654 1812 nostram
682 1774 890 1812 doctrinam
919 1787 998 1811 esse
1025 1787 1173 1812 causam
1200 1775 1396 1812 turbarum
1427 1788 1470 1813 ac
1497 1775 1721 1813 seditionum

189 1841 341 1891 passim,
377 1840 507 1890 illique
544 1840 761 1890 imputanda
795 1853 874 1877 esse
910 1840 1151 1890 potissimum
1189 1853 1434 1891 quaecunque
1469 1854 1627 1892 usquam
1661 1842 1723 1879 in·

190 1906 312 1942 fausta
348 1917 392 1941 ae
426 1904 617 1941 infoelicia
657 1901 785 1941 nostra
822 1905 1000 1941 memoria
1041 1904 1272 1953 obtigerunt.
1326 1905 1375 1942 Et
1412 1905 1472 1942 hic
1500 1906 1617 1943 celare
1645 1919 1722 1943 non

190 1973 347 2020 possunt
374 1967 558 2005 maiorum
587 1980 737 2005 suorum
764 1967 970 2016 ingenium,
997 1968 1061 2018 qui
1089 1967 1134 2005 de
1162 1968 1311 2006 Christo
1340 1970 1430 2006 olim
1458 1969 1621 2008 Domino
1647 1973 1722 2009 cla-

190 2031 344 2069 mabant
367 2049 384 2066 u
399 2032 618 2069 Commovet
643 2032 849 2082 populum''
873 2046 916 2069 ac
926 2039 1074 2069 rursum
1090 2049 1108 2067 a
1122 2032 1286 2070 Venient
1301 2033 1579 2078 Romani,ctc.'’
1607 2036 1724 2074 Hisce

189 2096 289 2134 enim
326 2095 482 2133 vocibus
520 2096 610 2132 olim
646 2096 837 2133 Pharisaei
873 2109 916 2133 ac
945 2097 1182 2134 sacerdotum
1208 2097 1396 2148 principes
1425 2098 1615 2137 Christum
1641 2100 1722 2138 Do-

189 2160 334 2198 minum
371 2160 409 2197 in
450 2159 621 2198 doctrina
657 2160 774 2210 ipsius
811 2160 848 2197 et
883 2161 1080 2198 turbarum
1116 2162 1285 2199 omnium
1313 2162 1349 2199 et
1385 2163 1473 2206 eius,
1501 2177 1521 2200 a
1549 2178 1620 2215 qua
1649 2166 1721 2202 sibi

190 2225 357 2262 omnium
393 2224 556 2262 maxime
590 2225 818 2271 metuebant,
856 2224 1075 2263 calamitatis
1113 2229 1281 2262 autorem
1317 2225 1438 2263 facere
1476 2227 1722 2272 conabantur,

191 2302 275 2326 cum
311 2288 460 2339 ipsimet
485 2289 526 2326 in
553 2288 625 2325 hoc
650 2289 722 2326 toti
749 2292 885 2334 essent,
911 2293 953 2326 ut
980 2293 1016 2326 et
1041 2289 1203 2326 Pilatum
1231 2294 1267 2327 et
1293 2290 1504 2327 universum
1534 2291 1624 2328 adeo
1653 2305 1720 2342 po·

189 2355 316 2404 pulum
347 2353 544 2391 calumniis
573 2353 650 2390 suis
678 2354 856 2391 adversus
885 2354 1079 2391 Christum
1106 2353 1312 2391 Dominum
1341 2354 1583 2398 concitarent,
1610 2361 1720 2406 atque

188 2418 337 2468 ipsimet
379 2418 489 2455 etiam
535 2431 599 2455 sua
646 2418 836 2468 impietate
879 2418 1067 2468 publicam
1103 2418 1206 2455 illam
1245 2419 1492 2456 calamitatem
1527 2419 1598 2456 toti
1634 2433 1720 2457 suae

190 2482 294 2532 genti
328 2483 622 2521 accersivissent.
676 2483 736 2520 Ita
772 2487 808 2520 et
843 2483 907 2520 isti
943 2483 1088 2520 faciunt
1131 2483 1257 2532 igitur,
1284 2486 1320 2520 et
1349 2496 1429 2520 cum
1459 2496 1535 2520 non
1563 2484 1626 2521 alii
1652 2486 1720 2522 ulli

191 2547 385 2585 hominum
423 2547 551 2596 generi
578 2552 614 2585 et
639 2548 770 2585 turbas
799 2561 900 2585 nunc
926 2552 1006 2585 toto
1036 2548 1126 2585 orbe
1154 2561 1282 2585 omnes
1309 2551 1345 2585 et
1373 2560 1500 2585 omnes
1529 2549 1720 2586 calamita-

189 2618 244 2651 tes
272 2612 390 2661 magis
419 2612 619 2649 debeamus
648 2625 759 2662 quam
785 2612 890 2662 ipsis,
918 2612 1052 2649 horum
1079 2612 1134 2649 illi
1161 2617 1285 2649 tamen
1313 2611 1478 2648 omnium
1507 2612 1651 2662 culpam
1679 2614 1719 2650 in

190 2689 260 2715 nos
286 2679 438 2727 propter
466 2675 677 2712 doctrinam
705 2675 903 2724 Euangelii
932 2675 1071 2713 Christi
1098 2675 1302 2713 transferre
1330 2678 1524 2711 conantur.
1569 2675 1720 2713 Norunt

190 2741 276 2787 (85)
321 2739 493 2776 videlicet
538 2739 767 2788 Euangelica
813 2740 895 2777 luce
931 2740 1070 2777 abusus
1108 2740 1246 2776 multos
1283 2737 1503 2788 reprehendi
1542 2744 1577 2776 et
1611 2753 1718 2777 suum

192 2806 325 2856 cuique
353 2803 511 2841 officium
542 2804 841 2842 commonstrari.
898 2803 945 2841 Id
973 2816 1060 2841 vero
1090 2816 1174 2841 cum
1201 2815 1301 2841 nunc
1330 2802 1378 2840 sit
1404 2801 1568 2839 invisum
1597 2804 1720 2840 omni-

192 2869 261 2906 bus
287 2873 438 2919 propter
465 2866 726 2913 adulteratam,
754 2867 916 2917 Papismi
944 2867 1181 2918 potissimum
1207 2866 1419 2917 tyrannide,
1448 2867 1616 2904 omnium
1643 2868 1720 2905 fere
