1818 3178
250 150 345 177 LXVI
879 143 1118 172 PRAEFATIO.

253 259 348 301 tem,
379 253 465 294 eius
494 249 713 293 amicitiam
746 246 1085 303 (familiaritatem
1106 260 1237 302 paene
1266 246 1469 303 dixeram)
1499 248 1541 289 in
1563 262 1748 291 summae

257 323 458 365 felicitatis
489 335 601 363 meae
631 324 747 375 parte
776 317 942 361 ducere.

305 395 461 435 Romae
491 406 572 432 non
604 389 766 444 quidem
799 389 1010 444 repulsam
1041 387 1131 437 tuli,
1156 387 1235 429 ‘sed
1266 395 1403 430 tamen
1425 403 1477 430 ex
1501 404 1657 446 magna
1676 404 1748 446 spe

246 462 483 504 deturbatus
512 475 618 502 sum.
676 458 885 501 Videlicet
914 459 954 499 in
987 459 1254 500 Monumentis
1293 460 1378 500 suis
1416 462 1472 501 ad
1498 461 1590 503 laist.
1625 459 1746 505 Geni.

246 534 400 575 Slavon.
441 528 738 586 pertinentibus
783 535 1051 571 annotaverat
1081 528 1315 570 Reverend.
1346 528 1560 583 Tnmm,
1591 531 1746 575 Biblio-

244 603 385 644 thecae
429 601 656 642 Vaticanae
696 600 943 655 praefectus,
990 599 1148 640 Romae
1195 614 1360 654 quoque
1405 603 1610 644 asservari
1639 618 1744 645 non-

243 670 370 719 nulla,
402 685 506 725 quae
535 669 659 711 Lasci
690 670 815 711 vitam
847 668 1073 710 illustrent.
1125 668 1178 710 Et
1210 669 1399 724 quamvis
1430 671 1567 726 primo
1598 671 1746 715 obtutu

244 740 515 791 admirareris,
549 740 707 782 Romae
737 754 898 794 quoque
928 738 1053 780 Lasci
1084 737 1235 781 inedita
1266 741 1420 796 scripta
1442 740 1584 790 latere,
1606 750 1744 786 tamen

243 826 288 853 re
328 810 473 852 melius
516 817 732 866 perspecta
771 808 880 851 haud
925 816 1007 851 tam
1046 808 1246 851 absonum
1288 811 1391 852 mihi
1421 826 1501 853 nec
1529 812 1746 869 illepidum

243 881 468 932 videbatur,
514 880 624 936 quod
668 880 869 922 Theiners
919 879 1218 921 observaverat.
1281 879 1383 923 Sine
1429 881 1520 924 ullo
1563 899 1744 939 namque

243 950 365 992 dubio
394 951 544 992 scrinia
572 950 762 991 Palatina
794 949 1027 1004 complures
1056 949 1181 992 Lasci
1212 950 1308 992 olim
1342 952 1641 996 continuerunt
1662 956 1748 1011 epi—

245 1021 380 1070 stolas,
426 1022 543 1062 cuius
587 1021 715 1077 igitur
759 1020 949 1062 tabularii
999 1035 1129 1076 quum
1167 1021 1319 1064 bonam
1360 1031 1522 1080 partem
1564 1026 1744 1069 Romam

243 1092 575 1148 commigravisse
606 1098 772 1142 constet,
805 1093 1031 1148 potuissent
1061 1107 1158 1134 sane
1190 1093 1318 1135 Lasci
1349 1109 1515 1152 quoque
1547 1097 1744 1153 epistolae

243 1163 471 1205 Vaticanae
514 1162 791 1204 Bibliothecae
836 1162 1005 1204 subiisse
1055 1162 1194 1205 limen.
1256 1164 1398 1221 Ipsum
1434 1167 1567 1209 ,huius
1609 1170 1745 1211 nuntii

245 1240 434 1276 autorem
478 1234 607 1289 igitur
642 1233 722 1275 adii
764 1240 803 1274 et
847 1233 1017 1289 epistola
1057 1233 1153 1277 data
1197 1235 1301 1277 Rev,
1353 1236 1537 1280 Theiner
1584 1239 1744 1296 rogavi,

246 1305 421 1346 velletne
454 1305 492 1345 in
523 1303 728 1345 Vaticana
770 1303 1025 1345 Bibliotheca
1075 1304 1409 1362 circumspicere,
1440 1308 1473 1349 si
1503 1324 1608 1363 quae
1639 1310 1745 1352 forte

246 1374 478 1418 abscondita
521 1375 606 1416 illic
653 1375 846 1418 iacerent.
907 1374 1192 1430 Responsione
1239 1392 1354 1427 vero,
1407 1394 1532 1435 quam
1575 1380 1742 1423 tandem

247 1447 410 1489 tandem
455 1446 552 1487 mihi
596 1446 704 1488 dedit
740 1447 802 1488 vir
830 1446 1102 1496 doctissimus,
1135 1450 1268 1490 omnis
1299 1465 1396 1491 mox
1430 1458 1651 1494 extenuata
1681 1460 1745 1495 est

246 1525 286 1560 et
324 1517 508 1568 concidit,
549 1532 652 1572 quae
692 1517 806 1559 initio
847 1518 1073 1570 affulserat,
1105 1534 1208 1575 spes,
1243 1521 1430 1577 nihilque
1460 1525 1548 1564 eius
1579 1525 1745 1579 generis

245 1593 286 1631 in
323 1588 528 1631 Vaticana
558 1588 694 1645 detegi
723 1604 839 1645 posse
870 1604 946 1645 pro
976 1596 1090 1632 certo
1121 1598 1161 1632 et
1192 1591 1477 1635 indubitanter
1508 1593 1608 1635 mihi
1637 1595 1745 1638 affir-

246 1660 383 1702 mavit.

300 1731 518 1773 Monaciae
559 1746 720 1787 quoque
752 1733 791 1773 in
824 1732 1036 1782 immensa,
1070 1747 1152 1788 qua
1183 1733 1362 1789 splendit
1391 1733 1514 1777 huius
1545 1735 1658 1778 urbis
1687 1740 1747 1779 ta-‘

244 1802 465 1854 bularium‚
497 1802 779 1858 Epistolarum
822 1803 1064 1845 collectione
1096 1804 1299 1859 quaedam
1329 1805 1537 1849 Lasciana
1569 1808 1744 1864 reperiri

243 1889 371 1930 posse,
404 1874 493 1927 quis
525 1888 686 1915 mecum
717 1889 800 1915 non
833 1881 938 1916 esset
968 1876 1226 1930 suspicatus?
1266 1876 1321 1917 Et
1341 1884 1389 1917 ut
1418 1891 1563 1919 verum
1595 1878 1741 1930 fatear,

240 1944 422 1987 nondum
465 1945 594 1986 omnis
641 1945 741 1986 mihi
780 1947 948 1986 evanuit
978 1961 1081 2001 spes,
1124 1946 1328 2002 quaedam
1360 1947 1473 1990 lectu
1502 1948 1743 2006 dignissima

240 2023 280 2059 et
309 2017 333 2058 ὸ,
361 2015 485 2058 Lasci
512 2031 639 2057 manu
668 2016 852 2071 profecta
880 2017 921 2058 in
945 2017 1214 2060 celeberrima
1234 2019 1311 2061 hac
1333 2019 1578 2063 collectione
1599 2021 1742 2065 latere.

237 2084 473 2138 Quominus
507 2093 643 2128 tamen
675 2093 836 2128 certum
869 2088 967 2143 quid
1011 2088 1052 2130 in
1094 2104 1142 2130 ea
1186 2104 1232 2131 re
1272 2091 1546 2145 pronuntiare
1577 2107 1740 2147 queam,

235 2157 395 2199 silentio
438 2172 512 2198 suo
552 2157 687 2198 effecit
717 2158 779 2199 vir
808 2158 1067 2201 doctissimus
1099 2159 1356 2213 CORNELIUS,
1389 2163 1508 2205 cuius
1538 2165 1740 2207 auxilium

239 2227 556 2284 imploraveram
590 2227 753 2282 quidem
786 2236 912 2284 utque
942 2231 1083 2273 studiis
1128 2233 1229 2274 meis
1260 2232 1419 2275 faveret
1468 2236 1590 2279 enixe
1619 2246 1742 2278 'eram

237 2306 439 2354 precatus,
481 2298 549 2340 sed
595 2298 761 2340 frustra.
821 2298 911 2345 Cur
949 2302 1107 2343 siluerit
1145 2303 1371 2345 diiudicare
1411 2319 1489 2345 nec
1528 2305 1624 2347 volo
1663 2321 1740 2348 nec

235 2383 413 2423 possum.
475 2368 570 2410 Hoc
601 2374 759 2410 tantum
792 2369 895 2420 dico,
928 2384 994 2412 me
1035 2371 1198 2413 nullum
1245 2371 1296 2414 ab
1327 2388 1376 2415 eo
1422 2375 1628 2431 accepisse
1673 2390 1738 2417 re-

236 2453 444 2494 sponsum.

291 2508 405 2560 Quid
435 2509 639 2565 Tigurina
670 2508 845 2564 denique
876 2511 1026 2553 scrinia
1056 2513 1295 2563 recondant.
1329 2513 1441 2556 haud
1473 2514 1595 2558 facile
1624 2515 1737 2558 dictu

238 2587 309 2622 est.
370 2579 443 2621 Est
486 2579 564 2620 hoc
608 2579 860 2621 tabularium
900 2588 982 2622 tam
1025 2582 1184 2637 grande
1227 2590 1395 2639 tamque
1425 2592 1588 2628 vastum
1619 2594 1666 2628 ut
1695 2587 1737 2628 in

236 2652 359 2692 unius
374 2650 496 2692 Lasci
526 2651 701 2706 gratiam
722 2651 933 2706 explorari
954 2652 1071 2695 nullo
1093 2669 1265 2710 prorsus
1282 2656 1404 2698 modo
1421 2658 1558 2712 possit.
1591 2657 1738 2709 Quum

237 2729 371 2763 tamen
403 2722 538 2763 virum
572 2721 636 2763 Ol.
668 2722 820 2771 Rszs,
852 2730 899 2764 ut
943 2723 1056 2767 illam
1089 2725 1330 2768 chartarum
1361 2728 1516 2770 molem
1546 2744 1739 2785 perscru-

238 2798 408 2844 taretur,
449 2791 610 2834 induxit
655 2791 818 2834 Calvini
859 2808 1030 2850 operum
1074 2796 1249 2852 repetita
1291 2797 1429 2851 editio,
1462 2814 1586 2854 quam
1617 2807 1739 2842 curat

238 2870 276 2903 et
307 2864 422 2904 cuius
453 2864 641 2919 primitiis
672 2863 826 2905 fruitur
857 2865 937 2906 iam
972 2865 1174 2908 litteratus
1204 2867 1326 2918 orbis,
1360 2869 1461 2911 mihi
1493 2877 1642 2926 sponte
1662 2880 1738 2913 sua
