1818 3178
572 120 622 146 nn
649 119 814 147 cnalsm
842 119 1163 148 ΙΝΟΑΒΝΑΤῙΟΝΕ,
1580 113 1624 149 41

162 222 216 260 Ut
243 225 366 259 autem
393 220 594 268 intelligas,
613 235 681 260 nos
696 223 735 260 in
753 227 902 260 tuorum
919 223 1086 260 locorum
1107 236 1191 261 cum
1213 224 1348 262 nostris
1369 223 1631 262 conciliatione

110 287 205 325 nihil
232 290 375 338 praeter
402 285 614 335 Scripturae
640 300 750 324 usum
778 289 870 325 velle
897 300 1017 336 agere,
1035 288 1074 325 id
1105 288 1206 339 quod
1225 302 1244 326 a
1265 291 1301 325 te
1320 287 1500 339 praestari
1519 287 1629 324 etiam

109 363 334 401 magnopere
367 362 594 399 cuperemus,
620 350 869 388 indicabimus
898 355 1045 389 nostrae
1071 351 1387 402 interpretationis
1414 354 1450 388 et
1478 350 1629 387 modum

108 415 230 465 ipsum
247 419 283 452 et
300 427 422 451 usum.
450 413 497 450 In
516 426 643 450 eorum
662 415 920 465 explicatione,
939 428 1032 465 quae
1050 416 1177 452 multis
1193 415 1362 466 partibus
1380 414 1430 452 ita
1445 418 1630 457 constant.

109 482 162 523 ut,
189 481 371 528 quatenus
397 477 544 525 integra
573 490 714 528 semper
738 483 926 522 maneant,
954 478 1070 515 dividi
1096 479 1254 530 amplius
1273 482 1531 529 praeterquam
1551 478 1626 515 sola

107 542 222 579 animi
251 541 476 590 cogitatione
504 555 695 592 nunquam
713 543 870 593 possint,
896 542 967 579 hoc
986 556 1074 579 sane
1094 547 1148 580 est
1166 543 1268 580 (licen
1277 543 1313 580 di
1331 556 1449 593 genus
1468 543 1629 580 familia-

106 606 293 643 rissimum
320 610 399 642 tum
426 605 565 654 linguis
591 610 672 643 tum
692 606 1089 657 scripturisomnibus,
1109 607 1185 644 sive
1202 608 1336 649 Sacris,
1357 608 1432 645 sive
1450 608 1629 658 profanis,

105 674 147 707 ut
176 670 234 707 vel
260 669 304 706 ad
333 674 468 720 partes,
495 669 594 720 quod
621 670 739 708 totius
766 674 834 717 est,
860 671 1034 713 referant,
1062 670 1118 707 vel
1144 671 1216 708 toti
1241 671 1424 714 tribuunt,
1452 671 1552 722 quod
1581 671 1629 708 ad

107 734 269 785 aliquam
289 733 472 771 duntaxat
490 734 652 784 partium
671 734 818 784 proprie
836 733 1018 784 pertinere
1039 738 1197 772 constat.
1215 734 1341 783 Vulgo
1362 735 1628 784 Synecdochen

105 805 251 836 vocant.
282 798 377 835 Sunt
405 802 529 835 autem
554 798 702 835 infinita
730 797 808 834 eius
836 797 1033 834 schematis
1055 798 1221 848 exempla
1237 803 1318 835 tum
1336 799 1432 849 apud
1452 799 1627 844 Graecos,

102 867 182 900 tum
218 862 316 913 apud
351 861 527 908 Latin0s;
565 861 629 898 sed
665 874 733 899 nos
762 875 804 899 ea
831 861 1051 907 adferemus,
1078 875 1173 912 quae
1199 862 1240 899 in
1267 863 1321 910 (G
1346 864 1396 910 il»)
1426 864 1627 914 Scripturis

103 927 300 965 habentur.
330 927 423 964 Cum
457 926 573 975 igitur
605 926 715 963 homo
753 926 898 963 duabus
933 926 1103 977 partibus
1129 926 1181 964 ita
1210 931 1366 969 constet,
1395 941 1525 978 nempe
1544 941 1626 966 cor·

101 1005 190 1042 pore
225 997 254 1029 el
295 991 438 1041 spiritu,
474 994 527 1037 ut,
563 996 746 1041 quatenus
781 991 925 1039 integer
959 1003 1176 1041 permanere
1214 991 1357 1037 debeat,
1395 992 1510 1030 dividi
1545 1007 1626 1030 am·

100 1057 197 1107 plius
226 1056 297 1093 nisi
325 1056 403 1092 sola
429 1055 696 1104 imaginatione
722 1067 799 1092 non
825 1055 955 1105 possit,
982 1067 1252 1105 nonnunquam
1278 1055 1316 1092 id
1345 1055 1390 1092 ad
1410 1056 1626 1094 alterutram

99 1121 201 1158 illius
233 1124 376 1171 partem
413 1119 603 1169 Scriptura
631 1119 754 1164 refert,
791 1118 890 1168 quod
919 1122 974 1155 est
1000 1119 1116 1156 totius
1144 1119 1284 1169 alioqui
1312 1119 1494 1166 hominis3
1533 1133 1625 1157 non·

101 1198 293 1236 nunquam
318 1184 390 1222 toti
415 1183 559 1228 tribuit,
585 1183 686 1232 quod
715 1183 760 1220 ad
790 1183 943 1220 alteram
971 1183 1153 1220 duntaxat
1179 1184 1343 1233 partium
1358 1184 1459 1221 illius
1478 1186 1627 1235 proprie

98 1250 270 1300 pertinet.
299 1247 438 1284 Prioris
465 1247 631 1296 exempla
659 1246 850 1291 habemus,
876 1246 943 1282 ubi
970 1246 1039 1283 sub
1060 1246 1205 1283 animae
1222 1247 1373 1284 nomine
1391 1251 1492 1284 totus
1514 1247 1624 1284 homo

100 1313 328 1362 designatur.
367 1312 462 1348 Gen.
499 1310 587 1347 xlvi.
617 1313 701 1347 Act.
730 1310 768 1348 ii.
824 1310 1046 1347 Posterioris
1073 1310 1114 1347 in
1141 1310 1370 1359 Euangelica
1397 1311 1460 1348 illa
1488 1311 1624 1349 Divitis

98 1383 134 1416 et
165 1376 328 1414 Mendici
354 1375 548 1413 antithesi:
581 1374 777 1412 Mendicus
805 1374 1021 1425 deportatur
1048 1375 1096 1412 ab
1125 1375 1282 1423 Angelis
1301 1376 1342 1412 in
1360 1375 1484 1412 sinum
1503 1376 1624 1413 Abra-

99 1443 180 1486 hae,
215 1442 327 1479 Dives
363 1453 450 1478 vero
487 1439 661 1490 sepelitur
696 1439 735 1476 in
772 1439 934 1486 inferno,
963 1453 1046 1477 cum
1072 1440 1111 1477 id
1137 1444 1260 1477 totum
1287 1440 1438 1478 nonnisi
1465 1441 1511 1478 ad
1540 1442 1624 1492 Spi-

98 1508 212 1545 ritum
238 1505 433 1555 utriusque
460 1504 589 1541 referri
614 1503 745 1554 possit.
775 1504 834 1541 Ad
863 1503 1022 1541 eundem
1048 1504 1203 1541 modum
1229 1509 1266 1543 et
1294 1505 1338 1542 de
1367 1505 1516 1543 Christo
1546 1506 1623 1543 Do-

98 1571 200 1608 mino
242 1570 347 1607 iuxta
389 1568 659 1605 humanitatem
693 1567 795 1604 illius
831 1568 1007 1617 legimus:
1055 1569 1101 1606 In
1139 1574 1383 1607 monumento
1419 1575 1624 1621 posuerunt

97 1648 193 1679 cum,
220 1634 275 1671 Ut
294 1633 483 1670 venientes
500 1636 685 1681 ungerent
705 1632 841 1676 Iesum,
862 1633 987 1669 Iesum
1006 1633 1182 1683 quaeritis
1201 1634 1430 1680 crucifixum,
1444 1657 1495 1664 --
1510 1649 1625 1686 quum

98 1700 189 1738 haec
213 1703 337 1736 tamen
366 1698 520 1736 nonnisi
546 1697 593 1734 ad
621 1709 754 1747 corpus
783 1697 923 1735 Christi
950 1702 1138 1735 mortuum
1164 1700 1387 1749 pertineant.
1441 1700 1502 1745 Et,
1530 1714 1624 1751 quo-

97 1765 199 1802 niam
235 1764 404 1801 Christus
437 1762 622 1800 Dominus
657 1766 801 1813 praeter
837 1762 995 1800 aliorum
1022 1764 1189 1800 omniiun
1218 1764 1412 1802 hominum
1441 1770 1624 1810 naturam,

98 1828 243 1866 duabus
277 1831 465 1878 praeterea
494 1827 636 1864 naturis
673 1827 784 1863 etiam
809 1826 862 1864 ita
891 1832 1049 1872 constat,
1077 1827 1202 1865 divina
1231 1828 1400 1867 videlicet
1427 1834 1463 1868 et
1491 1830 1622 1867 huma-

98 1906 158 1937 na,
195 1892 314 1942 sitque
350 1892 450 1928 Deus
486 1891 595 1927 simul
631 1895 666 1928 et
701 1890 825 1934 homo,
862 1890 916 1938 (G
942 1892 1005 1938 iia)
1042 1905 1139 1929 unus
1176 1897 1287 1942 atque
1312 1893 1412 1931 idem
1441 1894 1626 1940 Christus,

98 1956 412 2008 quemadmodum
459 1955 609 2005 spiritus
646 1960 682 1992 et
719 1968 803 1992 caro
832 1959 886 1993 est
914 1969 1011 1993 unus
1039 1961 1149 2007 atque
1174 1957 1273 1994 idem
1302 1958 1427 2004 homo,
1452 1981 1503 1987 -
1531 1961 1625 1998 solet

98 2033 369 2070 nonnunquam
407 2019 596 2069 Scriptura
630 2019 687 2056 illi
721 2019 793 2056 toti
826 2020 1003 2066 tribuere,
1038 2022 1136 2071 quod
1166 2022 1273 2059 alteri
1301 2022 1482 2061 duntaxat
1508 2024 1625 2074 ipsius

98 2090 253 2123 naturae
278 2083 471 2134 proprium
497 2095 576 2120 esse
605 2087 772 2128 constat3
801 2095 1072 2134 nonnunquam
1101 2098 1198 2131 vero,
1225 2086 1324 2136 quod
1351 2087 1468 2124 totius
1488 2088 1627 2126 Christi

96 2154 164 2194 est,
202 2150 272 2186 hoc
305 2152 373 2191 est,
408 2147 479 2184 Dei
513 2147 623 2184 simul
660 2159 703 2184 ac
740 2147 922 2193 hominis,
957 2149 995 2185 id
1033 2149 1079 2186 ad
1116 2149 1270 2187 alteram
1307 2151 1489 2189 duntaxat
1524 2153 1626 2191 illius

97 2217 240 2264 partem
276 2212 400 2249 refert.
454 2211 513 2248 Ita
540 2211 715 2254 Ioannes,
751 2210 930 2257 Verbum,
966 2213 1065 2262 quod
1102 2217 1179 2250 erat
1215 2215 1262 2250 ab
1298 2214 1419 2259 initio,
1446 2216 1628 2263 auditum,

97 2279 219 2316 visum
246 2282 281 2315 et
310 2280 581 2314 contrectatum
609 2289 687 2313 esse
716 2276 835 2314 docet.
874 2276 950 2313 Hic
977 2277 1075 2314 enim
1104 2278 1173 2314 sub
1202 2278 1319 2316 Verbi
1348 2280 1499 2318 nomine
1524 2285 1627 2319 totus

100 2344 270 2382 Christus
313 2341 549 2390 intelligitur,
587 2339 685 2377 Deus
724 2341 861 2391 pariter
897 2354 940 2378 ac
975 2341 1099 2386 homo,
1135 2342 1279 2380 etiamsi
1308 2344 1376 2381 sub
1406 2345 1509 2382 verbi
1537 2358 1627 2383 voce

99 2407 237 2445 Divina
275 2407 457 2444 duntaxat
492 2405 530 2441 in
561 2404 710 2441 Christo
748 2408 880 2442 natura
908 2406 1056 2456 proprie
1083 2405 1309 2456 designetur,
1337 2421 1430 2458 quae
1457 2410 1628 2460 equidem

99 2485 219 2522 neque
251 2470 368 2508 videri
393 2470 433 2506 in
462 2469 536 2505 vita
564 2468 633 2505 hac
659 2481 837 2518 unquam,
863 2469 981 2507 multo
1010 2470 1134 2508 minus
1162 2475 1285 2508 autem
1313 2474 1535 2511 contrectari
1560 2488 1628 2525 po-

99 2540 184 2574 test.
239 2534 311 2572 Sed
339 2534 457 2571 multo
487 2532 717 2582 frequentius
746 2531 817 2569 hoc
844 2533 933 2570 facit
963 2534 1167 2584 Scriptura,
1194 2539 1235 2572 ut
1261 2537 1332 2573 toti
1361 2537 1522 2584 Christo,
1550 2538 1629 2576 Deo

102 2599 211 2637 simul
245 2612 289 2636 ac
318 2597 470 2642 homini,
496 2597 649 2638 tribu-at.
677 2597 776 2647 quod
805 2597 912 2634 alteri
940 2598 1122 2636 duntaxat
1149 2600 1250 2637 illius
1277 2605 1432 2639 naturae
1459 2606 1513 2639 est
1540 2617 1627 2653 pro·

101 2665 235 2716 primu.
291 2664 352 2701 Sic
388 2663 487 2700 enim
525 2675 592 2699 nos
628 2661 789 2711 Spiritus
827 2666 978 2699 sanctus
1018 2664 1191 2701 certiores
1219 2664 1298 2702 vult
1326 2666 1445 2703 facere
1474 2666 1517 2703 de
1545 2680 1629 2704 vera

102 2734 212 2780 atque
249 2729 404 2766 saeculis
437 2728 510 2764 iam
547 2727 719 2776 deinceps
756 2726 930 2764 omnibus
964 2727 1158 2765 individua
1195 2729 1271 2765 veri
1299 2729 1367 2766 Dei
1394 2734 1429 2767 et
1457 2731 1533 2767 veri
1561 2730 1630 2768 ho-

100 2795 212 2832 minis
246 2795 287 2832 in
324 2793 472 2831 Christo
510 2792 752 2829 Emmanuele
780 2792 1055 2837 coniunctione,
1081 2797 1135 2839 ut,
1163 2794 1262 2839 dum,
1289 2794 1389 2844 quod
1416 2796 1532 2845 partis
1558 2802 1626 2841 est,

101 2859 173 2898 toti
207 2859 325 2898 tribui
360 2859 546 2905 audimus,
578 2857 811 2894 individuam
849 2857 1010 2907 partium
1045 2859 1348 2897 coniunctionem
1382 2859 1421 2896 in
1457 2860 1522 2898 illo
1550 2875 1629 2900 esse
