1818 3178
577 133 628 159 ΒΕ
655 133 821 160 cflms'rI
848 131 1169 160 INOARNATIONE.
1589 121 1635 157 53

111 235 247 286 legitur
273 235 312 274 in
340 233 587 273 Frobenianis
614 236 888 287 exemplaribus
916 235 956 275 ἐν
985 239 1103 288 αὑτῷ,
1131 237 1259 272 autore
1276 232 1410 284 opinor
1430 231 1629 268 Erasmo

112 299 293 337 Rotero
306 299 461 342 damn,
487 299 551 349 qui
578 300 617 347 (I
644 301 702 348 ia),
729 304 894 339 veterum
921 300 1164 350 interpretum
1191 297 1428 336 autoritatem
1443 298 1633 345 sequutus,

108 363 161 401 ita
181 363 280 401 hune
294 363 419 400 locum
438 362 636 411 legendum
655 378 733 402 esse
749 365 904 415 putavit,
932 377 1041 414 quem
1061 363 1207 400 demum
1224 362 1288 399 alii
1308 373 1455 411 quoque
1474 359 1634 409 sequuti,

111 427 182 465 Dei
215 439 362 477 quoque
399 439 533 464 nomeu
569 428 615 464 ad
651 429 720 465 filii
759 441 954 478 personam
990 428 1094 464 iuxta
1130 427 1351 463 Latinorum
1388 425 1632 474 interpretum

109 490 381 542 expositionem
417 491 584 529 retulisse
625 492 808 530 videntur.
864 492 1055 529 Caeterum
1090 491 1168 541 ipse
1204 490 1401 527 verborum
1438 492 1631 525 contextus

110 568 186 593 non
222 554 416 605 permittit,
443 560 483 593 ut
511 569 647 593 nomen
674 556 745 593 Dei
772 556 842 592 hoe
870 555 951 593 loeo
980 556 1026 593 ad
1054 555 1121 592 filii
1147 569 1344 606 personam
1371 555 1566 597 referatur,
1594 556 1629 590 et

109 618 149 656 in
166 618 332 665 Graecis,
359 624 399 656 ut
426 618 516 665 dixi,
542 620 814 671 exemplaribus
843 620 942 657 varia
970 620 1079 656 lectio
1108 623 1164 656 est
1181 624 1331 670 propter
1353 623 1526 656 accentus
1546 631 1629 654 mu-

109 685 302 724 tationem.
337 685 450 729 Nam,
477 686 547 723 etsi
573 686 609 723 in
639 684 873 722 Frobeniana
902 683 1089 721 aeditione
1114 685 1259 733 legatur
1287 683 1326 724 ἐν
1359 687 1477 734 αὐτῷ,
1504 686 1628 719 tamen

111 749 251 788 Aldina
295 753 331 787 et
376 750 663 799 Argentinensis
708 748 843 786 aeditio
881 748 992 785 babet
1028 747 1067 788 ἐν
1106 751 1233 800 κῦτῷς
1272 752 1382 798 atque
1418 747 1469 784 ita
1504 750 1629 784 extare

109 812 223 851 etiam
259 812 395 851 dieitur
422 813 562 851 Romae
588 814 627 850 in
656 812 855 863 exemplari
882 811 1089 857 Vaticano;
1128 812 1217 861 quin
1247 815 1282 848 et
1310 811 1481 848 Budense
1508 823 1634 847 exem·

109 877 191 927 plar
217 877 521 921 vetustissimum,
548 877 661 928 quod.
682 891 701 914 e
722 876 928 927 direptione
949 876 1366 926 Constantinopolitana
1387 876 1638 920 adservatum,

109 941 258 979 Budam
293 941 441 980 demum
477 942 545 979 sub
585 941 745 979 Matthia
783 941 884 990 Rege
911 940 1065 977 allatum
1093 941 1225 984 fuerat,
1253 940 1407 977 eandem
1435 941 1635 977 lectionem

110 1006 284 1046 habebat.
341 1007 447 1045 Quae
483 1007 654 1058 equidem
689 1006 799 1044 lectio
837 1005 873 1043 et
908 1005 1041 1042 melius
1078 1005 1303 1055 respondere
1331 1005 1477 1041 videtur
1513 1004 1638 1041 verbis

110 1072 230 1117 Pauli,
266 1085 359 1123 quae
397 1071 634 1123 praecedunt,
662 1071 698 1109 et
727 1070 949 1108 sententiam
975 1070 1028 1108 rei
1055 1070 1174 1121 ipsam
1201 1070 1318 1107 multo
1349 1069 1483 1106 elarius
1511 1070 1636 1106 absol-

110 1140 217 1184 vunt,
249 1141 292 1174 ut
327 1137 375 1174 sit
409 1137 441 1174 is
480 1149 621 1181 sensus,
658 1137 854 1186 ipsummet
882 1135 1030 1172 Patrem
1058 1134 1177 1172 Deum
1204 1138 1372 1172 autorem
1400 1138 1548 1172 nostrae
1577 1148 1635 1171 sa-

109 1200 198 1238 lutis
233 1213 323 1245 esse,
357 1199 422 1250 qui
458 1199 633 1237 excitavit
676 1199 864 1236 Christum
900 1199 1018 1236 filium
1052 1212 1160 1236 suum
1197 1212 1242 1235 ex
1286 1198 1458 1242 mortuis,
1492 1202 1528 1235 et
1569 1210 1637 1235 nos

111 1277 196 1302 eum
222 1263 287 1301 illo
316 1263 518 1300 vivificavit
533 1279 543 1310 ;
572 1263 633 1313 qui
662 1263 953 1313 chirographum
980 1262 1068 1300 item
1097 1262 1240 1313 peceati
1267 1262 1388 1300 nostri
1415 1262 1453 1310 (I
1476 1262 1540 1309 ib),
1558 1262 1639 1310 lege

111 1327 341 1373 conclusum,
368 1326 431 1364 sed
469 1326 570 1364 eruci
607 1326 754 1364 demum
781 1326 849 1364 filii
887 1327 944 1364 sui
970 1328 1131 1373 affixum,
1158 1340 1177 1363 e
1202 1326 1325 1364 medio
1356 1326 1524 1372 sustulit3
1554 1326 1637 1376 qui-

109 1406 181 1444 que
207 1392 253 1430 de
278 1392 550 1443 principatibus
577 1405 621 1430 ac
647 1392 895 1443 potestatibus
924 1392 1111 1435 omnibus,
1139 1405 1232 1442 quae
1259 1391 1315 1428 illi
1343 1390 1574 1428 adversariae
1597 1390 1638 1427 in

109 1457 179 1496 hac
213 1460 319 1508 parte
354 1457 515 1502 fuerant,
549 1460 792 1508 posteaquam
818 1470 880 1494 eas
907 1456 1143 1507 expoliasset,
1169 1469 1234 1506 per
1260 1456 1418 1493 eundem
1444 1455 1565 1505 ipsum
1593 1455 1637 1491 fi-

123 1522 203 1559 ium
239 1533 360 1567 suum,
387 1521 527 1558 faetum
557 1521 758 1565 hominem,
785 1521 950 1570 gloriose
975 1519 1233 1570 triumphavit.
1288 1519 1400 1556 Hane
1427 1532 1506 1556 esse
1534 1519 1641 1555 Pauli

109 1585 345 1627 sententiam.
379 1585 493 1623 verba
529 1585 609 1636 ipsa
645 1588 842 1628 testantur,
869 1597 963 1635 quae
988 1584 1226 1635 praecedunt.
1283 1584 1343 1620 Sic
1371 1583 1468 1620 enim
1497 1582 1639 1620 habent

110 1650 223 1688 verba
256 1649 357 1701 ipsa:
385 1651 431 1687 In
461 1663 532 1699 (juo
561 1652 710 1700 (nempe
737 1649 775 1686 in
803 1649 1015 1700 Baptismo)
1042 1651 1152 1687 simul
1178 1651 1286 1686 etiam
1314 1663 1396 1687 cum
1424 1650 1485 1686 illo
1514 1650 1636 1696 (nem-

110 1728 155 1766 pe
191 1714 361 1761 Christo)
388 1717 644 1753 resurrexistis
667 1728 737 1763 per
753 1715 869 1762 fidem
899 1716 1093 1763 efficientis
1121 1716 1221 1751 illam
1251 1716 1327 1751 Dei
1352 1713 1546 1762 (nimirum
1566 1713 1637 1750 Pa-

109 1779 210 1827 tris),
237 1781 303 1829 qui
326 1779 471 1827 (Pater)
499 1780 669 1817 emeitavz'l
696 1781 796 1816 illum
825 1779 962 1827 (filium
991 1792 1099 1816 suum
1128 1779 1317 1816 Christum
1345 1778 1564 1825 Dominum)
1594 1791 1637 1815 ecc

113 1845 277 1882 mortuis.
331 1845 384 1881 Et
409 1856 472 1881 vos
501 1843 617 1891 (idem
643 1843 784 1891 Pater),
813 1857 923 1893 quum
951 1846 1076 1882 essetis
1096 1858 1170 1893 per
1198 1846 1332 1881 delicta
1351 1845 1635 1892 etpraepnffium

112 1910 239 1946 carnis
266 1914 409 1946 vestrae
437 1910 571 1945 mortui
596 1910 705 1946 simul
732 1922 813 1946 cum
842 1910 901 1946 illo
929 1910 1079 1959 (nempe
1104 1908 1286 1956 Christo),
1313 1910 1520 1956 vivificavit,
1547 1921 1637 1946 con-

113 1977 259 2012 donans
294 1972 412 2020 (idem
438 1973 566 2020 Pater)
594 1974 697 2010 nobis
725 1975 849 2010 omnia
878 1975 1039 2019 delz'eta;
1068 1975 1132 2022 qui
1159 1981 1191 2011 et
1219 1975 1345 2011 delevit
1374 1975 1475 2022 quod
1501 1974 1636 2010 adver-

111 2051 175 2077 sus
202 2051 269 2076 nos
297 2044 377 2075 erat
404 2038 706 2085 chz‘roqraplzum,
733 2045 765 2074 ec
787 2050 858 2086 per
885 2039 1031 2076 decreta
1060 2039 1163 2075 nobis
1182 2039 1409 2075 contrarium
1431 2043 1511 2074 erat
1521 2050 1535 2081 ,·
1555 2050 1637 2074 sus-

113 2104 265 2151 tulitque
292 2103 442 2151 (nempe
466 2100 567 2138 idem
592 2100 720 2148 Pater)
748 2103 845 2139 illud
865 2116 938 2151 per
965 2115 1110 2140 erucem
1138 2101 1332 2150 (nimirum
1362 2100 1642 2148 Ch1·i-(Iiia)sti

114 2166 182 2204 filii
218 2166 306 2213 sui),
339 2166 604 2214 expoliansque
624 2167 866 2214 principatus
894 2173 926 2203 et
947 2173 1146 2215 potestates
1175 2165 1292 2213 (idem
1319 2165 1459 2211 Pater),
1487 2166 1644 2202 ostentui

114 2229 274 2267 exhibuit
309 2240 368 2265 eos
398 2229 544 2276 palam,
584 2229 817 2277 triumphans
845 2230 926 2266 illos
954 2230 992 2266 in
1021 2231 1114 2278 ipso,
1139 2231 1196 2267 vel
1216 2242 1287 2279 per
1314 2231 1446 2278 ipsum,
1474 2228 1545 2265 hoe
1572 2232 1640 2272 est,

114 2305 179 2344 per
215 2290 406 2329 Christum
441 2290 560 2328 filium
589 2304 707 2336 suum,
733 2305 800 2343 per
826 2305 935 2343 quem
961 2293 1124 2331 restituit
1151 2293 1289 2330 omnia.
1344 2292 1486 2343 Estque
1512 2292 1640 2330 eadem

114 2369 267 2408 prorsus
294 2355 416 2401 huius,
443 2368 536 2407 quae
562 2359 598 2394 et
624 2356 823 2407 superioris
841 2357 916 2394 loci
933 2358 1136 2404 sententia;
1154 2357 1336 2403 videlieet,
1355 2357 1474 2394 Deum
1491 2357 1640 2394 Patrem

115 2424 284 2458 autorem
319 2433 398 2458 esse
435 2420 564 2457 salutis
603 2424 753 2458 nostrae
788 2434 852 2471 per
887 2421 1005 2459 filium
1043 2435 1150 2459 suum
1186 2434 1251 2472 pro
1280 2421 1390 2459 nobis
1417 2422 1457 2458 in
1483 2426 1640 2458 mortem

115 2484 307 2529 traditum,
345 2488 384 2522 ut
419 2487 610 2535 peecatum
647 2497 712 2534 per
738 2488 931 2535 peecatum
960 2485 1278 2529 condemnaretur,
1306 2490 1341 2522 et
1368 2498 1468 2522 mors
1496 2497 1640 2535 prome-

115 2550 186 2588 rita
222 2553 341 2588 morte
377 2549 571 2587 innocenti
606 2554 832 2599 pensaretur.
887 2549 1018 2599 Neque
1043 2562 1112 2598 ego
1141 2562 1222 2586 sum
1249 2550 1390 2599 primus
1419 2550 1496 2586 eius
1524 2549 1640 2585 inter-

116 2613 337 2665 pretationis
372 2618 490 2651 autor.
529 2611 734 2650 Adnotavit
768 2612 856 2649 haee
895 2612 1034 2649 dudum
1063 2613 1116 2649 vir
1145 2612 1181 2650 et
1207 2613 1342 2663 pietate
1370 2611 1406 2649 et
1434 2611 1642 2649 eruditione

117 2678 291 2728 insignis,
310 2678 521 2716 Iacobus
541 2677 600 2714 Fa
615 2677 695 2714 ber
724 2677 1126 2727 Stapulensis‚qui
1143 2677 1183 2717 ἐν
1205 2680 1310 2725 αὐτῷ
1332 2675 1644 2726 sineaspiratione

118 2741 316 2791 legendum
343 2756 423 2780 esse
448 2742 604 2793 putavit.
634 2740 838 2778 Adnotavit
858 2745 893 2778 et
913 2741 1077 2780 Caieta
1091 2755 1175 2778 nus
1189 2771 1197 2787 ,
1216 2742 1410 2778 Sacrarum
1429 2739 1644 2777 hauddubie

121 2807 331 2846 Literarum
350 2807 532 2860 interpres
553 2805 918 2856 vigilantissimus‚et
934 2805 973 2843 in
991 2805 1130 2857 linguis
1146 2819 1282 2858 magua
1297 2818 1380 2842 eum
1394 2803 1502 2842 laude
1521 2816 1643 2842 versa-
