1818 3178
469 130 520 156 Dr
551 130 832 158 SAORAMENTIS
862 131 1075 159 noemmin:
1104 130 1281 159 cuaisri.
1566 121 1636 157 129

115 232 189 270 tiae
226 235 427 283 respectus,
453 231 493 268 iu
521 235 619 268 certa
647 232 828 282 quaedam
853 245 989 282 genera
1017 233 1126 271 nobis
1155 232 1269 270 veluti
1295 232 1334 269 in
1363 231 1498 269 classes
1525 243 1638 281 quas-

117 296 203 334 dam
231 295 489 334 distribuenda
516 300 637 334 erunt.
1331 296 1334 298 ’

168 361 298 399 Gratia
333 359 404 398 Dei
440 360 581 397 conditi
617 373 744 398 sumus
779 361 888 398 initio
916 361 962 398 ad
992 362 1103 398 vitam
1132 365 1333 405 aeternam,
1359 360 1480 409 gratia
1508 359 1577 397 Dei
1604 363 1640 396 et

114 426 155 463 iu
190 425 266 463 vita
302 425 372 462 hac
410 426 685 472 sustenta-(fol.
717 427 896 472 17³)1nur,
931 430 965 463 et
1006 425 1135 463 eadem
1163 425 1275 462 etiam
1301 425 1422 474 gratia
1448 424 1531 468 Dei,
1557 428 1641 475 post

114 493 319 540 peccatum,
354 488 401 526 ad
438 489 553 525 vitam
579 502 707 526 rursus
735 494 922 526 aeternam
951 489 989 526 in
1018 489 1167 526 Christo
1197 489 1359 526 Domino
1388 489 1550 526 restituti
1577 501 1638 526 su-

113 567 210 592 mus.
261 553 334 590 Pro
380 553 482 590 hisce
526 554 641 602 igitur
676 553 835 591 Divinae
869 566 957 601 erga
993 566 1061 591 nos
1098 554 1238 601 gratiae
1273 553 1502 604 respectibus
1539 553 1640 591 varia

113 618 226 655 etiam
262 618 500 654 Sacramenta
537 631 557 654 a
585 617 665 654 Deo
692 618 774 668 ipso
803 617 973 654 ordinata
1002 616 1193 655 habemus.
1248 617 1311 653 Sic
1337 630 1466 654 omnes
1495 622 1640 654 creatu-

113 693 187 725 rae,
226 681 314 718 dum
340 681 424 718 illas
451 681 652 726 intuemur,
680 681 769 718 dum
795 681 869 718 illis
896 681 1050 726 utimur,
1076 680 1164 717 dum
1192 694 1319 718 earum
1345 681 1639 719 vicissitudinem

113 745 366 791 observamus,
403 750 632 783 sacramenta
670 750 757 783 sunt
793 744 952 782 Divinae
987 757 1074 792 erga
1110 757 1179 782 nos
1216 746 1370 793 gratiae,
1397 745 1502 782 iuxta
1529 758 1641 795 quam

112 823 239 847 earum
275 810 417 848 domini
451 810 559 847 initio
598 809 739 847 conditi
778 822 917 854 sumus,
943 813 979 846 et
1005 822 1074 846 usu
1105 821 1231 846 earum
1260 822 1304 847 ex
1333 809 1459 846 divina
1486 810 1639 846 ordina-

113 874 215 912 tione
244 879 516 921 sustentamur-3
551 874 652 924 quod
688 873 752 923 qui
780 886 905 910 secum
933 873 1131 922 diligenter
1158 874 1384 923 perpendere
1412 875 1554 919 volunt,
1581 873 1640 911 in-

112 938 284 987 telligent
313 938 385 975 sibi
413 937 588 975 omnibus
615 937 686 974 Dei
712 937 904 981 creaturis,
929 941 1109 987 tanquam
1129 937 1198 974 Dei
1223 938 1485 983 Sacramentis,
1515 942 1642 975 sancte

113 1007 148 1040 et
186 1015 270 1039 cum
296 1002 501 1051 gratiarum
528 1001 675 1039 actione
703 1014 845 1051 semper
872 1001 1054 1038 utendum
1081 1014 1172 1047 esse,
1199 1006 1480 1052 agnoscentque
1505 1002 1637 1052 impie-

112 1067 201 1104 tatis
237 1066 548 1115 magnitudinem,
580 1066 612 1102 si
647 1065 730 1115 quis
757 1065 831 1102 illis
858 1078 922 1115 per
948 1066 1079 1102 luxum
1107 1069 1170 1102 aut
1198 1065 1270 1102 alio
1300 1066 1432 1116 quovis
1460 1066 1571 1103 modo
1599 1066 1638 1103 in

117 1131 184 1169 Dei
211 1131 329 1181 ipsius
358 1130 634 1175 contumeliam,
662 1130 766 1167 cuius
794 1137 1025 1167 sacramenta
1054 1134 1157 1176 sunt,-
1179 1131 1366 1169 abutatur.

167 1196 361 1233 Caeterum
388 1207 457 1232 nos
485 1193 546 1231 hic
571 1194 611 1231 in
639 1198 767 1231 nostra
795 1193 866 1230 hac
890 1193 1115 1231 tractatione
1142 1207 1219 1231 non
1246 1194 1291 1231 de
1317 1208 1358 1231 ea
1378 1194 1537 1232 Divinae
1554 1208 1640 1244 erga

114 1273 183 1297 nos
219 1259 360 1309 gratiae
394 1262 498 1309 parte
531 1258 689 1307 agimus,
724 1257 828 1295 iuxta
857 1271 980 1308 quam,
1007 1262 1072 1295 aut
1100 1271 1228 1295 sumus
1254 1258 1364 1296 initio
1394 1259 1549 1303 conditi,
1576 1264 1640 1297 aut

113 1324 316 1361 etiamnum
351 1322 391 1360 in
428 1322 503 1359 vita
541 1322 611 1359 hac
647 1325 912 1366 sustentamur,
949 1321 1013 1360 sed
1041 1322 1085 1359 de
1112 1336 1154 1360 ea
1183 1323 1366 1360 duntaxat
1392 1327 1508 1373 parte,
1534 1323 1640 1360 iuxta

112 1400 236 1438 quam,
270 1386 311 1424 in
347 1386 492 1424 Adamo
531 1386 652 1437 primo
689 1389 843 1437 parente
878 1391 1009 1424 nostro
1049 1388 1118 1424 sub
1147 1391 1305 1425 mortem
1333 1391 1522 1425 aeternam
1551 1400 1640 1424 con-

113 1450 289 1496 demnati,
323 1450 370 1488 ad
404 1450 518 1488 vitam
554 1464 683 1488 rursus
721 1453 908 1488 aeternam
946 1451 984 1488 in
1015 1451 1165 1488 Christo
1194 1451 1359 1488 Domino
1386 1450 1550 1488 restituti
1578 1464 1638 1488 su-

113 1528 208 1553 mus.
263 1514 312 1552 Et
347 1515 505 1566 proinde
542 1515 586 1552 de
612 1515 659 1552 iis
688 1515 870 1553 duntaxat
897 1516 1008 1553 etiam
1038 1516 1289 1553 Sacramentis
1316 1515 1501 1564 agendum
1529 1515 1640 1553 nobis

111 1579 193 1626 erit,
220 1593 314 1630 quae
340 1579 536 1617 restitutae
562 1579 672 1617 nobis
699 1580 739 1618 in
769 1580 916 1618 Christo
946 1580 1109 1618 Domino
1137 1581 1235 1618 vitae
1255 1581 1403 1628 ae-(fol.
1426 1582 1640 1628 l7b)ternae

113 1644 352 1682 Sacramenta
379 1657 459 1681 esse
487 1647 646 1682 constat.

164 1707 308 1746 Deinde
332 1708 430 1746 inter
456 1708 650 1746 restitutae
676 1708 787 1746 etiam
815 1709 854 1759 in
884 1709 1032 1747 Christo
1061 1708 1224 1746 Domino
1254 1709 1351 1746 vitae
1378 1712 1548 1746 aeternae
1569 1710 1636 1745 Sa-

113 1778 302 1811 cramenta
341 1778 429 1811 sunt
465 1773 660 1824 quaedam,
687 1787 783 1825 quae
809 1774 848 1812 in
876 1774 947 1812 Dei
972 1774 1090 1825 ipsius
1117 1778 1303 1825 potestate
1329 1778 1365 1812 et
1393 1774 1638 1824 dispositione

114 1840 201 1874 sunt
235 1836 371 1887 posita,
397 1850 516 1888 neque
544 1838 619 1875 ullo
651 1837 817 1876 humano
844 1851 953 1889 opere
981 1842 1168 1881 constant,
1195 1844 1238 1876 ut
1263 1851 1372 1875 arcus
1402 1838 1570 1876 caelestis
1597 1838 1637 1874 in

114 1899 292 1944 nubibus,
318 1905 353 1937 et
380 1899 529 1937 flamma
557 1900 646 1937 olim
674 1901 854 1947 caelestis,
880 1914 974 1952 quae
1001 1907 1167 1939 veterum
1195 1902 1377 1939 sacrificia
1397 1902 1634 1947 absumebat3

115 1963 296 2014 quaedam
340 1975 570 2013 ver0,‚quae
605 1963 706 2001 Deus
742 1965 895 2015 publico
932 1965 1122 2003 Ecclesiae
1162 1979 1249 2003 suae
1283 1965 1492 2003 ministerio
1521 1965 1639 2003 voluit

118 2028 158 2066 in
177 2024 253 2065 ¹sua
280 2027 447 2065 Ecclesia
476 2027 667 2067 celebrari.

168 2093 261 2130 Cum
287 2096 412 2130 autem
440 2092 485 2130 de
511 2093 589 2130 eius
616 2093 762 2142 generis
791 2093 1032 2131 sacramentis
1059 2094 1162 2130 nulla
1191 2094 1237 2131 sit
1266 2094 1529 2139 controversia,
1545 2107 1638 2144 quae

114 2157 155 2195 in
190 2157 270 2194 sola
305 2156 375 2194 Dei
411 2156 657 2207 dispositione
693 2170 780 2194 sane
816 2162 903 2195 sunt
930 2158 1065 2208 posita,
1087 2171 1205 2208 neque
1232 2158 1309 2195 ullo
1338 2158 1502 2195 humano
1529 2170 1638 2208 opere

115 2222 192 2259 ulla
219 2221 372 2259 omnino
401 2234 445 2259 ex
472 2225 575 2272 parte
603 2226 786 2267 constant,
814 2234 883 2259 nos
910 2222 1021 2259 etiam
1039 2222 1100 2258 hic
1119 2222 1164 2259 de
1179 2221 1255 2258 illis
1276 2234 1352 2259 non
1371 2235 1534 2270 agemus,
1566 2222 1638 2259 Sed

115 2286 161 2324 de
188 2286 240 2324 eis
267 2286 447 2324 duntaxat
473 2299 637 2335 agemus,
663 2299 757 2336 quae
784 2286 884 2324 Deus
912 2287 1061 2337 publico
1090 2286 1280 2324 Ecclesiae
1295 2286 1500 2324 ministerio
1521 2288 1639 2324 voluit

117 2350 307 2394 celebrari,
345 2350 388 2388 de
424 2350 559 2401 quibus
595 2350 736 2401 alioqui
762 2350 875 2388 etiam
901 2364 1055 2399 magnas
1085 2350 1356 2388 controversias
1384 2355 1531 2388 exortas
1559 2364 1639 2388 esse

118 2415 300 2453 videmus.

167 2482 220 2518 At
265 2492 350 2517 vero
386 2483 422 2517 et
461 2492 589 2516 eorum
625 2479 964 2523 Sacramentorum,
1000 2492 1094 2529 quae
1129 2479 1168 2516 in
1204 2478 1412 2516 ministerio
1450 2479 1638 2516 Ecclesiae

118 2548 206 2582 sunt
232 2544 367 2594 posita,
393 2544 465 2581 alia
493 2543 539 2581 ad
569 2547 688 2581 certas
716 2543 900 2581 duntaxat
927 2556 1104 2593 personas
1131 2543 1333 2594 pertinent,
1361 2543 1465 2581 cuius
1491 2544 1637 2593 generis

118 2607 317 2645 sacerdotii
353 2607 444 2645 ordo
491 2614 527 2645 et
575 2607 719 2645 functio
755 2607 795 2644 in
831 2607 982 2645 Israelis
1018 2607 1186 2645 Ecclesia
1222 2611 1321 2654 erat3
1356 2607 1428 2645 alia
1466 2620 1552 2645 vero
1593 2607 1637 2643 ad

117 2676 235 2710 totam
273 2672 425 2710 omnino
454 2672 660 2710 Ecclesiam
689 2675 724 2709 et
752 2672 900 2721 singula
927 2672 1093 2709 membra
1121 2672 1222 2710 illius
1249 2673 1447 2723 pertinent,
1474 2676 1637 2722 praetcr-

120 2749 232 2787 quam
268 2736 299 2774 si
335 2740 399 2774 aut
434 2736 514 2787 ipsa
549 2736 713 2786 mysterii
749 2735 788 2773 in
827 2736 1067 2773 Sam-amento
1102 2736 1198 2774 ratio
1235 2736 1338 2773 aliud
1375 2737 1551 2786 postulet,
1578 2739 1640 2772 aut

120 2806 251 2839 natura
297 2801 437 2852 alioqui
481 2802 616 2839 adnata
659 2801 768 2839 nobis
803 2800 1003 2838 infirmitas
1038 2801 1234 2839 evidensve
1267 2801 1390 2850 aliqua
1426 2800 1509 2849 (fol.
1556 2801 1639 2846 18²¹)

122 2867 323 2906 necessitas
352 2880 459 2906 usum
485 2866 586 2906 illius
614 2879 689 2905 non
716 2865 903 2906 admittat⁴

171 2929 206 2969 Ι.
1470 2932 1490 2970 9
