1818 3178
718 122 777 150 nr.
808 122 952 150 Doc'ru.
1530 113 1600 149 501

70 229 176 267 Idem
204 241 290 267 vero
324 240 425 266 nunc
451 227 563 266 etiam
592 221 663 267 hoc
689 235 866 282 perpetuo
895 230 984 280 agit,
1010 234 1053 269 ut
1078 233 1321 282 posteaquam
1348 242 1418 268 nos
1446 233 1599 281 peccato

70 293 176 332 Adae
210 294 284 332 iam
320 295 390 332 sub
426 291 616 336 ἀπειθίαν
655 295 812 333 subiecit
852 295 992 333 similes
1028 307 1175 346 quoque
1212 294 1269 332 sui
1305 294 1354 332 ad
1390 298 1598 332 extremum

68 359 212 404 reddat,
240 360 276 398 li.
305 373 352 404 e.‚
379 359 450 397 Dei
478 365 754 411 contemptores
782 365 818 398 et
845 373 985 398 osores.
1015 362 1112 398 Sunt
1142 360 1243 398 enim
1271 359 1362 397 haec
1390 358 1598 397 certissima

68 423 235 474 adeoque
267 427 304 461 et
338 423 541 474 peculiaria
575 424 718 475 peccati
761 424 967 461 voluntarii
995 424 1116 473 signa,
1143 428 1379 471 contemptus
1406 428 1443 463 et
1470 424 1598 462 odium

68 486 153 533 Dei,
178 501 274 538 quae
299 488 393 526 illud
421 488 469 526 ab
497 488 751 539 aliis·peccati
778 488 981 538 generibus
1008 489 1246 540 peculiariter
1273 489 1505 527 discernunt.
1534 488 1598 525 Sic

66 551 213 589 Pharao
252 557 467 604 contempto
502 553 582 591 Deo
618 559 811 604 oppugnat
847 553 1013 591 collectis
1049 553 1167 604 copiis
1193 553 1296 591 illius
1322 554 1531 604 potentiam
1558 553 1599 591 in

65 616 322 666 persequendo
359 617 511 656 Israele.
566 617 628 654 Sic
665 617 754 654 Saul
791 617 1027 668 persequitur
1052 616 1093 654 in
1121 617 1266 656 Davide
1292 617 1363 655 Dei
1390 617 1599 655 ordinatio-

67 694 163 728 nem,
201 694 313 731 quam
350 682 522 732 equidem
560 681 679 732 probe
713 686 870 719 noverat
908 686 943 719 et
971 681 1092 719 nihilo
1121 681 1243 720 secius
1269 682 1448 733 impedire
1475 682 1598 720 modis

67 745 245 782 omnibus
275 745 493 783 conabatur.
524 746 588 782 Sic
615 745 808 783 Pharisaei
836 745 925 783 olim
954 758 998 782 ac
1026 745 1262 784 sacerdotum
1288 746 1477 797 principes
1505 746 1594 783 odio

68 809 210 847 Christi
255 809 429 848 virtutem
477 809 707 847 adorandam
754 809 824 847 Dei
867 809 907 848 in
951 809 1156 848 Sathanam
1201 811 1446 856 transferunt,
1481 816 1517 849 et
1553 815 1596 848 ut

68 873 258 912 Christum
285 874 455 925 perdant,
481 874 581 923 regis
608 875 720 912 titulo
759 888 797 912 se
824 874 1016 920 abdicant,
1044 888 1153 925 quem
1182 878 1308 913 tamen
1338 875 1499 913 Messiae
1527 888 1595 913 suo

64 939 255 990 proprium
283 952 362 977 esse
388 943 424 977 ct
451 939 611 990 proinde
639 939 685 976 ad
714 952 752 977 se
779 939 891 977 etiam
919 939 1103 990 pertinere
1131 940 1315 980 sciebant.
1342 941 1406 978 Sic
1432 945 1467 978 et
1494 953 1596 978 nunc

66 1003 188 1041 nostri
232 1003 346 1041 seculi
393 1003 585 1041 Pharisaei
618 1017 661 1041 ae
698 1003 931 1042 sacerdotum
968 1004 1169 1055 principes,
1206 1005 1412 1043 constituto
1447 1005 1521 1043 sibi
1554 992 1596 1043 in

64 1068 204 1119 templo
232 1068 302 1106 Dei
329 1082 428 1106 novo
456 1082 542 1118 rege
571 1081 637 1106 suo
665 1082 772 1120 papa,
800 1068 993 1106 Christum
1020 1069 1077 1105 illi
1102 1068 1264 1106 invitum
1293 1073 1478 1108 conantur
1504 1069 1596 1108 sub·

64 1132 175 1170 iicere
211 1135 247 1170 et
284 1145 348 1170 eos
385 1133 451 1184 qui
485 1132 577 1184 ipsis
605 1145 682 1170 non
711 1132 969 1170 assentiuntur
997 1133 1263 1184 Christumque
1290 1134 1411 1184 Papae
1438 1138 1595 1185 antepo-

64 1200 171 1242 nunt,
197 1197 296 1234 ferro
325 1201 361 1235 et
389 1197 548 1235 flammis
578 1196 837 1234 crudelissime
862 1201 1151 1248 persequuntur.

115 1260 262 1298 Horum
298 1261 395 1298 nihil
432 1261 477 1299 de
511 1260 595 1299 Ada
631 1260 791 1310 legimus
827 1264 863 1298 et
897 1260 1056 1311 proinde
1085 1274 1161 1298 non
1189 1265 1244 1299 est
1272 1274 1337 1299 cur
1363 1261 1471 1300 illum
1499 1274 1592 1300 con·

62 1329 224 1376 temptus
252 1330 289 1363 et
316 1325 394 1363 odii
422 1325 541 1362 divini
568 1338 670 1362 reum
700 1325 891 1364 faciamus.
922 1325 1012 1362 Non
1039 1325 1130 1370 odit,
1155 1327 1402 1364 multominus
1424 1332 1593 1364 contem-

62 1390 120 1427 nit
155 1389 288 1434 Deum,
324 1390 389 1441 qui
435 1389 550 1428 sentit
576 1389 678 1427 illius
705 1390 969 1440 praesentiam,
996 1390 1101 1428 audit
1128 1396 1164 1429 et
1190 1391 1297 1430 timet
1323 1392 1426 1430 illius
1454 1405 1596 1438 vocem,

62 1455 199 1504 fugitat
243 1454 528 1506 nuditatemque
572 1454 652 1505 ipse
695 1467 799 1492 suam
845 1455 1020 1504 agnoscit
1065 1460 1101 1493 et
1145 1461 1310 1496 accusat.
1366 1457 1472 1495 Haec
1508 1470 1593 1494 cum

62 1518 246 1570 scriptura
282 1519 394 1557 nobis
430 1522 556 1570 aperte
595 1518 640 1556 de
675 1518 761 1556 Ada
788 1522 956 1564 testetur,
983 1519 1259 1571 discrimenque
1287 1521 1345 1559 his
1373 1523 1458 1570 (14)
1485 1521 1591 1559 testi-

62 1584 200 1623 moniis
236 1588 375 1622 statuat
409 1584 508 1622 inter
538 1580 751 1621 'Sathanam
779 1588 815 1621 et
844 1582 1035 1621 hominem
1063 1588 1099 1622 et
1126 1585 1223 1622 inter
1250 1585 1453 1623 humanum
1482 1590 1518 1623 et
1545 1586 1592 1623 il-

59 1649 133 1686 lius
172 1653 378 1700 peccatum,
414 1649 599 1686 falluntur
635 1648 700 1699 qui
738 1648 845 1686 Adae
881 1653 917 1686 et
953 1648 1032 1699 eius
1069 1654 1221 1700 peccato
1257 1654 1513 1702 contemptum
1555 1657 1592 1688 et

59 1713 188 1751 odium
226 1713 297 1751 Dei
333 1713 561 1762 adiungunt,
588 1712 727 1763 quibus
755 1712 887 1763 positis
915 1725 992 1750 non
1019 1713 1090 1751 erit
1119 1713 1321 1752 discrimen
1349 1714 1465 1752 ullum
1493 1714 1592 1752 inter

62 1778 268 1816 Sathanam
312 1782 349 1815 et
392 1776 597 1822 hominem,
640 1789 724 1814 cum
763 1781 889 1814 tamen
925 1781 1071 1815 servato
1107 1791 1174 1829 per
1210 1778 1400 1817 Christum
1440 1779 1592 1816 homine

59 1843 279 1894 sublataque
323 1843 426 1880 omni
469 1842 570 1880 illius
605 1840 747 1892 peccati
780 1855 891 1887 noxa,
919 1842 1127 1880 Sathanum
1178 1856 1263 1881 cum
1299 1844 1475 1881 omnibus
1511 1844 1589 1881 eius

59 1910 204 1959 angelis
231 1909 427 1958 gchennae
455 1907 662 1946 destinatos
691 1919 770 1945 esse
798 1907 973 1946 sciamus.
1004 1907 1132 1945 Quare
1158 1912 1195 1946 et
1221 1922 1242 1946 a
1271 1913 1400 1946 nostra
1426 1908 1591 1958 imagine

59 1973 179 2011 scelus
208 1973 280 2010 hoc
308 1977 544 2023 contemptus
573 1974 609 2009 et
636 1970 714 2008 odii
741 1970 859 2008 divini
887 1971 1138 2019 excludemus,
1167 1973 1269 2023 quod
1288 1973 1476 2011 Sathanae
1501 1985 1590 2024 pro-

59 2036 182 2088 prium
218 2041 274 2074 est
308 2041 345 2075 et
382 2036 439 2074 his
467 2035 532 2087 qui
560 2035 600 2073 in
628 2035 708 2073 eius
737 2035 1023 2074 similitudinem
1053 2036 1171 2074 nimia
1197 2041 1435 2087 peccatorum
1463 2037 1589 2074 indul-

57 2101 182 2150 gentia
210 2101 398 2140 abierunt.
436 2102 533 2138 Sunt
559 2104 683 2138 autem
709 2100 774 2151 qui
800 2106 994 2151 peccatum
1022 2102 1093 2139 hoc
1120 2102 1374 2140 voluntarium
1400 2104 1440 2141 in
1470 2108 1588 2141 certas

59 2164 237 2216 quasdam
278 2165 419 2216 species
463 2164 683 2202 contrahere
720 2164 866 2210 volunt,
902 2165 966 2203 sed
1003 2169 1079 2204 tam
1116 2166 1190 2204 late
1225 2167 1304 2204 fere
1340 2171 1441 2218 patet
1478 2167 1587 2205 huius

56 2229 199 2279 peccati
228 2230 399 2275 varietas,
434 2243 546 2281 quam
582 2230 655 2267 late
690 2233 792 2280 patet
827 2233 1020 2280 peccatum
1049 2231 1206 2270 veniale.
1259 2231 1457 2282 Quidquid
1484 2232 1585 2270 enim

56 2293 175 2331 libera
211 2298 253 2332 ut
282 2294 445 2332 diximus
473 2298 586 2344 atque
612 2294 651 2331 in
679 2307 798 2332 unum
827 2295 983 2332 collecta
1011 2300 1047 2333 et
1075 2295 1198 2334 carnis
1226 2300 1262 2334 et
1287 2297 1425 2336 mentis
1453 2298 1589 2336 volun-

58 2361 134 2395 tate
160 2361 343 2408 patratur,
370 2358 627 2395 voluntarium
655 2362 722 2396 est.
776 2358 1034 2397 Proficiscitur
1061 2360 1161 2398 enim
1187 2374 1208 2398 a
1234 2361 1346 2412 plena
1374 2362 1491 2400 totius
1518 2362 1588 2400 ho-

56 2422 168 2460 minis
197 2423 402 2469 voluntate,
429 2422 495 2473 qui
522 2436 612 2460 sane
639 2427 801 2460 mentem
828 2436 933 2460 suam
959 2437 981 2460 a
1009 2423 1088 2461 Deo
1118 2425 1215 2462 ultro
1242 2425 1405 2464 alienare
1431 2426 1506 2464 nisi
1524 2426 1590 2464 illo

58 2490 272 2538 contempto
302 2500 378 2525 non
407 2491 542 2538 potest.
597 2487 764 2525 Vocatur
789 2500 877 2525 vero
905 2492 1097 2538 peecatum
1127 2489 1200 2527 hoc
1226 2503 1247 2527 a
1276 2490 1426 2528 Christo
1453 2503 1586 2542 pecca-

55 2556 135 2589 tum
162 2552 203 2589 in
232 2552 414 2602 Spiritum
442 2553 624 2589 Sanctum
653 2551 753 2602 quod
784 2556 995 2591 contemtus
1023 2554 1172 2592 oblatae
1197 2554 1236 2592 in
1266 2555 1418 2593 Christo
1445 2556 1590 2605 gratiae

56 2617 203 2668 spiritui
229 2618 467 2668 potissimum
494 2624 689 2667 repugnet,
717 2616 782 2667 qui
810 2617 922 2654 corda
951 2621 1078 2656 nostra
1106 2618 1152 2656 ad
1180 2619 1284 2657 illam
1303 2619 1588 2671 apprehenden-

56 2681 142 2719 dam
178 2682 305 2720 afflatu
341 2682 470 2719 divino
505 2694 572 2719 suo
610 2681 750 2719 excitat
787 2685 823 2719 et
859 2682 1036 2720 illustrat.
1089 2682 1139 2721 Et
1168 2683 1346 2734 quoniam
1376 2687 1589 2721 contemtus

56 2745 126 2783 Dei
161 2759 207 2784 cx
245 2746 361 2784 nimia
395 2749 635 2797 pcccatorum
671 2745 908 2795 indulgentia
936 2747 1117 2794 nascitur,
1147 2747 1244 2785 hanc
1267 2748 1410 2786 Paulus
1438 2760 1589 2798 quoque

56 2808 207 2859 spiritus
237 2809 562 2848 contristationem
590 2808 764 2860 appellat.
811 2809 928 2847 Porro
958 2809 1046 2847 huic
1073 2815 1226 2861 peccato
1257 2811 1400 2849 nullam
1427 2809 1590 2861 amplius

57 2872 349 2924 propitiatricem
386 2873 546 2912 hostiam
583 2873 764 2924 reliquam
791 2886 871 2912 esse
897 2873 1007 2913 docet
1033 2874 1183 2921 Paulus,
1212 2882 1344 2926 neque
1362 2873 1440 2912 fieri
1467 2886 1589 2925 posse,
