1818 3178
164 184 237 220 214
514 187 566 213 DE
594 183 875 212 SAGRAMENTIS
905 182 1122 209 ECCLESIAE
1151 182 1329 211 cnms'rl.

169 292 355 336 omnibus,
381 294 417 327 et
452 287 603 337 sanguis
638 285 778 322 Christi
814 285 983 322 nondum
1018 283 1153 321 effusus
1180 287 1278 329 erat,
1314 288 1355 322 ut
1382 286 1486 322 extra
1512 283 1607 321 illud
1633 284 1691 335 ip-

172 370 252 395 sum
280 367 410 405 corpus
437 353 475 390 in
504 351 636 402 poculo
666 362 801 387 coenae
829 351 1066 387 statueretur.
1094 348 1177 385 Imo
1206 362 1304 394 vero,
1331 350 1364 387 si
1392 348 1532 386 Christi
1560 361 1692 399 corpus

167 420 289 469 ipsum
325 418 364 453 in
401 427 496 466 pane
523 418 601 451 erat
626 416 761 456 totum,
796 416 831 449 et
859 412 1080 460 sanguinem
1107 424 1254 462 quoque
1280 416 1402 450 totum
1427 413 1467 450 in
1495 424 1589 463 pane
1616 425 1696 450 esse

170 480 378 532 oportebat.
432 478 521 515 Non
557 476 656 515 enim
693 476 815 514 adhuc
845 489 999 527 usquam
1026 475 1179 524 sanguis
1207 476 1347 514 Christi
1375 481 1452 514 erat
1479 480 1584 514 extra
1613 489 1696 513 cor-

173 560 241 597 pus
275 544 405 595 ipsiuS.
459 543 508 580 Et
544 542 673 579 vinum
708 541 823 590 igitur
859 542 994 592 ipsum,
1020 541 1060 578 in
1088 553 1162 591 quo
1190 542 1341 590 sanguis
1370 541 1512 579 Christi
1538 545 1629 586 erat,
1656 541 1697 579 in

172 623 267 662 pane
301 609 381 659 ipso
419 608 495 645 iam
531 607 646 644 fuisse
683 607 917 657 oporte-(fol.
947 605 1138 654 119³)bat,
1164 609 1349 657 quatenus
1377 619 1509 657 corpus
1534 606 1573 644 in
1601 620 1699 658 pane

171 677 292 712 totum
327 675 425 716 erat,
458 674 562 708 extra
599 670 699 721 quod
735 670 861 708 nullus
896 683 1053 721 usquam
1090 669 1242 719 sanguis
1279 669 1420 707 Christi
1445 670 1568 721 potuit
1595 683 1697 708 eom-

173 736 385 776 monstrari.
439 736 631 773 Postremo
670 735 823 773 offendit
864 735 905 772 in
948 734 1018 772 hae
1053 734 1120 772 tali
1156 734 1464 785 interpretatione
1499 735 1538 772 id
1574 735 1700 780 etiam,

173 802 274 853 quod
302 801 486 838 diversam
511 801 621 852 plane
649 799 871 838 sententiam
898 813 918 837 a
946 799 1069 837 verbis
1095 799 1185 850 ipsis
1214 811 1339 836 secum
1355 799 1500 837 adferre
1520 799 1698 837 videatur.

173 865 288 904 Aliud
320 869 375 903 est
409 865 509 902 enim
547 864 617 902 hoc
653 864 789 915 ipsum,
827 864 870 902 de
906 877 980 915 quo
1009 863 1151 915 aliquid
1180 863 1327 907 dicitur,
1353 877 1433 901 esse
1459 864 1498 901 in
1526 877 1592 901 sua
1619 864 1699 901 exi-

172 929 318 974 stentia,
353 929 393 966 id
429 929 531 979 quod
567 941 646 966 esse
683 927 831 972 dieitur,
867 927 967 964 aliud
1005 940 1091 965 vero
1137 931 1205 972 est,
1246 927 1278 965 si
1313 926 1414 964 aliud
1442 927 1482 964 in
1509 926 1581 964 alio
1619 940 1699 965 esse

173 994 353 1031 dicamus.

222 1057 385 1096 Proinde
420 1057 530 1094 aliam
559 1056 680 1094 adhue
705 1056 1052 1107 interpretationem
1079 1056 1207 1106 quaeri
1233 1055 1413 1106 oportuit,
1440 1069 1533 1106 quae
1558 1055 1700 1107 plausi·

175 1124 286 1162 bilior
322 1122 439 1160 videri
482 1124 608 1172 posset
642 1126 678 1159 et
713 1121 867 1172 propius
901 1121 949 1160 ad
985 1121 1184 1159 verborum
1220 1120 1494 1171 simplieitatem
1529 1120 1703 1159 accedere

175 1189 372 1227 videretur.
426 1186 585 1237 Reperta
620 1190 676 1224 est
710 1186 826 1236 igitur
863 1186 1118 1236 Synecdooha,
1154 1199 1249 1237 quae
1282 1186 1322 1223 in
1359 1185 1525 1236 eorporis
1552 1186 1704 1224 nomine

172 1252 391 1304 ponebatur,
431 1250 485 1288 sio
512 1254 552 1287 ut
581 1250 649 1288 sub
679 1251 845 1302 eorporis
873 1251 1025 1289 nomine
1051 1264 1128 1289 non
1155 1255 1304 1289 tantum
1332 1264 1477 1302 corpus,
1511 1251 1610 1302 quod
1639 1265 1701 1289 ac-

173 1319 342 1361 cesserat,
371 1315 434 1355 sed
460 1315 569 1366 panis
596 1315 720 1362 etiam,
756 1315 819 1366 qui
846 1315 987 1353 dudum
1014 1319 1105 1360 erat,
1141 1315 1412 1364 designaretur,
1449 1319 1490 1353 ut
1517 1315 1579 1353 hic
1606 1320 1702 1354 esset

172 1394 299 1420 sensus
326 1380 524 1417 verborum
553 1379 714 1417 Christi:
743 1379 830 1417 Hoc
856 1384 912 1417 est
940 1393 1073 1431 eorpus
1100 1393 1235 1424 meum,
1261 1380 1301 1418 id
1329 1384 1397 1423 est,
1424 1380 1495 1417 hoe
1512 1384 1568 1418 est
1587 1380 1700 1418 simul

173 1450 210 1483 et
235 1444 342 1495 panis
370 1448 406 1482 et
436 1457 569 1494 corpus
597 1456 734 1482 meum.

224 1510 347 1559 Atque
375 1521 462 1545 sane
488 1512 586 1545 reete
612 1507 850 1545 adhiberetur
879 1508 1121 1557 Synecdocba
1151 1508 1272 1545 verbis
1301 1521 1436 1546 coenae
1465 1508 1561 1552 istis,
1596 1509 1627 1545 si
1656 1508 1700 1546 de

174 1573 408 1625 pronominis
445 1572 730 1610 demonstrativi
768 1576 802 1610 et
840 1573 1005 1623 corporis
1041 1573 1130 1611 item
1173 1572 1447 1622 significatione
1475 1573 1705 1617 conveniret,

177 1639 248 1675 hoc
274 1642 341 1683 est,
367 1637 398 1675 si
426 1637 493 1674 sub
521 1637 743 1687 pronomine
773 1636 893 1674 '‘hoo''
911 1650 986 1674 non
1015 1637 1184 1687 equidem
1213 1638 1320 1688 panis
1350 1636 1611 1681 substantiam,
1639 1637 1703 1675 sed

176 1703 333 1739 formam
369 1714 505 1739 coenae
531 1701 662 1751 ipsam,
701 1704 821 1738 totam
857 1701 1011 1751 inquam
1047 1702 1200 1749 ex-(fol.
1230 1702 1484 1749 119b)ternam
1512 1701 1613 1738 illam
1641 1714 1703 1738 ao-

175 1766 327 1811 tionem,
352 1787 402 1794 —
430 1766 499 1803 sub
537 1765 703 1816 corporis
731 1778 817 1802 vero
847 1765 999 1802 nomine
1026 1779 1103 1803 non
1130 1765 1219 1803 item
1248 1766 1414 1816 eorporis
1443 1765 1706 1810 substantiam,

179 1832 242 1869 sed
281 1831 579 1868 communionem
607 1844 671 1867 seu
699 1830 911 1867 societatem
940 1834 1003 1868 aut
1030 1831 1087 1868 ius
1116 1834 1289 1868 nostrum
1314 1831 1354 1867 in
1383 1843 1536 1881 corpore
1565 1830 1705 1868 Christi

178 1895 478 1945 intelligeremus.
533 1895 593 1932 Ita
620 1896 719 1932 enim
748 1895 979 1933 verissimum
1009 1899 1079 1939 est,
1105 1908 1256 1933 coenam
1287 1895 1453 1939 Domini,
1481 1908 1543 1933 seu
1569 1908 1703 1946 panem

180 1959 352 2003 fractum,
387 1959 464 1996 sive
498 1972 665 1997 mensam
701 1958 867 2004 Domini,
903 1973 982 1997 esse
1018 1973 1143 1997 revera
1179 1959 1505 2010 participationem
1533 1960 1644 1997 simul
1669 1964 1706 1997 et

179 2024 286 2075 panis
311 2024 428 2075 ipsius
455 2028 491 2062 et
518 2024 628 2062 etiam
648 2025 823 2074 ,corporis
852 2024 1003 2063 Christi.

233 2089 318 2134 Sed,
353 2089 440 2126 dum
476 2094 512 2127 et
538 2102 743 2140 pronomen
775 2088 894 2126 uhoc''
921 2094 956 2127 et
985 2090 1150 2141 corporis
1177 2090 1268 2127 item
1297 2102 1434 2127 nomen
1461 2089 1508 2126 ad
1534 2089 1642 2140 panis
1670 2093 1705 2127 et

185 2153 348 2204 eorporis
385 2153 632 2190 substantiam
670 2153 826 2190 refertur
859 2160 1004 2203 praeter
1040 2156 1212 2190 naturam
1247 2153 1414 2190 omnium
1444 2153 1705 2190 Sacramentm

186 2230 278 2260 rum,
313 2221 349 2254 et
375 2221 517 2267 praeter
547 2230 652 2254 usum
681 2212 891 2267 Scripturae
918 2217 1029 2255 etiam
1054 2217 1094 2255 in
1123 2217 1464 2255 Sacramentalibus
1491 2216 1706 2254 istiusmodi

186 2281 476 2330 loquutionibus,
520 2281 572 2318 sic
608 2284 647 2318 ut
683 2294 752 2318 nos
788 2281 894 2318 iuxta
931 2282 1026 2319 hanc
1061 2282 1407 2333 interpretationem
1443 2294 1554 2318 unam
1594 2284 1706 2331 atque

187 2344 338 2382 eandem
374 2349 409 2382 et
443 2347 550 2396 panis
585 2350 621 2383 et
658 2346 824 2396 corporis
861 2346 1000 2384 Christi
1025 2347 1263 2384 existentiam
1290 2347 1328 2384 in
1357 2346 1483 2384 eadem
1513 2345 1707 2396 hypostasi

189 2413 348 2446 statuere
383 2413 549 2459 oporteat
584 2410 760 2448 adversus
788 2424 894 2448 verae
921 2412 961 2448 in
990 2411 1139 2449 Christo
1168 2411 1332 2449 Domino
1360 2410 1604 2448 humanitatis
1639 2424 1706 2447 na-

190 2477 323 2516 turam,
342 2493 383 2501 --
406 2474 639 2524 perspicuum
667 2479 733 2520 est,
759 2475 798 2512 in
827 2487 962 2513 coenae
989 2476 1113 2513 verbis
1140 2476 1191 2513 ita
1220 2475 1398 2526 expositis
1425 2475 1538 2512 talem
1566 2475 1702 2524 Syneo-

191 2536 346 2573 doeham
376 2548 450 2572 non
476 2550 584 2586 posse
611 2539 797 2584 constitui,
824 2543 1016 2590 propterea
1044 2541 1145 2590 quod
1171 2540 1273 2577 illam
1301 2539 1396 2577 ratio
1423 2539 1505 2590 ipsa
1524 2538 1707 2576 humanae

194 2599 314 2637 carnis
341 2612 384 2636 ac
411 2604 564 2638 naturae
591 2602 629 2639 in
658 2603 806 2640 Christo
836 2617 911 2641 non
939 2604 1124 2643 admittat.

240 2664 290 2702 Et
325 2664 472 2714 quidem
508 2665 568 2702 hic
603 2668 719 2704 multa
754 2673 840 2706 sunt
875 2669 1063 2719 disputata
1101 2670 1145 2707 de
1179 2669 1450 2712 identitatibus,
1486 2673 1526 2707 ut
1561 2673 1709 2709 vocant.

192 2741 286 2779 quae
318 2733 440 2765 tamen
478 2741 524 2765 ne
555 2729 645 2778 ipsis
681 2731 828 2779 quidem
864 2732 973 2770 huius
1012 2734 1331 2784 interpretationis
1367 2733 1561 2770 autoribus
1598 2733 1706 2771 satis—

190 2794 309 2830 facere
353 2792 397 2829 ad
435 2796 638 2830 extremum
673 2800 884 2844 potuerunt.
947 2797 1117 2844 Etenim,
1154 2799 1183 2836 si
1217 2799 1294 2836 ullo
1331 2798 1442 2836 modo
1477 2798 1558 2847 (fol.
1598 2799 1707 2845 120³)

191 2857 365 2894 identitas
400 2856 640 2907 hypostaseos
677 2859 780 2907 panis
816 2864 851 2897 et
879 2862 1043 2912 eorporis
1072 2863 1211 2901 Christi
1248 2863 1426 2901 naturalis
1454 2863 1632 2900 constitui
1658 2862 1704 2899 ab

189 2920 263 2958 illis
297 2920 348 2959 ita
384 2920 575 2971 potuisset,
610 2925 650 2959 ut
685 2922 737 2961 eis
774 2924 1013 2971 satisfaceret,
1048 2940 1126 2964 non
1153 2928 1323 2977 equidem
1350 2928 1509 2979 amplius
1536 2927 1581 2965 de
1608 2927 1706 2965 eius-
