1818 3178
470 145 519 181 nr,
548 144 832 172 SAGRAMENTIS
862 144 1077 172 eccm-,sun
1106 144 1284 172 CHRISTI.
1567 137 1637 176 147

418 166 433 181 Φ

107 248 341 296 retunquae
366 245 479 282 modo
507 244 753 284 substantiam
781 246 899 298 ipsam
928 246 1092 298 corporis
1119 250 1154 284 et
1182 246 1374 296 sanguinis
1402 247 1542 285 Christi
1568 261 1635 285 na-

107 310 236 347 turalis
273 310 356 358 (fol.
394 310 479 356 38b)
517 309 710 358 signorum
745 311 937 349 elementis
964 311 1002 348 in
1030 325 1100 348 usu
1129 312 1454 349 Sacramentorum
1484 325 1567 349 vere
1593 317 1629 350 et

107 373 256 410 realiter
291 373 331 410 in
367 371 486 422 specie
519 372 597 422 ipsa
635 378 881 424 connecteret,
927 374 1035 411 vitari
1064 374 1348 424 haudquaquam
1376 379 1513 425 posset,
1540 375 1631 426 quin

107 442 142 474 et
179 437 260 487 pios
289 436 398 473 simul
427 441 463 473 et
490 436 624 486 impios
654 438 801 488 corpori
829 443 864 475 et
893 438 1067 487 sanguini
1097 438 1236 475 Christi
1263 452 1307 475 ex
1335 451 1451 488 aequo
1478 439 1632 489 partici-

108 513 195 550 pare
231 500 341 537 fateri
380 513 606 548 cogeremur.
646 501 761 539 Quod
798 501 867 539 etsi
895 501 1092 538 defendere
1119 502 1269 552 quidam
1299 506 1386 540 sunt
1416 503 1556 551 conati,
1578 506 1636 540 ta-

106 578 191 601 men
218 563 257 601 in
285 564 363 601 eius
392 564 584 602 doctrinae
611 565 827 603 defensione
855 565 948 603 citra
977 567 1242 604 contumeliam
1281 567 1448 618 corporis
1484 571 1520 606 et
1549 581 1635 605 san-

105 628 231 676 guinis
261 628 398 665 Christi
427 629 622 679 persistere
651 643 727 667 non
755 634 925 680 possunt.

158 693 289 743 Coepit
332 693 448 742 igitur
484 694 637 731 tandem
670 694 842 732 universa
880 694 970 731 haee
1008 693 1179 732 doctrina
1217 695 1261 733 de
1298 697 1365 733 tali
1401 697 1567 747 eorporis
1603 701 1639 735 et

107 757 301 806 sanguinis
339 757 477 795 Christi
515 771 598 800 eum
636 758 829 807 signorum
858 758 1050 796 elementis
1078 758 1118 795 in
1148 772 1281 797 caenae
1310 761 1543 798 connexione
1570 775 1636 811 op-

105 811 278 872 pugnari,
305 826 341 859 et
370 822 583 869 docebatur,
611 823 752 860 nullam
778 823 914 860 realem
942 822 1155 860 istiusmodi
1184 825 1455 862 connexionem
1483 830 1520 863 et
1547 839 1633 877 pro-

104 885 192 923 inde
229 899 274 923 ne
310 887 482 923 unionem
512 887 660 937 quidem
690 886 786 924 hanc
822 887 898 923 ullo
935 886 1046 923 modo
1076 887 1214 937 requiri
1241 889 1287 925 ad
1317 902 1439 926 veram
1467 902 1509 926 ac
1538 891 1634 926 salu—

105 953 221 987 tarem
257 955 424 988 nostram
461 964 543 988 eum
581 951 730 989 Christo
769 951 930 988 Domino
970 951 1009 989 in
1047 964 1201 1002 corpore
1237 957 1272 990 et
1309 955 1491 1004 sanguine
1518 955 1634 1005 ipsius

109 1015 422 1053 communionem.

159 1080 235 1117 Hic
272 1093 356 1117 vero
385 1093 512 1131 pugna
540 1080 714 1130 protinus
742 1079 945 1122 incruduit,
973 1079 1115 1130 visique
1143 1085 1231 1118 sunt
1257 1081 1319 1118 isti
1357 1082 1520 1120 adimere
1547 1084 1640 1120 velle

108 1145 356 1182 Sacramentis
402 1144 577 1181 omnibus
615 1157 762 1181 omnem
798 1144 965 1194 ipsorum
1002 1145 1199 1181 efficaciam
1237 1150 1272 1182 et
1310 1145 1551 1194 dignitatem3
1582 1147 1636 1183 illi

107 1215 236 1247 eontra
265 1210 505 1260 Capernaitae
535 1209 781 1254 vocabantur,
818 1209 964 1246 etiamsi
990 1209 1062 1259 ipsi
1090 1209 1162 1246 hoc
1188 1223 1323 1247 nomen
1353 1224 1373 1247 a
1402 1224 1440 1248 se
1457 1211 1637 1262 depellere

109 1280 345 1320 conarentur,
381 1287 497 1324 eoque
535 1273 682 1310 demum
711 1277 861 1310 ventum
889 1277 956 1318 est,
982 1277 1024 1310 ut
1051 1274 1114 1310 alii
1151 1274 1243 1311 alios
1277 1275 1562 1324 proscinderent
1597 1288 1639 1311 ac

109 1338 198 1375 diris
237 1338 285 1375 ad
312 1343 518 1375 extremum
545 1337 720 1374 omnibus
749 1350 824 1374 non
854 1337 934 1374 sine
960 1337 1137 1386 gravibus
1165 1338 1401 1388 praeiudiciis
1435 1343 1471 1376 et
1504 1352 1639 1389 magna

108 1403 310 1440 multorum
338 1402 541 1440 offensione
569 1402 805 1439 devoverent.
835 1401 918 1449 (fol.
948 1403 1032 1449 39a)

159 1467 247 1504 Non
276 1467 423 1504 defuere
449 1470 574 1503 tamen
602 1466 672 1503 viri
699 1470 734 1503 et
764 1465 864 1503 docti
891 1469 926 1503 et
953 1465 1018 1516 pii,
1054 1462 1118 1516 qui
1154 1479 1236 1503 cum
1259 1466 1440 1510 viderent,
1460 1481 1635 1518 quorsum

106 1532 195 1569 haec
224 1531 476 1568 controversia
504 1530 653 1568 tandem
683 1543 843 1575 evasura
866 1535 973 1576 esset,
1001 1531 1110 1568 aliam
1141 1531 1288 1567 demum
1315 1532 1499 1569 rationem
1527 1533 1636 1569 unio-

108 1597 166 1634 nis
203 1596 490 1634 Sacramentalis
527 1595 774 1640 tradiderunt,
802 1608 874 1645 qua
903 1609 940 1632 se
967 1596 1136 1646 utrisque
1162 1596 1245 1633 istis
1274 1597 1532 1634 satisfacturos
1559 1611 1638 1635 esse

106 1661 302 1712 putabant,
331 1674 462 1711 nempe
490 1660 603 1711 quod.
630 1660 766 1697 omissa
794 1660 916 1710 priore
944 1660 1006 1697 illa
1036 1660 1207 1697 doctrina
1237 1660 1280 1697 de
1306 1661 1396 1698 reali
1418 1663 1583 1712 eorporis
1603 1668 1639 1700 et

111 1726 306 1774 sanguinis
343 1725 483 1762 Christi
517 1724 701 1762 naturalis
736 1724 840 1761 iuxta
876 1725 1035 1775 speciem
1076 1724 1194 1775 ipsff'm
1241 1738 1323 1762 cum
1367 1726 1459 1776 ipsis
1504 1739 1639 1764 caenae

108 1790 300 1827 elementis
347 1789 594 1833 connexione,
631 1789 704 1826 alia
739 1802 886 1826 rursum
921 1790 1208 1827 Sacramentalis
1246 1789 1395 1827 unionis
1430 1791 1525 1828 ratio
1563 1797 1638 1829 sta·

107 1855 245 1893 tuenda
272 1860 377 1898 esset,
406 1869 499 1905 quae
527 1867 602 1892 non
630 1854 705 1891 iam
732 1854 771 1891 in
801 1855 900 1903 signi
927 1855 1108 1892 elemento
1137 1856 1177 1892 in
1206 1868 1331 1901 caena,
1367 1856 1428 1893 sed
1458 1857 1497 1894 in
1527 1857 1635 1906 signo

106 1922 201 1970 ipso,
242 1919 313 1956 hoc
349 1924 416 1963 est,
442 1920 480 1956 in
518 1919 597 1970 ipsa
636 1924 789 1957 externa
817 1932 951 1957 caenae
979 1921 1098 1957 forma
1128 1934 1190 1958 seu
1219 1921 1439 1965 ceremonia,
1466 1925 1507 1959 ut
1534 1926 1588 1959 est
1618 1936 1637 1959 a

108 1984 270 2022 Domino
305 1983 489 2028 instituta,
525 1984 759 2021 observanda
798 1989 904 2029 esset,
942 1984 1011 2021 hoc
1046 1989 1113 2031 est,
1141 1985 1178 2022 in
1207 1985 1287 2035 ipso
1317 1985 1478 2022 ministri
1515 1998 1637 2036 opere,

108 2053 149 2085 ut
185 2048 255 2085 Dei
292 2047 551 2094 ordinatione3
590 2061 683 2098 quae
719 2052 843 2085 tamen
879 2048 1060 2085 eiusmodi
1087 2049 1176 2086 unio
1205 2049 1250 2086 ad
1278 2049 1360 2098 pios
1389 2049 1570 2086 duntaxat
1593 2063 1636 2087 ae

108 2113 246 2157 fideles,
283 2125 359 2150 non
400 2117 522 2150 autem
558 2113 604 2149 ad
632 2113 782 2163 impios,
809 2113 1022 2164 pertineret,
1050 2114 1104 2150 sic
1130 2118 1171 2151 ut
1199 2114 1252 2164 pii
1280 2114 1462 2151 duntaxat
1490 2115 1635 2164 corpori

108 2183 144 2216 et
172 2177 347 2227 sanguini
377 2177 516 2214 Christi
544 2177 583 2214 in
611 2191 679 2215 usu
708 2179 1034 2215 Saoramentorum
1065 2178 1338 2215 communicare
1367 2178 1575 2217 credantur.

161 2243 354 2279 Caeterum
391 2255 436 2279 ne
472 2241 563 2278 haec
590 2241 739 2292 quidem
775 2241 945 2279 doctrina
973 2242 1124 2292 probari
1153 2242 1275 2279 adhuc
1302 2243 1476 2280 omnibus
1503 2244 1640 2293 potuit,

108 2305 207 2356 quod
244 2306 360 2342 multa
388 2317 511 2342 secum
548 2305 785 2342 incommoda
821 2305 966 2343 adferre
1001 2305 1111 2343 etiam
1150 2305 1345 2351 videretur,
1380 2307 1526 2357 aliaque
1553 2322 1633 2345 rur-

109 2384 188 2408 sum
219 2370 388 2407 doctrina
417 2370 552 2407 tradita
582 2375 635 2406 est
664 2369 708 2407 dc
737 2371 1004 2407 Sacramentali
1033 2371 1182 2414 unione,
1210 2384 1341 2422 nempe
1368 2372 1543 2409 unionem
1567 2374 1633 2410 Sa-

110 2435 371 2472 cramentalem
401 2433 615 2476 consistere,
642 2447 718 2471 non
746 2434 785 2471 in
814 2435 1045 2472 connexione
1072 2435 1147 2472 ulla
1175 2435 1264 2472 reali
1293 2436 1520 2484 signatorum
1552 2450 1633 2474 cum

109 2499 314 2545 elementis,
362 2512 480 2549 neque
516 2499 606 2535 item
641 2498 679 2535 in
709 2499 792 2546 (fol.
824 2495 909 2546 39¹²)
938 2499 1060 2549 operis
1089 2499 1347 2536 ministrorum
1375 2501 1533 2538 efficacia
1559 2502 1634 2538 ulla

110 2569 172 2602 aut
216 2563 411 2613 dignitate,
456 2563 518 2600 sed
556 2563 595 2599 in
633 2563 785 2613 spiritus
823 2564 955 2608 saneti,
993 2570 1120 2601 nostro
1165 2564 1372 2602 ministerio
1413 2566 1633 2609 assistentis,

109 2641 218 2679 opere
254 2627 395 2672 divino,
431 2640 538 2677 quem
576 2627 747 2664 Christus
776 2627 917 2678 alioqui
948 2627 1129 2666 Dominus
1166 2629 1355 2667 assiduum
1385 2643 1493 2667 suum
1522 2631 1632 2668 habet

108 2696 240 2730 testem
274 2692 564 2741 glorificatorem
600 2695 636 2730 et
664 2692 919 2742 cooperarium
947 2693 986 2730 in
1023 2693 1126 2731 omni
1162 2707 1227 2731 sua
1264 2694 1434 2732 doctrina
1461 2699 1497 2733 et
1522 2695 1632 2732 insti-

108 2755 264 2794 tutione.

162 2819 267 2857 Haec
293 2820 408 2870 igitur
435 2820 557 2857 omnis
587 2819 777 2857 doctrinae
804 2820 961 2858 varietas
988 2820 1027 2859 in
1054 2821 1205 2860 unionis
1233 2822 1519 2860 Sacramentalis
1542 2835 1631 2861 con-

109 2883 332 2922 sideratione
360 2890 538 2931 versatur,
565 2884 666 2935 quod
694 2884 756 2922 alii
783 2884 885 2922 illam
903 2890 1073 2923 statuunt
1090 2886 1126 2924 in
1150 2886 1380 2924 connexione
1399 2886 1631 2934 signatorum

1412 2951 1484 2988 10*
