1818 3178
1612 104 1626 112 υ

749 109 808 137 Er.
837 110 982 137 DOC’LR.
1558 105 1630 139 50.)

105 216 225 255 voluit
259 217 419 268 primum
455 230 529 254 rem
567 217 686 268 ipsam
721 231 844 256 rerum
873 231 1081 257 crassarum
1120 219 1365 258 similitudine
1391 219 1630 267 adumbrare,

105 293 217 331 quam
244 285 371 332 postea
398 281 479 330 lege
506 281 591 320 data
628 282 767 320 clarius
793 282 997 334 explicaret
1032 283 1292 334 rationemque
1319 287 1489 322 nostram
1517 285 1630 322 arbo-

106 356 184 382 rem
220 345 398 383 scientiae
437 345 527 383 boni
563 350 598 384 et
634 347 735 393 mali,
763 346 864 384 illius
893 360 978 385 vero
1006 346 1189 386 iudicium
1216 349 1362 387 fructus
1390 348 1535 387 arboris
1562 362 1630 400 ap·

107 409 258 458 pellavit
286 413 322 447 et
349 423 452 448 esum
479 424 548 461 pro
580 424 647 449 usu
675 411 832 462 accepit.

157 473 217 511 Ad
253 473 412 512 eundem
447 475 601 513 modum
639 489 677 513 se
706 475 846 514 habent
872 475 985 514 etiam
1014 475 1164 514 (livinae
1190 476 1474 528 promissiones.
1512 479 1634 530 Caput

107 536 288 587 serpentis
325 539 468 576 conteri
503 552 569 590 per
605 553 731 579 semen
765 539 934 577 mulieris
971 540 1144 579 debebat.
1199 541 1286 578 Hoc
1314 554 1404 579 sane
1431 542 1527 580 nihil
1555 542 1633 581 exi-

105 602 221 640 mium
257 608 337 641 erat
371 603 402 641 si
439 617 515 642 non
543 605 663 654 magis
692 604 929 642 reconditum
957 604 1119 656 aliquem
1157 618 1307 643 sensum
1337 606 1542 652 habuisset,
1568 607 1632 645 sed

106 665 370 705 admirandum
412 672 467 706 est
511 673 664 719 propter
699 668 870 718 mysterii
907 668 1190 708 sublimitatem.
1247 669 1381 720 Neque
1416 671 1516 708 enim
1552 671 1632 709 illic

105 744 255 782 serpens
282 732 471 782 quaelibet
497 733 631 782 anguis
659 737 728 779 est,
756 733 819 770 sed
848 732 1062 770 insidiatrix
1088 732 1155 770 illa
1183 733 1320 784 vipera,
1348 734 1428 772 Deo
1458 736 1633 774 simulac

107 795 252 833 homini
279 796 504 842 adversaria,
532 810 652 847 neque
679 796 769 834 item
798 803 906 848 caput
934 796 1101 847 corporis
1127 797 1208 834 illic
1235 799 1443 836 membrum
1471 804 1540 844 est,
1568 799 1631 838 sed

106 873 173 910 pro
212 860 348 899 virtute
384 874 426 898 ac
452 862 623 912 potentia
651 861 847 912 accipitur,
873 861 1145 913 polliceturque
1171 862 1273 900 Deus
1301 864 1396 908 fore,
1423 870 1476 909 ut,
1502 877 1633 915 quem-

103 924 305 962 admodum
343 938 412 963 nos
449 939 538 963 suae
573 925 751 976 potestati
777 925 988 964 subiecerat
1017 926 1160 964 Sathan
1188 932 1339 978 propter
1367 929 1534 978 parentis
1562 941 1633 966 no-

106 989 174 1025 stri
213 988 525 1035 inobedientiam,
561 990 613 1028 ita
650 990 780 1028 eadem
808 989 899 1027 haee
926 990 1007 1040 ipsa
1034 994 1202 1041 potestas
1229 990 1268 1028 in
1299 991 1381 1029 Ada
1410 992 1522 1030 etiam
1549 992 1632 1043 ipso

104 1057 257 1104 totaque
293 1053 372 1092 eius
407 1055 587 1105 progenie
625 1057 893 1092 contereretur.
946 1054 1029 1091 Iam
1065 1054 1156 1105 quid
1192 1054 1240 1092 sit
1275 1056 1418 1093 conteri
1445 1057 1634 1095 Sathanae

106 1118 325 1168 potentiam,
362 1132 444 1157 cum
480 1120 521 1157 in
555 1119 640 1157 Ada
674 1119 756 1169 ipso
792 1122 874 1157 tum
910 1118 950 1156 in
979 1119 1091 1157 nobis
1119 1119 1309 1165 omnibus,
1335 1120 1399 1171 qui
1426 1121 1466 1158 in
1493 1121 1634 1160 lumbis

105 1182 270 1232 parentis
310 1183 430 1221 nostri
465 1197 625 1230 eramus,
661 1182 848 1220 Dominus
883 1182 963 1233 ipse
989 1186 1119 1233 postea
1145 1183 1362 1233 explicavit,
1388 1184 1544 1235 repetita
1571 1198 1635 1223 ea-

105 1248 188 1284 dem
216 1248 280 1285 sed
307 1248 501 1299 aliquanto
530 1247 687 1285 clariore
713 1247 760 1284 ad
789 1246 1047 1284 Abrahamum
1063 1247 1325 1298 promissione,
1344 1248 1523 1286 nimirum
1544 1250 1634 1288 sub·

105 1312 180 1349 lato
217 1325 237 1349 a
273 1312 383 1350 nobis
418 1312 563 1363 peceati
599 1311 814 1356 maledicto,
849 1310 1068 1349 restitutum
1104 1311 1151 1348 iri
1187 1311 1299 1349 nobis
1328 1312 1530 1350 salutarem
1563 1313 1639 1353 Dei

108 1376 419 1423 benedictionem,
463 1376 577 1427 idque
613 1376 766 1414 seminis
803 1375 1032 1413 sanctissimi
1068 1376 1220 1421 virtute,
1255 1390 1335 1415 non
1370 1379 1494 1416 minus
1529 1378 1636 1417 Adae

103 1439 206 1486 olim,
244 1453 358 1492 quam
393 1440 570 1478 Abrahae
603 1444 733 1492 postea
768 1439 957 1490 promissi.
1010 1440 1058 1477 In
1088 1440 1242 1486 semine,
1267 1441 1404 1493 inquit,
1431 1447 1495 1480 tuo
1523 1443 1635 1481 bene-

103 1505 274 1542 dicentur
307 1518 437 1543 omnes
472 1509 618 1554 gentes.
673 1505 879 1544 Quodnam
916 1514 1002 1543 vero
1041 1505 1089 1543 sit
1126 1505 1368 1544 benedictum
1398 1507 1469 1545 hoc
1496 1520 1635 1550 semen.

103 1568 138 1605 id
170 1582 257 1606 vero
286 1569 397 1607 nobis
424 1573 459 1607 et
485 1569 754 1620 prophetarum
782 1573 819 1607 et
845 1569 1118 1620 Apostolorum
1146 1569 1376 1608 testimoniis
1403 1572 1635 1622 apertissime

104 1633 326 1672 declaratur.
363 1633 501 1671 Paulus
529 1632 666 1671 diserte
693 1632 745 1670 ait
771 1645 853 1671 esse
882 1632 1077 1670 Christum
1105 1632 1279 1684 huncque
1305 1633 1412 1672 iuxta
1439 1638 1634 1684 paternam

103 1686 392 1748 promissionem
431 1710 556 1735 semen
592 1696 771 1734 Abrahae
806 1696 1067 1748 assumpsisse,
1103 1696 1141 1735 h.
1169 1710 1215 1742 e.‚
1251 1698 1349 1735 servi
1380 1699 1500 1735 forma
1525 1698 1566 1736 in
1595 1712 1635 1737 se

104 1765 251 1811 sumpta
279 1760 468 1798 hominem
495 1761 636 1798 factum
663 1774 744 1798 esse
770 1764 941 1806 testatur,
968 1760 1033 1811 qui
1060 1764 1187 1798 tamen
1206 1761 1304 1799 idem
1324 1761 1373 1799 sit
1392 1762 1503 1799 etiam
1526 1775 1634 1800 verus

102 1832 139 1862 et
174 1824 397 1863 immortalis
432 1824 546 1866 Deus.
582 1828 716 1876 potens
753 1824 1070 1875 quemadmodum
1107 1824 1314 1871 descendit,
1341 1826 1393 1863 ita
1421 1839 1569 1864 rursum
1599 1833 1635 1866 et

102 1890 302 1928 ascendere
347 1902 572 1940 carnemque
616 1889 862 1927 humanitatis
898 1894 1051 1927 nostrae
1087 1889 1162 1927 sibi
1196 1890 1237 1928 in
1272 1903 1431 1941 corpore
1466 1905 1534 1929 suo
1569 1892 1634 1929 ad-

103 1955 270 1992 iunctam
298 1955 345 1993 ad
372 1955 490 2006 patris
517 1954 577 1992 sui
604 1954 777 1992 coelestis
806 1954 1013 2000 dexteram,
1040 1954 1202 1993 contrito
1231 1956 1417 2006 serpentis
1444 1956 1546 1995 illius
1572 1957 1633 1996 in-

103 2018 293 2057 sidiatoris
321 2020 454 2069 capite,
481 2019 679 2057 collocare.
720 2018 769 2056 In
798 2018 870 2056 hoc
895 2018 1014 2067 igitur
1043 2018 1183 2057 semine
1212 2020 1420 2059 conteritur
1447 2022 1632 2072 serpentis

103 2086 228 2133 caput,
255 2083 292 2121 h.
321 2096 367 2128 e.‚
393 2082 667 2121 benedicuntur
693 2086 826 2132 gentes
854 2095 997 2127 omnes,
1019 2083 1135 2133 fitque
1163 2082 1369 2130 Abraham,
1398 2084 1498 2122 haud
1525 2086 1633 2124 aliter

102 2160 216 2197 quam
243 2147 366 2184 Adam
394 2148 706 2195 mul-(17)tarum
732 2147 901 2195 gentium
928 2150 1047 2198 pater,
1072 2151 1108 2185 et
1136 2147 1249 2185 habet
1277 2147 1394 2186 Deum
1416 2149 1489 2187 iam
1511 2149 1632 2188 Deum

102 2224 212 2249 suum
238 2215 273 2249 et
301 2211 423 2249 Deum
451 2210 605 2248 seminis
633 2211 692 2248 sui
719 2211 817 2248 inter
846 2223 973 2249 omnes
1000 2216 1145 2260 gentes,
1171 2212 1314 2262 alioqui
1341 2216 1446 2263 pater
1460 2214 1632 2263 gentium

103 2288 180 2313 non
216 2276 377 2319 futurus,
413 2275 488 2313 nisi
524 2279 560 2312 et
594 2279 726 2324 gentes
760 2275 801 2313 in
835 2274 975 2313 lumbis
1003 2275 1080 2313 suis
1108 2275 1215 2313 Adae
1241 2277 1412 2327 exemplo
1440 2277 1634 2317 habuisset

103 2338 311 2376 conclusas.
366 2338 455 2376 Quo
491 2342 600 2389 pacto
627 2343 749 2376 autem
777 2342 814 2376 et
841 2338 881 2376 in
908 2339 1060 2389 quibus,
1086 2343 1270 2390 quatenus
1297 2340 1388 2378 item
1414 2345 1450 2379 et
1478 2343 1630 2393 quando

101 2407 272 2441 conterat
299 2402 399 2440 Deus
427 2403 617 2440 Sathanae
645 2406 756 2454 caput
783 2416 848 2454 per
876 2403 1029 2441 seminis
1057 2404 1166 2442 huius
1194 2406 1425 2443 sacrosancti
1441 2407 1631 2453 virtutem,

101 2466 142 2504 id
169 2466 349 2517 quoniam
377 2466 554 2504 nonnihil
583 2471 867 2505 controversum
895 2467 1019 2505 adhuc
1045 2481 1127 2506 esse
1153 2468 1311 2515 videtur,
1336 2471 1448 2521 paulo
1470 2471 1631 2522 diligen·

100 2530 174 2569 tius
201 2532 466 2582 expendemus.
495 2531 629 2582 Neque
656 2531 718 2569 hic
743 2532 997 2582 praeiudicare
1025 2533 1197 2571 volumus
1226 2533 1271 2571 de
1300 2535 1519 2587 cuiusquam
1544 2551 1629 2575 sen-

100 2595 231 2641 tentia,
268 2595 333 2633 sed
373 2595 412 2632 id
448 2599 574 2633 tamen
610 2608 819 2646 sequemur,
854 2596 954 2647 quod
990 2601 1091 2635 certo
1128 2601 1163 2635 et
1190 2599 1271 2636 sine
1298 2599 1386 2637 ullis
1413 2601 1582 2649 arguciis
1610 2616 1629 2639 e

101 2657 298 2708 scripturis
326 2658 458 2707 colligi
484 2671 595 2708 posse
622 2657 783 2698 videtur.
811 2661 868 2697 Ac
894 2659 1048 2697 modum
1077 2660 1232 2698 contriti
1263 2662 1395 2712 capitis
1425 2663 1629 2713 serpentini

100 2723 281 2773 propheta
308 2722 419 2760 nobis
446 2722 654 2760 luculenter
680 2723 835 2773 exponit
861 2736 945 2761 eum
971 2737 1065 2770 esse,
1091 2725 1191 2775 quod
1220 2739 1302 2763 eum
1330 2726 1370 2764 in
1389 2726 1499 2764 nobis
1516 2727 1629 2765 situm

101 2799 179 2824 non
212 2791 322 2833 esset,
357 2791 399 2825 ut
436 2800 505 2824 nos
540 2800 562 2824 a
599 2787 785 2825 sathanae
820 2788 1022 2838 tyrannide
1056 2789 1215 2827 liberare
1249 2789 1321 2841 ipsi
1362 2804 1555 2841 possemus
1581 2805 1626 2830 ac

99 2849 194 2888 nihil
222 2851 323 2890 aliud
353 2852 426 2890 iam
454 2865 563 2902 quarn
594 2856 750 2890 mortem
777 2857 967 2892 aeternam
995 2859 1210 2906 exspectare
1238 2868 1369 2893 omncs
1397 2869 1629 2905 cogeremur,
