1818 3178
104 136 175 172 126
451 142 502 168 m:
532 137 812 167 SAGRAMENTIS
841 134 1054 162 EchESIAE
1081 134 1257 162 cums‘n.

103 256 196 293 quae
229 243 421 290 significet,
456 241 618 281 alteram,
646 250 739 287 quae
766 235 973 284 significata
999 234 1039 271 in
1067 234 1201 271 animis
1229 234 1367 271 nostris
1393 233 1541 271 interna
1567 246 1610 270 ac

104 308 257 357 spiritali
293 304 550 352 obsignatione
588 302 840 344 confirmetur,
875 311 1006 348 nempe
1033 300 1084 342 ut,
1112 298 1212 347 quod
1241 298 1350 335 nobis
1377 296 1485 346 signo
1514 296 1610 333 divi-

104 372 203 409 nitus
247 370 415 407 instituto
452 366 703 409 adumbratur,
738 364 869 401 foedus
909 362 1078 399 videlicet
1114 362 1184 399 Dei
1216 363 1424 406 nobiscum,
1460 361 1611 411 eiusque

102 436 254 479 iustitia,
280 446 371 483 quae
398 432 469 469 fide
494 430 709 478 agnoscitur
737 428 894 465 sentitur
912 431 947 464 et
965 426 1158 470 retinetur,
1176 448 1225 455 —-
1242 427 1281 464 id
1300 427 1423 478 ipsum
1441 426 1553 464 etiam
1571 425 1611 462 in

103 499 273 535 cordibus
298 496 443 546 piorum
470 494 507 530 in
537 493 703 530 Ecclesia
730 492 947 529 obfirmetur
974 493 1010 527 et
1037 490 1268 539 obsignetur.

151 563 198 599 Et
226 574 281 598 res
314 560 394 610 ipsa
430 558 605 608 loquitur,
632 556 750 605 signa,
777 569 871 606 quae
898 568 973 592 non
1002 554 1078 591 sint
1103 555 1271 604 mystica,
1299 555 1368 592 sub
1393 556 1611 592 Sacramen-

100 632 220 664 torum
257 625 408 660 classem
444 635 518 659 non
557 621 696 665 cadere,
735 633 816 657 cum
846 619 927 667 (fol.
960 619 1043 666 13¹0
1081 619 1192 655 etiam
1218 618 1268 665 hi,
1296 619 1361 669 qui
1387 631 1516 658 vocem
1544 620 1611 656 Sa-

103 687 277 725 cramenti
307 699 372 737 pro
401 685 516 734 signis
543 688 736 734 usurpant,
765 683 993 720 constituant
1018 681 1206 732 quandam
1224 682 1391 732 mysterii
1406 696 1488 720 cum
1505 683 1612 731 signo

100 754 138 790 in
167 750 415 789 Saeramentis
443 749 755 786 coniunctionem.
810 749 866 785 Ac
893 746 1205 798 quemadmodum
1233 747 1467 796 Augustinus
1496 747 1614 792 docet,

101 818 205 865 signa
242 813 540 859 Sacramentalia,
576 813 606 850 si
641 813 781 850 nullam
821 825 904 849 cum
937 812 984 849 iis
1019 811 1143 856 rebus,
1178 824 1333 862 quarum
1372 811 1478 860 signa
1514 815 1613 854 sunt,

102 879 378 918 similitudinem
418 877 589 920 habeant,
626 877 863 913 Sacramenta
900 889 1018 926 neque
1045 889 1125 913 esse
1152 875 1317 921 omnino,
1344 888 1462 926 neque
1489 875 1613 912 vocari

99 956 224 994 posse3
260 942 312 979 ita
340 954 407 978 nos
434 941 569 978 rectius
595 941 712 978 multo
742 941 862 979 dicere
889 941 998 979 nobis
1025 954 1133 992 posse
1161 941 1339 987 videmur,
1376 942 1613 979 Sacramenta

99 1020 172 1044 non
205 1018 282 1043 esse
318 1004 481 1049 omnino,
515 1016 633 1053 neque
669 1004 791 1041 vocari
825 1017 945 1054 posse,
978 1004 1045 1041 ubi
1072 1004 1213 1041 nullam
1240 1004 1501 1054 mysteriorum
1529 1016 1612 1041 cum

99 1071 214 1119 signis
241 1068 539 1107 coniunctionem
567 1068 767 1106 videamus.

149 1122 199 1173 Et
234 1134 433 1185 scripturae
466 1133 580 1182 igitur
615 1134 826 1177 autoritate,
860 1134 898 1171 et
924 1137 1072 1184 patrum
1099 1134 1188 1172 item
1215 1146 1409 1179 consensu,
1434 1137 1477 1171 ut
1503 1137 1612 1171 antea

99 1200 389 1237 demonstratum
424 1202 497 1244 est3
533 1203 717 1248 praeterea
752 1198 833 1249 ipsa
860 1211 1007 1249 quoque
1046 1198 1098 1236 rei
1126 1203 1260 1235 natura
1288 1198 1483 1244 docemur,
1511 1198 1609 1235 hanc

99 1276 176 1300 esse
212 1261 450 1300 certissimam
477 1262 696 1299 sacramenti
723 1262 1014 1312 usurpationem,
1041 1266 1080 1299 ut
1110 1262 1178 1299 sub
1207 1263 1430 1300 sacramenti
1458 1262 1609 1300 nomine

100 1327 293 1363 coniuncta
320 1326 416 1362 inter
443 1338 519 1362 sese
547 1328 631 1373 (suo
659 1326 789 1374 modo)
817 1327 924 1376 signa
951 1330 986 1364 et
1012 1326 1186 1376 mysteria
1218 1326 1499 1364 sacramentalia
1520 1339 1610 1364 con-

96 1391 310 1442 plectamur.

150 1454 393 1491 Utilissimam
421 1466 504 1490 vero
533 1465 611 1490 eam
640 1453 869 1491 Sacramenti
897 1454 1174 1504 usurpationem
1196 1468 1287 1498 esse,
1314 1454 1402 1492 inde
1421 1455 1528 1492 facile
1544 1469 1609 1506 ap·

97 1522 210 1568 paret,
245 1517 343 1567 quod
378 1530 442 1567 per
476 1516 578 1553 illam
614 1517 749 1554 multae
785 1516 1016 1555 difficultates
1053 1522 1089 1555 et
1125 1518 1397 1556 controversiae
1432 1518 1470 1556 in
1500 1531 1612 1556 causa

99 1583 166 1619 hae
194 1581 484 1619 Saeramentaria
512 1581 689 1619 sistantur
715 1594 942 1633 prorsusque
968 1582 1160 1629 tollantur,
1196 1584 1393 1634 fontesque
1423 1587 1609 1634 praeterea

97 1660 261 1684 errorum
288 1646 519 1696 quorundam
547 1651 894 1685 commonstrentur.

149 1710 307 1748 Tollitur
335 1710 402 1746 hac
426 1709 493 1747 tali
520 1710 747 1747 Sacramenti
773 1711 1015 1761 usurpatione
1043 1711 1294 1749 controversia
1320 1711 1482 1759 illorum,
1516 1724 1608 1762 quo-

99 1787 180 1811 rum
214 1775 276 1811 alii
314 1775 550 1811 Sacramenta
586 1774 694 1811 etiam
730 1775 776 1811 ad
812 1775 947 1826 impios
982 1775 1166 1826 pertinere
1195 1776 1340 1822 docent,
1367 1776 1431 1813 alii
1457 1779 1607 1826 negant.

99 1839 177 1876 Qui
211 1839 308 1876 enim
343 1839 410 1876 sub
446 1851 534 1876 voce
571 1839 797 1877 Sacramenti
831 1844 866 1878 et
903 1841 1010 1890 signa
1038 1841 1148 1879 simul
1175 1842 1258 1889 (fol.
1290 1843 1370 1889 142)
1399 1845 1435 1879 et
1463 1842 1608 1890 signata

100 1902 405 1952 complectuntur,
437 1901 662 1951 intelligunt,
693 1906 870 1953 utrosque
904 1903 990 1941 illos
1026 1917 1110 1941 vera
1148 1904 1269 1942 dicere
1294 1905 1398 1942 iuxta
1427 1905 1608 1954 synecdo-

100 1966 240 2003 chicam
274 1966 566 2016 usurpationem,
592 1972 645 2011 ut,
672 1967 736 2017 qui
772 1969 840 2005 sub
875 1969 1105 2006 Sacramenti
1133 1980 1223 2006 voce
1250 1969 1399 2018 signum
1427 1969 1608 2006 duntaxat

97 2031 319 2080 intelligunt,
354 2044 436 2068 vere
461 2032 650 2077 affirment,
685 2033 923 2071 Sacramenta
949 2034 1060 2071 etiam
1089 2033 1134 2071 ab
1162 2034 1285 2084 impiis
1313 2034 1463 2084 percipi,
1488 2055 1539 2062 —
1566 2046 1609 2071 ac

98 2107 242 2131 rursum
269 2107 352 2131 vere
379 2098 514 2143 negent
541 2095 663 2141 etiam,
689 2096 751 2146 qui
781 2110 904 2134 vocem
931 2098 1161 2136 Sacramenti
1188 2111 1254 2148 pro
1283 2098 1397 2135 altera
1426 2098 1608 2135 duntaxat

98 2159 195 2196 illius
221 2163 334 2209 parte,
360 2172 489 2209 nempe
514 2173 581 2210 pro
608 2161 796 2210 mysterio,
822 2166 1013 2213 usurpant.

150 2223 309 2259 Tollitur
343 2227 377 2260 et
417 2223 487 2260 alia
516 2225 768 2262 controversia
803 2239 941 2271 eorum,
976 2240 1135 2277 quorum
1171 2227 1235 2265 alii
1273 2227 1521 2265 Sacramentis
1548 2240 1607 2265 res

101 2286 324 2334 'significatas
352 2286 516 2323 exbiberi
553 2287 698 2333 docent,
725 2289 788 2326 alii
815 2303 900 2327 vero
931 2295 1078 2339 negant.
1116 2291 1325 2329 Observata
1352 2291 1451 2328 enim
1479 2295 1607 2329 nostra

103 2350 328 2386 Sacramenti
353 2350 605 2400 usurpatione,
632 2356 706 2389 tam
734 2357 788 2390 est
816 2367 898 2391 vera
925 2367 1052 2392 eorum
1081 2355 1279 2400 sententia,
1305 2355 1369 2405 qui
1398 2357 1547 2402 negant,
1576 2354 1606 2391 si

102 2414 379 2451 Sacramentum
420 2427 485 2463 pro
522 2415 628 2463 signo
664 2420 809 2454 tantum
845 2418 1065 2468 accipiatur,
1102 2433 1212 2469 quam
1249 2423 1304 2456 est
1338 2431 1421 2456 vera
1456 2418 1607 2455 illorum

100 2478 223 2522 etiam,
249 2477 312 2526 qui
337 2477 373 2513 id
403 2479 590 2521 affirmant,
619 2480 798 2527 doctrina,
825 2482 856 2519 si
883 2495 954 2520 vox
978 2483 1207 2521 Sacramenti
1230 2483 1340 2521 simul
1359 2487 1394 2520 et
1412 2495 1478 2533 pro
1499 2482 1606 2531 signo

101 2545 137 2579 et
163 2554 229 2591 pro
257 2541 430 2591 mysterio
460 2547 665 2592 usurpetur.
695 2545 766 2582 Sed
793 2558 869 2583 non
896 2546 979 2583 ideo
1008 2547 1160 2585 efficitur
1186 2550 1322 2592 tamen,
1349 2546 1456 2596 signa
1476 2547 1606 2583 Sacra·

102 2606 276 2643 mentalia
311 2605 416 2653 sigua
443 2605 645 2643 exhibitiva
673 2621 761 2654 esse,
794 2613 834 2646 ut
862 2609 1107 2658 significando
1135 2611 1347 2655 exhibeant,
1374 2610 1608 2661 quandoqui-

103 2670 184 2707 dem
220 2669 318 2707 aliud
355 2672 409 2706 est
445 2670 718 2708 Sacramentum
755 2673 888 2723 ipsum,
923 2674 1024 2711 aliud
1061 2688 1146 2712 vero
1183 2676 1330 2724 signum
1360 2674 1609 2719 Sacramenti;

102 2739 139 2772 ct
165 2734 329 2784 proinde,
354 2732 452 2782 quod
482 2733 726 2772 Sacramentis
753 2738 963 2783 tribuimus,
990 2738 1026 2774 id
1055 2739 1225 2789 equidem
1254 2740 1371 2787 signis
1399 2752 1607 2776 sacramen-

103 2799 238 2837 talibus
264 2798 379 2835 tribui
404 2809 522 2846 neque
549 2796 656 2835 debet
684 2813 798 2850 neque
824 2806 955 2851 potest.

157 2863 500 2907 Commonstrautur
537 2867 656 2899 autcm
696 2865 815 2902 fontes
852 2879 1016 2904 errorum
1057 2880 1124 2905 nee
1151 2867 1285 2904 levium
1313 2880 1381 2906 nec
1407 2880 1608 2919 paucorum
