1818 3178
208 137 281 171 440
696 142 911 169 RESPONSIO
938 141 1030 169 Anv.
1063 143 1227 173 Host.

214 252 362 283 nostrae
403 244 586 294 imprimis
624 244 896 280 controversiae
925 256 1077 294 scopum
1108 243 1315 291 constituit,
1344 244 1444 295 quod
1475 244 1651 281 saxonici
1681 244 1734 281 illi

215 309 471 347 Sacerdotium
510 307 692 344 duntaxat
729 313 765 344 et
800 308 1032 344 Sacrificium
1070 307 1298 358 Papisticum
1335 308 1374 346 in
1412 309 1488 346 suis
1516 308 1732 346 subvertant

215 373 406 416 Ecclesiis,
434 386 503 409 nos
531 385 616 409 vero
645 385 721 409 non
750 371 962 410 subvertere
987 372 1099 409 modo
1128 373 1212 418 ista,
1246 373 1311 410 sed
1338 373 1430 424 ipsis
1460 373 1569 411 etiam
1599 374 1731 410 Sacra-

215 438 348 476 mentis
396 436 536 473 Christi
580 435 786 473 Ecclesiam
824 436 983 486 spoliare
1018 436 1165 487 impura
1200 441 1329 475 nostra
1365 437 1508 475 haeresi
1545 450 1734 484 conemur,

214 501 320 552 quasi
356 514 441 538 vero
478 504 541 537 aut
579 501 699 537 nostri
736 513 755 537 a
793 500 992 538 Saxonicis
1027 500 1066 537 in
1096 500 1346 538 subvertendo
1372 502 1494 552 Papae
1521 506 1557 540 et
1584 514 1734 539 suorum

215 565 429 603 Sacerdotio
458 565 563 602 iuxta
592 550 642 600 ac¹
663 564 868 610 Sacrificio,
895 568 958 602 aut
989 564 1167 601 Saxonici
1195 578 1215 601 a
1243 565 1352 602 nobis
1378 566 1418 603 in
1439 565 1646 603 accusanda
1664 565 1734 603 sub

212 631 385 681 Papismo
422 632 747 666 sacramentorum
784 628 1121 677 vio-(133)lati0ne
1158 629 1418 680 profanatione
1455 633 1490 667 et
1518 630 1735 674 abolitione,

193 695 312 745 ·quod
349 695 386 731 in
421 692 582 744 Papistis
619 698 683 738 est,
713 692 913 743 studioque
940 692 1163 730 restituendi
1191 693 1267 730 veri
1295 706 1337 730 ac
1363 693 1524 742 legitimi
1551 707 1639 731 usus
1667 695 1733 731 Sa-

213 763 485 794 cramentorum
515 755 737 792 dissentiant
766 755 840 793 ullo
868 755 992 794 modo.
1049 755 1279 793 Damnamus
1314 756 1452 806 pariter
1479 756 1625 807 utrique
1650 757 1732 793 ido·

212 822 421 859 lolatricam
462 820 501 857 in
528 819 700 870 Papismo
728 819 1170 857 transubstantiationem
1202 833 1264 857 seu
1293 820 1736 866 transelementationem,

212 886 311 936 quod
348 885 518 922 doctrina
555 883 625 921 bac
661 884 697 921 e't
737 884 914 932 Symbola
953 884 1099 921 Coenae
1138 884 1288 934 surripi,
1325 884 1404 922 sine
1440 885 1575 935 quibus
1603 885 1735 922 Sacra·

215 954 339 987 menta
368 949 571 986 consistere
599 947 886 997 haudquaquam
914 952 1084 997 possunt,
1112 947 1148 984 et
1175 947 1382 986 inauditam
1411 949 1542 986 seculis
1563 949 1736 986 omnibus

212 1014 364 1051 {sustuli
400 1013 506 1064 panis
545 1012 614 1049 Dei
642 1011 759 1062 ipsius
786 1012 869 1048 loco
899 1011 1118 1050 artolatrian
1147 1012 1240 1061 erigi
1271 1017 1428 1052 constat.
1483 1014 1610 1051 Palam
1638 1014 1737 1051 enim

210 1080 249 1117 in
286 1078 549 1116 abominandis
586 1077 662 1114 suis
698 1077 773 1114 illis
811 1077 1052 1114 circumtonsi
1079 1077 1187 1128 panis
1217 1077 1634 1127 circumgestationibus
1662 1078 1738 1115 cla-

210 1149 315 1182 mant
359 1144 479 1181 uNon
516 1146 572 1180 est
598 1142 717 1193 panis,
746 1142 810 1179 sed
838 1147 893 1179 est
920 1142 1033 1188 Deus,
1061 1142 1156 1181 etc''.
1212 1142 1441 1181 Damnamus
1470 1144 1558 1181 item
1599 1143 1737 1194 pariter

211 1209 358 1260 utrique
395 1207 614 1256 sacrilegam
651 1206 788 1244 Calicis
824 1206 863 1243 in
893 1206 1038 1244 Coenae
1066 1220 1136 1244 usu
1163 1207 1449 1258 surreptionem,
1476 1221 1517 1245 eo
1546 1207 1648 1259 quod
1675 1221 1738 1259 per

210 1270 313 1306 illam
342 1276 378 1306 et
405 1267 584 1318 Symbola
611 1272 646 1304 et
676 1266 856 1316 Mysteria
886 1266 1032 1303 Coenae
1060 1280 1137 1303 non
1166 1267 1286 1304 solum
1325 1267 1510 1305 violentur
1536 1268 1738 1318 profanen-

211 1339 346 1384 turque
381 1338 417 1370 ct
452 1333 490 1369 in
528 1331 697 1369 fraudem
725 1330 841 1368 totius
870 1330 1060 1368 Ecclesiae
1088 1331 1355 1374 nefandissime
1382 1332 1648 1377 adulterentur,
1675 1331 1737 1369 sed

212 1399 251 1435 in
288 1397 545 1448 blasphemum
583 1396 693 1433 etiam
730 1395 768 1432 in
807 1399 963 1432 mortem
1012 1395 1154 1432 Christi
1195 1395 1349 1432 Domini
1393 1395 1609 1434 Missarium
1644 1396 1737 1434 illud

211 1462 390 1513 Papistici
419 1460 626 1498 Sacerdotii
655 1459 878 1497 sacrificium
904 1459 1086 1497 insidiose
1115 1464 1404 1499 commutentur.
1431 1461 1628 1498 Postremo
1642 1461 1736 1498 utri-

212 1540 283 1577 que
316 1526 454 1577 pariter
489 1525 600 1562 etiam
638 1524 857 1561 damnamus
896 1526 1006 1572 (134)
1043 1529 1167 1562 natam
1205 1525 1353 1562 demum
1391 1539 1435 1562 ex
1463 1525 1675 1563 istiusmodi
1703 1530 1739 1563 et

214 1591 479 1641 Symbolorum
516 1589 627 1626 simul
664 1594 699 1626 et
735 1588 1003 1638 Mysteriorum
1034 1589 1179 1626 Coenae
1207 1589 1460 1634 violationem,
1486 1589 1740 1640 prodigiosam

217 1656 368 1700 Missae,
395 1659 437 1692 ut
465 1667 565 1692 nune
593 1654 763 1697 habetur,
784 1653 1011 1704 impietatem
1039 1658 1075 1691 et
1104 1654 1424 1704 cauponationem.
1454 1653 1559 1691 Haec
1585 1655 1739 1705 inquam

215 1721 362 1770 utrique
388 1719 526 1770 pariter
553 1723 662 1768 atque
692 1717 979 1762 consentienter,
1007 1722 1046 1754 ut
1074 1718 1146 1754 alia
1175 1717 1357 1764 omittam,
1386 1718 1424 1755 in
1443 1717 1616 1769 Papismo
1638 1718 1740 1755 dam·

214 1799 359 1830 namus,
386 1798 504 1835 neque
531 1784 569 1820 in
601 1783 739 1820 Christi
767 1782 934 1820 Ecclesia
951 1782 1025 1819 ullo
1046 1782 1157 1818 modo
1178 1781 1327 1819 ferenda
1349 1795 1427 1820 esse
1447 1782 1634 1821 docemus.
1663 1782 1741 1819 Ubi

214 1855 302 1888 sunt
327 1855 383 1888 tot
411 1849 524 1899 igitur
551 1853 730 1898 tantaque
756 1847 852 1884 inter
880 1860 961 1892 nos,
987 1860 1099 1897 quam
1129 1846 1272 1884 Hosius
1301 1847 1380 1884 vult
1403 1846 1531 1892 videri,
1553 1846 1597 1884 de
1618 1847 1741 1884 Coena

214 1915 367 1952 Domini
397 1912 578 1951 dissidia?
631 1912 752 1955 Dicet,
780 1925 848 1948 nos
876 1910 1026 1961 quidem
1054 1910 1093 1947 in
1132 1910 1383 1948 subvertendo
1411 1911 1584 1962 Papismo
1613 1924 1742 1948 omnes

213 1979 437 2017 unanimiter
465 1977 675 2015 consentire
701 1990 764 2027 per
792 1976 916 2013 nescio
944 1989 1056 2026 quam
1084 1975 1259 2013 adversus
1289 1989 1392 2013 suam
1422 1976 1561 2026 Papam
1590 1976 1740 2026 conspi-

213 2046 409 2089 rationem,
443 2057 463 2080 a
500 2056 574 2093 quo
613 2042 792 2079 unitatem
830 2041 1019 2078 Ecclesiae
1056 2040 1264 2091 dependere
1301 2040 1476 2084 somniat,
1504 2040 1567 2078 sed
1596 2040 1635 2077 in
1663 2045 1739 2078 tra-

214 2110 335 2147 denda
363 2109 408 2146 de
437 2111 560 2145 Coena
589 2107 744 2144 Domini
772 2106 942 2144 doctrina
972 2112 1100 2144 nostra
1126 2105 1346 2155 gravissime
1375 2118 1442 2143 nos
1472 2105 1630 2143 invicem
1662 2105 1740 2142 bel·

213 2175 375 2223 ligerari,
405 2173 512 2224 quasi
540 2186 624 2210 vero
644 2173 683 2208 in
702 2171 913 2208 damnanda
935 2170 1123 2221 Papistica
1143 2171 1288 2208 Coenae
1301 2170 1521 2208 Dominicae
1540 2170 1742 2208 violatione

213 2238 474 2289 profanatione
508 2241 543 2274 et
580 2236 854 2273 adulteratione
891 2248 968 2272 non
1007 2235 1106 2272 bona
1147 2235 1221 2272 iam
1249 2248 1293 2272 ex
1320 2241 1424 2285 parte
1452 2234 1644 2272 doctrinae
1672 2247 1740 2271 no-

214 2309 309 2340 strae
354 2301 550 2339 consensio
595 2300 834 2351 approbetur.
891 2300 962 2336 Sed
1006 2299 1051 2336 de
1087 2299 1257 2336 doctrina
1293 2304 1422 2336 nostra
1456 2311 1558 2342 mox,
1594 2298 1658 2335 ubi
1695 2297 1741 2334 de

216 2367 492 2417 conspiratione
528 2378 644 2416 pauca
680 2365 896 2402 dixerimus.
952 2364 1034 2401 Nos
1062 2364 1202 2401 nullius
1231 2364 1341 2401 nobis
1369 2363 1523 2400 omnino
1552 2363 1742 2413 conspira-

213 2431 460 2479 ti-(135)onis
497 2444 623 2467 sumus
661 2429 814 2472 conscii,
850 2428 911 2466 sed
942 2429 988 2466 ab
1017 2428 1223 2479 apostatica
1252 2428 1373 2479 Papae
1400 2433 1436 2466 et
1464 2441 1628 2470 suorum,
1656 2440 1738 2463 cum

213 2510 293 2534 eam
321 2495 630 2532 immedicabilem
660 2508 739 2531 esse
767 2507 1013 2537 cerneremus,
1041 2493 1242 2544 impietate,
1271 2505 1485 2542 segregasse
1513 2505 1582 2530 nos
1600 2491 1738 2528 Divino

216 2560 395 2597 beneficio
432 2560 547 2595 libere
583 2563 618 2596 et
653 2558 817 2607 ingenue
843 2559 1074 2608 profitemur,
1101 2562 1211 2607 atque
1238 2557 1289 2594 ita
1319 2556 1466 2594 demum
1495 2555 1540 2592 ad
1572 2553 1740 2591 Catholi-

216 2638 278 2661 cae
311 2623 379 2660 Dei
417 2623 605 2659 Ecclesiae
641 2623 837 2667 unitatem,
874 2622 980 2658 cuius
1016 2621 1169 2658 unicum
1205 2625 1316 2671 atque
1343 2626 1534 2657 aeternum
1562 2622 1677 2668 caput
1706 2621 1743 2655 ct

216 2689 360 2726 nullum
396 2686 496 2723 aliud
530 2687 679 2723 unicum
714 2686 800 2723 item
838 2685 877 2722 in
916 2685 1138 2736 Prophetica
1172 2688 1287 2735 atque
1323 2682 1543 2733 Apostolica
1572 2681 1743 2719 doctrina

217 2754 377 2790 fulcrum
408 2755 463 2788 cst
490 2751 595 2787 Iesus
624 2750 686 2786 ille
716 2750 888 2788 Christus
917 2750 1018 2787 filius
1046 2749 1117 2786 Dei
1145 2750 1235 2793 vivi,
1263 2761 1327 2799 per
1354 2747 1423 2784 Dei
1451 2746 1746 2784 misericordiam

214 2821 406 2855 revocatos
442 2829 533 2853 csse.
588 2815 633 2852 In
671 2828 743 2865 qua
783 2828 871 2852 sane
908 2815 1125 2852 Catholicae
1160 2813 1230 2851 Dei
1259 2812 1447 2850 Ecclesiae
1474 2811 1621 2848 unitate
1651 2824 1742 2848 con-

214 2882 347 2928 stituti,
383 2881 503 2919 facere
537 2879 609 2916 iam
647 2891 721 2916 non
756 2892 952 2929 possumus
987 2891 1053 2929 pro
1090 2878 1164 2915 fide
1199 2883 1326 2915 nostra
1372 2878 1576 2926 nostroque
1613 2874 1739 2913 debito
