1818 3178
445 138 496 164 m:
524 137 806 165 SACRAMENTIS
834 140 1049 168 Ecctnsun
1076 141 1255 170 cnmsn.
1538 135 1606 171 145

140 238 273 277 Postea
301 251 387 277 vero
415 251 497 277 cum
525 239 936 279 transubstantiationis
972 241 1141 293 impietas
1169 256 1247 281 sese
1273 242 1393 282 indies
1420 243 1539 294 magis
1565 257 1609 282 ae

90 304 209 352 magis
245 305 326 353 (per
362 303 433 340 Dei
467 304 645 352 gratiam)
672 304 855 356 proderet,
883 318 1001 356 neque
1030 307 1163 344 caelari
1192 308 1350 358 amplius
1377 311 1514 359 posset,
1539 321 1608 359 pu-

90 367 186 404 blice
220 368 371 405 tandem
407 373 621 419 oppugnata
656 373 731 416 est,
767 369 932 420 adeoque
968 375 1003 408 et
1039 372 1190 422 explosa
1232 373 1380 410 demum
1415 373 1542 411 multis
1568 373 1608 411 in

88 430 194 473 locis,
229 429 366 468 Divino
404 430 598 471 beneficio.
654 432 726 469 Sed
763 445 808 470 ne
832 432 873 469 in
901 433 1149 471 Sacramentis
1178 435 1276 472 nuda
1304 435 1477 486 deinceps
1505 435 1612 485 signa

90 506 280 544 superesse
308 495 533 543 viderentur,
571 496 748 534 substitui
776 496 896 547 coepit
924 501 1008 548 post
1035 499 1209 548 rejectam
1238 500 1612 540 transubstantiatio-

90 571 175 595 nem
212 559 321 596 realis
348 561 530 610 quaedam
558 562 723 613 corporis
751 562 890 599 Christi
917 563 1097 600 naturalis
1127 576 1210 600 cum
1236 577 1330 615 pane
1356 568 1393 602 et
1418 565 1611 615 sanguinis

88 622 177 660 item
217 636 298 661 cum
338 625 424 662 vino
453 626 491 664 in
522 639 653 664 caenae
681 627 921 664 sacramento
951 628 1146 674 connexio,
1181 629 1236 666 sic
1260 632 1303 666 ut
1329 630 1435 680 panis
1461 630 1501 667 in
1531 643 1612 667 cae-

90 700 160 724 nae
197 687 415 727 Dominicae
460 703 528 728 usu
563 703 639 728 non
675 690 825 741 quidem
860 694 1148 738 transmutetur,
1194 706 1311 743 neque
1346 694 1436 731 item
1483 694 1608 732 vinum

88 751 213 797 etiam,
249 753 313 790 sed
350 755 456 805 panis
491 755 539 792 sit
567 754 675 792 simul
702 759 738 792 et
765 755 884 806 paniS,
918 756 983 806 qui
1010 757 1141 803 fuerat,
1168 761 1215 804 et,
1242 758 1342 808 quod
1371 771 1448 796 non
1476 759 1611 801 fuerat,

91 829 224 866 corpus
261 818 417 866 Christi3
460 820 584 857 vinum
620 820 707 857 item
743 824 891 858 maneat
926 821 1068 867 vinum,
1105 821 1169 859 sed
1205 823 1316 860 simul
1351 827 1386 861 et
1422 824 1547 861 vinum
1576 827 1612 861 et

88 880 168 931 ipsa
204 882 314 920 etiam
352 884 559 921 substantia
596 884 790 933 sanguinis
828 885 970 923 Christi
1005 886 1207 932 naturalis,
1242 887 1393 937 visaque
1428 891 1483 925 est
1519 887 1610 925 haec

91 945 263 984 doctrina
292 948 587 985 commodissima
615 961 694 986 esse
722 948 758 986 et
794 949 842 986 ad
870 950 1143 1000 explodendam
1170 951 1290 1002 Papae
1318 952 1478 989 Romani
1504 956 1610 989 tran-

93 1011 445 1051 substantiationem
473 1026 556 1050 cum
584 1014 686 1051 omni
713 1014 829 1064 ipsius
856 1014 1082 1062 idololatria,
1109 1015 1145 1053 et
1171 1016 1218 1053 ad
1237 1017 1481 1063 retinendam,
1501 1017 1613 1054 adeo·

91 1089 161 1125 que
188 1081 224 1114 et
250 1077 437 1120 tuendam,
458 1078 797 1125 Sacramentor'um,
823 1079 1007 1130 imprimis
1035 1093 1121 1117 vero
1151 1093 1285 1118 caenae
1303 1081 1534 1127 Dominicae,
1554 1080 1612 1118 di-

91 1142 282 1189 gnitatem.
339 1142 468 1192 Neque
496 1155 583 1179 sane
612 1142 768 1180 dubium
795 1147 860 1187 est,
889 1143 1094 1194 quaesitam
1123 1157 1202 1182 esse
1230 1158 1313 1182 vere
1340 1149 1375 1182 et
1403 1158 1448 1182 ex
1475 1146 1611 1182 amimo

91 1206 250 1254 gloriam
277 1206 345 1244 Dei
381 1206 428 1243 ab
457 1206 567 1243 huius
596 1206 786 1244 doctrinae
813 1208 1020 1254 autoribus,
1047 1212 1123 1245 tam
1149 1209 1189 1246 in
1217 1209 1465 1246 subvertenda
1493 1210 1614 1260 Papae

92 1271 503 1317 transubstantiatione,
531 1285 640 1322 quam
669 1273 753 1321 (fol.
781 1273 867 1320 36¹2)
895 1273 934 1310 in
963 1273 1157 1310 retinenda
1185 1273 1367 1322 dignitate
1395 1274 1613 1311 Sacramen-

91 1341 224 1380 torum,
259 1340 295 1373 et
330 1340 406 1373 erat
434 1336 567 1385 ingens
597 1337 664 1374 Dei
684 1337 926 1383 beneficium,
962 1337 1106 1375 dedisse
1134 1337 1244 1375 nobis
1272 1337 1455 1375 eiusmodi
1482 1337 1612 1375 docto-

91 1413 160 1445 res,
204 1400 267 1450 qui
312 1401 369 1438 vel
405 1400 525 1451 ipsam
570 1400 752 1439 duntaxat
797 1401 1241 1439 transubstantiationem
1276 1402 1468 1440 confutare
1503 1406 1614 1453 atque

89 1465 284 1516 explodere
319 1470 484 1516 possent.
538 1466 598 1503 Ita
634 1479 720 1504 vero
750 1479 787 1503 se
814 1466 1072 1504 accommodat
1098 1467 1311 1504 infirmitati
1337 1470 1487 1504 nostrae
1513 1466 1614 1505 Deus

91 1530 180 1582 Opt.
219 1530 335 1577 Max„
367 1534 408 1568 ut
444 1530 553 1568 nobis
590 1544 667 1568 non
703 1530 875 1582 equidem
911 1531 1035 1568 subito
1064 1531 1167 1568 omni
1194 1544 1238 1568 ex
1263 1535 1368 1582 parte
1394 1531 1616 1576 innotescat,

90 1597 152 1634 sed
188 1596 325 1645 gradus
362 1596 544 1647 quosdam
580 1609 645 1633 sua
682 1595 791 1633 nobis
826 1596 1016 1633 revelandi
1050 1610 1116 1647 pro
1146 1600 1273 1634 nostra
1300 1596 1517 1634 infirmitate
1544 1596 1612 1633 ob·

90 1665 221 1698 servet.
279 1660 459 1709 Magnum
496 1665 574 1697 erat
610 1660 732 1704 initio,
770 1673 900 1697 manus
938 1661 1192 1698 demoliendae
1219 1661 1614 1698 transubstantiationi

90 1725 317 1767 admovisse,
355 1738 436 1761 cum
474 1725 531 1762 vel
566 1724 734 1762 inutiisse
771 1725 946 1762 adversus
984 1725 1088 1762 illam
1123 1726 1206 1776 plus
1241 1738 1352 1775 quam
1379 1724 1614 1775 parricidiale

92 1791 231 1828 crimen
260 1789 469 1827 haberetur.
515 1789 724 1827 Habendus
753 1794 806 1827 est
832 1790 949 1839 igitur
977 1789 1157 1835 honoriis,
1184 1802 1277 1840 quos
1306 1789 1405 1826 Deus
1434 1789 1616 1838 singulari

91 1868 156 1893 suo
185 1854 364 1892 beneficio
393 1853 439 1891 ad
468 1853 747 1891 convellendam
773 1854 1225 1899 transubstantiationem,
1253 1858 1289 1891 et
1315 1857 1441 1891 natam
1470 1853 1616 1890 demum

91 1933 135 1957 ex
169 1920 232 1956 illa
267 1918 518 1956 idololatriam
551 1918 740 1957 excitavit.
794 1919 885 1956 Non
921 1918 1067 1956 obstitit
1104 1919 1212 1956 Petro
1250 1919 1433 1969 Apostolo
1459 1918 1499 1955 in
1525 1918 1616 1955 reti-

90 1983 213 2021 nenda
253 1982 438 2032 dignitate
475 1983 703 2033 Apostolica‚
739 1983 838 2033 quod
868 1995 943 2020 non
977 1987 1078 2020 recto
1116 1982 1255 2020 alicubi
1282 1982 1375 2032 pede
1401 1981 1615 2028 incesserit;

91 2053 126 2087 et
159 2048 256 2086 inter
283 2048 438 2085 Paulum
479 2060 521 2085 ac
555 2048 769 2085 Barnabam
799 2047 952 2084 dissidia
979 2060 1253 2097 nonnunquam
1279 2047 1533 2084 intercessisse
1560 2045 1615 2083 vi-

94 2113 241 2159 demus;
269 2112 368 2150 absit
403 2116 536 2156 autem,
574 2116 617 2150 ut
652 2112 724 2149 hoc
761 2112 913 2149 nomine
948 2112 1169 2162 Apostolico
1205 2111 1307 2148 Petri
1341 2114 1377 2148 et
1412 2109 1520 2147 Pauli
1547 2109 1617 2145 mi-

93 2177 247 2215 nisterio
277 2176 525 2214 detrahamus.
554 2177 615 2214 Ita
643 2181 678 2214 et
706 2189 807 2214 nunc
834 2177 1005 2227 iniquum
1032 2176 1157 2221 fuerit,
1185 2175 1349 2212 virorum
1377 2175 1446 2212 Dei
1467 2174 1617 2211 illorum

92 2241 300 2280 ministerio
330 2242 422 2279 velle
449 2241 713 2291 quoquomodo
744 2241 921 2290 derogare
955 2245 1105 2291 propter
1132 2240 1316 2277 humanos
1342 2240 1509 2290 ipsorum
1534 2239 1617 2288 lap-

94 2321 154 2345 sus
190 2306 382 2358 quosdam,
419 2319 481 2356 per
508 2318 600 2356 quos
632 2306 754 2343 lucem
780 2305 980 2354 Euangelii
1008 2305 1134 2342 divino
1165 2304 1345 2342 beneficio
1373 2303 1619 2351 resusci-(fol.

95 2374 297 2420 37³)tatam
335 2370 464 2408 nostro
494 2371 564 2407 hoc
593 2371 738 2408 saeculo
768 2370 959 2409 habemus.
1013 2370 1146 2418 Longe
1173 2383 1261 2407 sane
1289 2382 1357 2406 nos
1384 2369 1484 2406 infra
1513 2369 1617 2419 Apo-

95 2437 211 2474 stolos
252 2449 379 2473 sumus
416 2439 451 2473 et
490 2435 647 2485 proinde
677 2435 838 2472 humana
865 2435 989 2472 omnia
1019 2434 1139 2472 minus
1168 2435 1283 2472 multo
1312 2447 1333 2471 a
1360 2433 1471 2471 nobis
1498 2433 1618 2470 aliena

93 2514 173 2539 esse
208 2500 420 2539 existimare
456 2499 642 2538 debemus.
698 2499 806 2536 Nihil
840 2499 900 2536 hic
937 2499 981 2536 de
1016 2499 1186 2550 patribus
1222 2499 1364 2543 dicam,
1400 2498 1497 2536 iuter
1525 2511 1618 2548 quos

96 2578 204 2603 nemo
241 2569 308 2610 est,
344 2564 409 2616 qui
436 2577 606 2610 nonsua
634 2567 753 2601 errata
781 2563 963 2606 habuerit,
990 2576 1147 2614 quorum
1176 2567 1301 2600 tamen
1328 2563 1444 2614 pietas
1472 2566 1507 2599 et
1535 2575 1619 2599 eru-

98 2630 189 2667 ditio
227 2630 316 2667 satis
343 2629 550 2680 praedicari
578 2641 652 2666 non
681 2633 823 2679 potest3
862 2628 924 2665 sed
952 2633 988 2666 et
1015 2628 1165 2666 Petrum
1192 2628 1326 2679 ipsum,
1360 2631 1446 2678 post
1482 2626 1618 2664 editam

96 2694 283 2742 insignem
317 2693 419 2730 illam
462 2693 506 2730 de
544 2692 693 2730 Christo
723 2691 887 2729 Domino
926 2692 1212 2736 confessionem,
1240 2705 1315 2729 non
1344 2704 1498 2742 semper,
1524 2703 1617 2740 quae

98 2758 167 2796 Dei
193 2762 310 2804 erant,
335 2759 493 2808 legimus
522 2758 698 2809 sapuisse.
729 2758 895 2807 Cumque
922 2758 1027 2794 illum
1054 2770 1074 2794 a
1103 2756 1265 2794 Domino
1287 2757 1463 2794 Satanam
1491 2755 1616 2792 vocari

96 2823 302 2868 audiamus,
336 2824 527 2870 miramur,
564 2823 595 2861 si
628 2828 664 2861 et
701 2835 769 2860 nos
805 2827 1014 2860 transverse
1042 2835 1312 2873 nonnunquam
1349 2821 1396 2859 ab
1432 2822 1509 2866 isso,
1544 2834 1618 2871 quo

98 2895 179 2925 non
209 2892 366 2939 oportet,
393 2889 587 2935 trahimur,
614 2887 721 2939 quasi
749 2901 837 2933 non,
864 2900 937 2937 quo
966 2887 1298 2938 praestantioribus
1326 2886 1482 2937 quisque
1510 2884 1619 2923 donis

148 2950 182 2990 I.
1427 2952 1474 2988 10
