1818 3178
169 101 242 138 320

164 210 203 249 in
222 224 259 248 se
281 210 423 248 dictum
442 211 559 260 putet,
607 209 868 258 promissionis
910 221 1001 247 suae
1044 211 1177 248 adesse
1212 212 1251 249 in
1286 214 1404 251 medio
1440 215 1598 253 duorum
1633 217 1689 254 vel

165 274 349 325 quidquid
378 273 501 310 ubivis
520 272 559 310 in
613 274 723 310 trium
750 275 805 310 vel
826 274 989 322 plurium
1008 276 1238 312 collectorum
1258 278 1295 313 in
1316 279 1459 315 nomine
1477 279 1568 324 eius,
1584 262 1636 309 —‘
1659 286 1691 317 et

164 338 257 376 alios
285 337 432 376 dicitur.
463 336 561 374 Mihi
614 339 815 375 seeundum
842 340 1034 375 verissima
1064 340 1174 376 verba
1202 352 1286 386 sua,
1313 354 1453 391 corpus
1479 350 1512 380 et
1530 344 1690 392 sanqui-

164 413 339 439 sanenon
353 400 562 438 cumWest·
616 415 698 439 nem
733 413 839 438 snum
875 402 966 439 dare
994 402 1034 439 in
1063 404 1317 442 communione
1349 408 1505 452 coenae,
1533 408 1687 444 ubicun-

162 466 273 516 phalo
318 468 464 502 tantum
503 478 560 502 res
614 479 684 515 que
716 466 786 503 rite
822 479 866 504 ex
895 468 1071 503 mandato
1100 468 1177 504 eius
1200 469 1426 518 pe1·o9it2c7·;
1454 484 1519 509 nec
1547 479 1687 509 tantum

162 534 217 567 est
246 528 562 567 Sacramentariae
614 529 879 577 spiritualiter,
914 542 978 566 nec
1016 531 1096 566 sola
1131 530 1338 576 divinitate,
1370 534 1438 570 sed
1463 533 1573 571 etiam
1604 548 1689 572 cor—

163 594 438 632 controversiae
490 606 558 630 no·
606 607 700 642 pore
745 606 812 631 suo
849 601 880 632 ec
921 593 1119 643 sanquine,
1154 596 1286 633 adesse
1330 604 1364 634 et
1382 610 1545 646 pascere
1581 611 1687 636 suam

161 659 273 703 mine,
300 663 336 696 et
383 662 479 696 certe
516 658 560 695 de
614 659 844 698 Ecclesiam.

162 723 246 771 (fol.
260 724 326 771 83)
344 721 562 772 Westphalo

161 801 237 826 non
275 788 429 825 multum
461 786 562 835 cogi-

161 852 345 899 tabamus,
368 865 452 889 cum
467 851 562 888 Pur-

146 916 348 965 ·gationem
390 920 559 954 nostram

161 981 419 1020 scriberemus,
447 980 561 1019 Unde

159 1046 274 1095 igitur
301 1045 406 1083 novit
435 1044 560 1082 West-

160 1110 307 1161 phalas,
335 1122 373 1147 se
390 1108 562 1159 improbe

161 1189 182 1213 a
211 1175 321 1213 nobis
340 1177 436 1212 tetro
455 1187 561 1211 men-

161 1239 267 1277 dacio
301 1238 473 1276 onerari?
502 1237 560 1275 ni-

161 1304 192 1341 si
223 1303 253 1340 si
287 1303 367 1353 ipse
395 1302 463 1339 sub
493 1313 560 1338 suo

160 1368 276 1418 clipeo
313 1370 414 1404 tutos
451 1367 530 1403 fore
567 1376 696 1402 omnes
731 1367 848 1414 putat,
900 1363 1027 1401 Aiacis
1066 1362 1198 1408 instar,
1237 1364 1301 1414 qui
1338 1368 1466 1415 postea
1496 1368 1686 1415 correptus

159 1432 265 1469 furiis
308 1431 346 1469 in
382 1429 553 1481 pecudes,
586 1428 670 1465 loco
699 1427 907 1472 hominum,
934 1427 1131 1466 saeviebat.
1176 1427 1248 1465 Sed
1275 1431 1367 1474 esto,
1394 1427 1439 1465 de
1468 1428 1685 1479 Westphalo

158 1497 198 1534 id
245 1495 469 1546 scripserim.
523 1495 586 1531 An
621 1505 699 1530 non
735 1492 976 1543 Westphalus
1012 1492 1167 1530 eandem
1201 1492 1281 1530 vult
1320 1492 1438 1530 videri
1475 1492 1684 1530 doctrinam

159 1577 262 1601 suam
292 1576 375 1600 cum
403 1563 624 1610 Augustana
653 1559 912 1604 Confessione,
939 1559 992 1596 sic
1018 1563 1071 1603 ut,
1100 1558 1163 1609 qui
1193 1559 1239 1596 ab
1267 1559 1348 1609 ipso
1379 1557 1617 1602 dissentiunt,
1637 1558 1684 1595 ab

112 1665 118 1671 ,
158 1629 382 1677 Augustana
425 1625 537 1664 etiam
573 1624 817 1662 Confessione
853 1623 1051 1661 dissentire
1079 1637 1207 1661 omnes
1236 1624 1394 1661 clamet?
1447 1625 1510 1662 An
1536 1637 1686 1662 rursum

157 1705 234 1730 non
260 1695 386 1730 tuetur
413 1690 475 1728 ille
500 1689 721 1726 immensam
750 1687 887 1738 ubique
915 1687 1081 1738 corporis
1111 1688 1254 1725 Christi
1281 1688 1544 1738 praesentiam,
1573 1702 1683 1739 quam

156 1771 226 1796 nos
253 1770 298 1795 ex
324 1757 493 1807 professo
520 1754 806 1805 oppugnamus?
861 1753 1057 1791 Quatenus
1083 1752 1200 1802 igitur
1225 1753 1444 1791 immensam
1470 1754 1574 1791 illam
1599 1753 1686 1791 ubi-

158 1837 230 1874 que
258 1820 422 1873 corporis
452 1819 592 1857 Christi
619 1819 865 1870 praesentiam
892 1821 1104 1869 propugnat
1133 1817 1384 1869 Westphalus,
1410 1822 1446 1856 et
1473 1831 1576 1857 suam
1596 1819 1685 1856 doc-

156 1887 295 1925 trinam
332 1899 414 1923 cum
451 1885 674 1933 Augustana
710 1882 957 1921 Confessione
991 1882 1147 1920 eandem
1185 1895 1265 1920 esse
1302 1882 1507 1927 contendit,
1533 1896 1581 1920 an
1608 1896 1685 1921 non

157 1953 268 1990 etiam
304 1950 350 1988 ab
385 1951 605 1999 Augustana
634 1948 880 1986 Confessione
907 1960 975 1985 nos
1005 1947 1202 1985 dissentire
1223 1950 1343 1997 putat,
1369 1951 1609 1998 posteaquam
1636 1948 1684 1985 ab

157 2017 239 2068 ipso
276 2014 545 2053 dissentimus?
599 2013 639 2050 Si
672 2012 711 2050 id
748 2011 930 2061 agnoscit,
956 2011 1023 2048 ubi
1059 2015 1115 2049 est
1150 2015 1285 2049 tetrum
1317 2011 1412 2049 illud
1439 2011 1686 2058 mendacium,

159 2095 232 2133 quo
270 2093 308 2118 se
343 2083 380 2118 et
416 2091 502 2117 suos
545 2091 566 2115 a
601 2090 659 2114 me
693 2076 864 2127 improbe
901 2075 1047 2113 onerari
1076 2076 1154 2113 ait?
1209 2076 1350 2114 Sinon
1380 2076 1564 2126 agnoscit,
1590 2089 1685 2127 quo·

156 2146 269 2184 modo
307 2158 411 2183 suam
445 2147 481 2181 et
515 2141 776 2182 Confessionis
812 2142 1055 2189 Augustanae
1091 2140 1300 2178 doctrinam
1335 2153 1401 2191 pro
1442 2140 1568 2178 eadem
1605 2141 1684 2179 vult

158 2210 314 2249 haberi?
367 2210 444 2247 Aut
479 2219 566 2256 ergo
604 2219 650 2244 ne
683 2205 798 2255 jactet
827 2217 931 2242 suam
960 2216 1042 2241 cum
1073 2203 1318 2241 Confessione
1345 2205 1565 2253 Augustana
1594 2202 1684 2241 con·'

158 2275 381 2317 sensionem,
408 2272 546 2310 nedum
572 2274 614 2308 ut
642 2283 680 2307 se
706 2269 806 2306 illius
836 2271 1150 2319 propugnatorem
1178 2280 1256 2305 esse
1276 2267 1447 2311 somniet,
1465 2271 1528 2305 aut
1546 2271 1682 2305 tetrum

157 2340 252 2378 illud
286 2337 573 2389 improbumque
608 2335 761 2378 scilicet,
797 2333 899 2384 quod
934 2332 1026 2370 mihi
1063 2331 1247 2375 obtendit,
1281 2331 1525 2376 mendac-ium,
1569 2332 1608 2368 in
1645 2344 1682 2369 se

158 2404 320 2443 recidere
354 2401 539 2450 intelligat
575 2399 659 2448 (fol.
688 2400 767 2446 84),
804 2402 839 2435 et
875 2397 1035 2448 seipsum
1072 2397 1283 2447 improbum
1310 2409 1353 2434 ac
1380 2394 1592 2433 mendaeem
1622 2408 1683 2432 ca-

158 2469 418 2508 lumniatorem
444 2479 523 2504 esse
550 2468 741 2514 agnoscat,
768 2462 833 2514 qui
859 2462 970 2500 nobis
997 2461 1233 2512 impudenter
1259 2473 1303 2498 ae
1328 2460 1518 2498 maliciose
1543 2464 1680 2498 tetrum

157 2531 391 2573 mendacium
417 2529 600 2567 obtendit.
637 2527 751 2565 Quod
778 2539 864 2564 vero
891 2525 1000 2563 fidem
1031 2538 1135 2563 suam
1164 2525 1262 2562 claro
1289 2528 1325 2562 et
1350 2524 1540 2561 infallibili
1569 2524 1681 2562 verbo

159 2599 229 2637 niti
264 2596 328 2642 ait,
360 2593 450 2632 facit
476 2606 579 2630 more
606 2605 686 2637 suo,
713 2604 844 2642 nempe
871 2594 924 2637 ut,
952 2590 1016 2627 ubi
1044 2603 1082 2627 se
1109 2589 1234 2626 omnia
1256 2589 1335 2639 jam
1361 2588 1539 2639 probasse
1564 2593 1682 2639 putat,

159 2663 255 2702 nihil
289 2659 435 2699 interim
474 2657 629 2701 adferat,
665 2656 764 2707 quod
795 2659 924 2693 contra
951 2667 1020 2692 nos
1048 2654 1173 2693 faciat.
1228 2653 1351 2691 Nobis
1377 2653 1478 2691 nulla
1506 2656 1562 2691 est
1590 2667 1680 2692 con—

157 2726 339 2766 troversia
374 2723 419 2761 de
446 2721 588 2760 Christi
614 2720 768 2758 Domini
795 2719 987 2770 hypostasi
1015 2732 1079 2756 seu
1105 2731 1276 2770 persona,
1303 2730 1412 2768 quem
1439 2717 1542 2755 iuxta
1568 2726 1679 2756 natu-

158 2805 220 2831 rae
257 2789 403 2828 divinae
428 2786 689 2839 proprietatem
720 2796 803 2821 cum
830 2783 910 2821 Deo
937 2783 1047 2821 Patre
1074 2787 1110 2820 et
1138 2782 1279 2833 Spiritu
1306 2785 1432 2819 sancto
1461 2781 1586 2819 onmia
1614 2795 1680 2819 ex-

157 2857 271 2914 plere,
298 2852 422 2893 omnia
460 2851 598 2902 ubique
634 2852 841 2887 sustentare
868 2851 903 2886 et
929 2847 1138 2897 gubernare
1164 2859 1239 2885 non
1269 2845 1502 2893 dubitamus;
1532 2846 1594 2884 sed
1621 2859 1679 2885 res
