1818 3178
1502 84 1574 120 313

50 191 89 228 in
118 204 183 228 sua
212 192 356 238 Coena3
385 190 518 228 deinde
546 191 633 229 dum
660 193 828 238 affirmat,
853 206 909 231 me
921 194 1033 231 talem
1051 207 1151 231 nunc
1168 193 1416 245 praesentiam
1438 194 1577 232 Christi

52 254 207 292 Domini
241 254 281 292 in
317 267 469 305 corpore
497 267 563 292 suo
590 269 806 304 agnoscere,
833 258 980 308 qualem
1006 261 1115 296 antea
1142 259 1339 307 negabam.
1392 258 1438 296 Id
1465 271 1576 310 porro

51 323 241 370 utrunque
274 323 316 356 ut
350 319 470 368 magis
508 320 750 371 conspicuum
779 321 954 359 omnibus
981 323 1059 367 fiat,
1085 322 1325 361 recitabimus
1352 328 1510 374 utraque
1536 337 1578 361 ea

52 384 97 421 de
132 397 170 421 re
207 383 318 421 verba
352 387 502 421 nostrae
537 384 584 421 ad
622 385 763 434 Regem
798 385 977 423 Poloniae
1013 386 1217 437 Epistolae‚
1253 400 1364 437 quam
1401 387 1462 424 hic
1489 387 1580 425 citat

54 448 304 499 westphalus‚
332 449 363 486 si
390 449 502 486 modo
532 463 715 488 summam
742 451 858 488 totius
889 452 1163 489 controversiae
1191 452 1300 489 huius
1318 453 1577 490 Sacramenta-

52 513 128 550 riae
153 511 257 563 prius
284 513 426 563 paucis,
452 517 495 550 ut
521 513 559 551 in
590 527 630 550 ea
656 514 736 565 ipsa
766 514 937 564 Epistola
966 514 1136 558 habetur,
1163 528 1406 566 exponamus.
1444 516 1579 553 Testor

50 577 165 626 igitur
200 577 323 615 verbis
360 577 509 615 disertis
544 579 584 616 in
621 592 663 616 ea
690 579 770 630 ipsa
797 593 878 617 mea
905 579 1073 630 Epistola
1101 580 1158 628 (id
1186 581 1285 631 quod
1312 581 1403 619 alias
1431 594 1578 632 quoque

51 643 168 679 multo
204 646 312 679 antea
349 655 430 680 sum
464 645 652 691 testatus),
689 657 757 681 nos
793 648 828 682 et
864 644 1030 681 accusari
1059 645 1168 682 simul
1205 649 1240 683 et
1269 645 1448 691 damnari,
1476 646 1578 696 quod

52 705 244 743 Christum
291 706 495 744 Dominum
543 720 697 758 corpore
733 721 799 745 suo
837 708 925 759 pani
960 708 1106 745 Coenae
1142 722 1261 759 neque
1296 709 1418 747 inesse
1458 723 1578 760 neque

52 769 203 807 subesse
238 771 492 821 corporaliter,
527 772 643 809 multo
679 772 804 809 minu‘s
832 772 871 809 in
900 772 964 808 illo
995 772 1207 810 delitescere
1235 773 1412 811 dicamus.
1467 774 1579 810 Cato·

50 846 141 871 num
168 847 255 871 vero
283 835 440 882 no-(fol.
473 836 702 881 71)str0rum
733 835 928 872 calumniis
955 835 994 872 id
1021 836 1114 880 fieri,
1142 840 1193 882 ut,
1219 837 1319 887 quod
1341 837 1487 874 Coenae
1502 837 1578 875 ele·

52 898 188 935 mentis
215 898 428 943 adimimus,
452 899 491 936 id
517 903 640 936 totum
667 899 723 936 illi
751 901 990 937 Sacramento
1020 900 1090 937 toti
1114 900 1258 938 Coenae
1278 901 1498 940 Dominicac
1515 916 1580 953 per

51 975 120 999 nos
156 962 272 999 adimi
308 962 480 1006 clament,
515 967 550 1000 et
587 962 633 1000 ad
669 966 788 1001 totam
825 963 964 1001 Christi
990 964 1188 1013 mysticam
1214 964 1490 1003 institutionem
1518 979 1578 1003 ca-

51 1025 238 1063 lumniose
264 1025 429 1070 trahant,
456 1039 549 1076 quae
579 1039 646 1064 nos
675 1027 720 1064 de
746 1026 838 1078 ipsis
868 1027 1014 1064 Coenae
1042 1027 1224 1065 duntaxat
1251 1029 1441 1067 elementis
1470 1029 1579 1067 doce-

50 1103 146 1128 mus,
199 1090 402 1128 Testantur
436 1090 475 1127 id
512 1092 622 1129 verba
657 1091 737 1142 ipsa
774 1105 876 1129 meae
911 1091 958 1129 ad
996 1092 1136 1141 Regem
1171 1093 1349 1131 Poloniae
1390 1094 1581 1145 Epistolae

52 1153 200 1191 duobus
233 1154 339 1200 locis,
375 1160 415 1191 ut
441 1155 514 1192 alia
542 1155 725 1193 omittam.
780 1156 926 1193 Primus
953 1157 1059 1194 loeus
1087 1160 1143 1194 est
1170 1178 1220 1185 —-
1249 1158 1280 1194 si
1309 1158 1391 1208 quis
1419 1158 1580 1207 Paginas

50 1219 151 1269 ipsas
179 1224 348 1256 numeret
372 1241 424 1248 —
451 1219 592 1268 Pagina
620 1222 665 1257 31
694 1220 733 1257 in
761 1220 959 1270 principio,
977 1220 1040 1258 ubi
1060 1221 1179 1271 capita
1196 1226 1345 1260 nostrae
1365 1235 1449 1259 cum
1468 1222 1582 1260 Erin-

53 1297 103 1334 ny
134 1283 384 1334 Westphaliea
414 1284 689 1322 controversiae
715 1297 901 1323 recenseo,
931 1285 970 1322 Is
999 1298 1084 1323 vero
1113 1285 1166 1322 sic
1194 1286 1325 1324 habet:
1348 1304 1366 1321 ιι
1379 1287 1463 1324 Duo
1485 1290 1583 1333 sunt,

55 1361 247 1399 nquorum
283 1349 434 1387 nomine
468 1348 703 1399 potissimum
732 1362 753 1386 a
780 1349 1012 1399 farraginum
1039 1350 1164 1387 nescio
1193 1362 1351 1401 quarum
1376 1351 1582 1389 sartoribus

57 1431 75 1449 u
88 1415 139 1463 (si
176 1414 319 1465 superis
354 1414 494 1464 placet)
530 1417 566 1451 et
593 1427 814 1451 accusamur
842 1414 953 1451 simul
979 1419 1014 1451 et
1043 1414 1347 1454 condemnamur.
1400 1416 1585 1458 Alterum,

59 1479 191 1531 nquod
224 1478 265 1516 in
300 1478 568 1516 Ecclesiastico
603 1479 812 1517 ministerio
849 1478 918 1516 Dei
945 1478 1062 1530 ipsius
1099 1492 1192 1530 opus
1227 1480 1415 1530 proprium
1445 1480 1484 1517 in
1511 1479 1583 1516 mi-

58 1544 200 1582 nnistri
227 1556 319 1595 opus
346 1557 424 1581 non
451 1544 734 1581 transferamus.
786 1545 971 1586 Alterum,
997 1544 1098 1595 quod
1124 1544 1165 1582 in
1194 1544 1349 1582 Coena
1365 1558 1384 1583 e
1410 1544 1584 1582 Domini-

59 1621 155 1647 ncae
189 1608 448 1646 elementis
483 1609 631 1654 realem,
673 1612 715 1646 ut
751 1612 901 1654 vocant,
937 1609 1105 1660 corporis
1141 1613 1178 1646 et
1214 1609 1407 1658 sanguinis
1445 1609 1586 1647 Christi

58 1671 382 1710 udelitescentiam
416 1672 521 1710 iuxta
566 1673 773 1710 naturalem
806 1672 922 1724 ipsius
959 1673 1233 1711 substantiam”
1260 1687 1336 1711 non
1365 1678 1584 1713 statuamus.

55 1735 163 1773 Alter
197 1735 302 1772 locus
328 1738 396 1778 est.
423 1747 498 1785 quo
528 1735 803 1785 conquerimur,
829 1735 874 1772 ad
904 1739 1023 1773 totam
1052 1737 1209 1781 Coenae,
1236 1741 1278 1774 ut
1304 1740 1359 1774 est
1386 1750 1407 1774 a
1436 1737 1583 1774 Christo

55 1799 240 1842 instituta,
276 1798 469 1848 mysticam
505 1798 691 1836 actionem
729 1799 958 1837 calumniose
985 1800 1208 1850 detorqueri,
1235 1813 1330 1851 quae
1356 1813 1377 1837 a
1404 1800 1514 1837 nobis
1542 1800 1587 1838 de

57 1865 136 1902 sola
168 1863 209 1901 in
244 1863 436 1901 elementis
472 1863 652 1901 duntaxat
691 1864 836 1901 Coenae
873 1868 1113 1902 controversa
1149 1864 1214 1901 illa
1242 1864 1410 1915 corporis
1438 1868 1472 1902 et
1501 1877 1587 1901 san-

57 1929 183 1979 guinis
212 1927 352 1966 Christi
379 1927 633 1966 delitescentia
662 1929 851 1967 dicuntur.
905 1929 944 1966 Is
974 1935 1059 1966 vero
1087 1929 1199 1967 etiam
1226 1929 1279 1966 sic
1307 1929 1431 1972 habet,
1457 1934 1493 1967 et
1520 1929 1586 1967 ha-

60 1996 169 2033 betur
202 1993 345 2042 Pagina
381 1996 449 2030 803
489 2009 507 2026 u
521 1993 636 2031 Quod
671 2006 783 2044 porro
821 2006 878 2030 me
916 1993 1173 2044 blasphemum
1199 1994 1239 2031 in
1269 1994 1410 2031 Christi
1435 1993 1589 2031 Domini

63 2057 370 2096 ,iustitutionem
407 2060 529 2100 vocat,
564 2057 729 2095 eiusdem
767 2057 842 2094 sere
876 2057 1024 2106 generis
1058 2063 1126 2103 est,
1163 2057 1233 2094 hoc
1269 2062 1336 2100 est,
1362 2071 1474 2107 grave
1502 2071 1590 2095 sane

66 2123 128 2161 nsi
164 2136 290 2160 verum
326 2125 434 2164 esset,
471 2121 535 2159 sed
572 2122 646 2158 iam
682 2122 761 2159 leve
796 2121 880 2172 quia
910 2135 1047 2159 vanum
1075 2127 1142 2160 est.
1197 2122 1343 2172 Scripta
1370 2135 1481 2173 porro
1509 2136 1591 2160 mea

65 2205 82 2221 u
96 2191 289 2232 testantur,
326 2191 435 2236 atque
473 2185 533 2222 hic
567 2185 718 2223 libellus
754 2186 966 2230 testabitur,
1000 2199 1110 2236 quam
1139 2192 1346 2224 reverenter
1375 2187 1419 2224 de
1447 2187 1591 2224 Coenae

67 2251 320 2289 nDominicae
347 2250 586 2288 institutione
612 2256 648 2287 et
677 2249 880 2288 sentiamus
908 2255 943 2287 et
971 2249 1181 2288 doceamus.
1212 2251 1282 2287 Sed
1309 2251 1400 2301 ipse,
1427 2264 1520 2302 quae
1548 2251 1593 2288 de

68 2334 85 2350 a
98 2315 352 2354 delitescentia
386 2315 455 2352 hac
492 2328 556 2352 sua
583 2314 786 2365 loquimur,
812 2315 859 2352 ad
887 2317 1004 2352 totam
1033 2314 1172 2352 Christi
1200 2315 1496 2364 institutio-(fol.
1526 2318 1592 2363 72)

68 2397 86 2414 u
101 2393 184 2418 nem
227 2379 446 2429 detorquere
480 2382 649 2420 conatur,
683 2391 776 2428 quae
811 2377 974 2421 interim,
1009 2391 1138 2428 nempe
1175 2377 1439 2421 delitescentia,
1475 2379 1593 2416 nihilo

70 2461 87 2477 n
100 2443 219 2492 magis
245 2443 406 2494 pertinet
433 2442 487 2480 ad
516 2441 704 2479 Christi
730 2441 1128 2486 institutionem,
1155 2456 1264 2493 qnam
1288 2443 1472 2494 Papistica
1491 2449 1595 2482 tran-

70 2506 407 2546 '‘substantiatis''
436 2506 540 2544 Haec
566 2506 631 2551 ita,
657 2505 823 2556 inquam,
851 2505 1023 2554 leguntur
1040 2506 1080 2543 in
1098 2519 1179 2543 mea
1197 2507 1244 2544 ad
1264 2506 1403 2556 Regem
1421 2508 1597 2544 Poloniae

69 2572 251 2623 Epistola,
279 2584 323 2608 ex
351 2570 488 2621 quibus
515 2569 624 2607 facile
651 2575 705 2606 est
735 2569 869 2614 videre,
895 2582 965 2614 me,
993 2583 1067 2607 non
1097 2570 1266 2620 equidem
1289 2571 1334 2608 de
1354 2572 1493 2609 Christi
1520 2572 1596 2609 Do·

68 2637 163 2674 mini
188 2637 226 2674 in
255 2637 378 2673 Coena
408 2648 473 2672 sua
500 2635 720 2685 praesentia,
749 2633 812 2672 sed
841 2634 885 2671 de
913 2635 1079 2679 corporis
1107 2635 1246 2672 Christi
1274 2635 1313 2672 in
1337 2636 1482 2674 Coenae
1501 2637 1597 2674 dun-

70 2705 173 2738 taxat
198 2714 294 2752 pane
322 2699 577 2738 delitescentia
605 2699 721 2749 loqui.
751 2698 931 2735 Accusari
960 2698 1047 2736 item
1075 2712 1095 2736 a
1124 2712 1181 2737 me
1208 2712 1333 2737 eorum
1363 2701 1599 2744 calumniam.

71 2765 136 2815 qui
172 2765 219 2803 ad
254 2769 376 2802 toturn
414 2765 560 2802 Coenae
589 2767 862 2800 sacramentum
890 2762 1125 2812 detorquent,
1151 2763 1251 2813 quod
1281 2763 1325 2800 de
1353 2764 1498 2800 Coenae
1525 2764 1600 2800 ele·

72 2829 208 2866 mentis
236 2828 406 2867 dicimus.
444 2828 567 2870 Unde,
584 2827 692 2866 ctiam
722 2827 954 2878 perspicuum
982 2832 1050 2872 est,
1078 2828 1271 2879 splendide
1298 2828 1446 2866 mentiri
1475 2828 1600 2867 Wcst-
