1818 3178
759 138 1003 168 PRAEFATIO.
1536 138 1655 167 cxvn

113 241 368 300 digladiator
406 249 448 285 et
485 258 522 285 a.
564 243 676 287 1557
708 243 898 287 rabidam
929 244 1074 299 utique
1106 250 1146 286 et
1177 244 1387 286 dentatam
1423 244 1644 300 epistolam

112 314 153 356 in
184 315 453 368 Purqationis
482 322 695 358 auctorem
729 315 856 358 edidit
886 315 963 358 sub
994 316 1073 358 hoc
1105 315 1251 358 titulo:

166 386 383 438 Responsio
431 385 627 428 Ioacliimi
672 388 893 441 Westpliali
938 389 996 430 acl
1035 389 1226 441 scriptum
1268 387 1327 429 Io.
1360 387 1386 428 ἃ
1415 387 1554 436 Lusco,
1587 388 1631 429 in

107 473 184 514 quo
224 461 504 512 Auyustanam
554 460 852 515 Confessionem
894 459 935 501 in
979 459 1306 513 Anylianismum
1349 460 1641 515 transformat.

109 529 264 571 Addita
306 534 364 571 est
404 531 501 571 liaeo
528 531 729 584 responsio
761 531 848 573 eius
879 531 1085 584 epistolae,
1116 546 1198 586 qua
1229 532 1401 573 breviter
1430 533 1639 585 respondet

107 602 165 643 ad
190 601 366 643 convicia
396 601 564 645 Ioannis
598 601 774 645 Caluini.
813 603 984 644 Ursellis
1017 602 1128 645 1557
1163 603 1212 658 ¹).

165 671 242 714 Est
286 672 388 715 haec
434 672 603 715 demum
647 672 888 729 Westphali
934 672 1320 726 lucubratiuncula,
1370 674 1440 716 cui
1472 673 1641 717 Lascus

107 743 438 801 Responsionem
472 760 593 787 suam
623 744 699 787 sub
731 745 811 787 hoc
842 743 964 786 titulo
996 744 1211 800 opposuit:

164 817 380 870 Responsio
420 819 477 860 ad
502 818 761 868 virulentam,
794 816 1086 873 calumniisque
1117 832 1164 858 ac
1194 817 1408 858 mendaciis
1438 816 1638 858 cons-arci·

104 893 243 930 natam
282 890 448 932 hominis
480 885 642 945 furiosi
671 888 866 930 Ioackz'mi
903 888 1126 940 Westpliali
1156 888 1387 941 Epistolam
1418 889 1639 943 quandam,

104 975 184 1015 qua
230 962 518 1014 Puryationem
562 961 839 1002 Ecclesiarum
884 960 1198 1013 Pereyrinarum
1244 960 1522 1016 Francofurti
1551 975 1636 1001 con-

104 1032 258 1073 uellere
295 1036 475 1084 conatur,
514 1047 591 1085 per
638 1031 826 1073 Ioannem
864 1030 889 1072 ἃ
919 1031 1057 1082 Dasea,
1091 1031 1177 1072 eius
1207 1031 1338 1084 ipsius
1369 1032 1638 1084 Purqationis

103 1107 295 1153 autorem,
327 1103 385 1144 sie
415 1107 463 1144 ut
491 1103 758 1160 Paraqrapki
788 1103 1072 1156 Parayrapbis
1103 1117 1122 1143 e
1154 1103 1317 1159 reqione
1347 1104 1632 1155 respondeant:

100 1189 177 1229 quo
216 1175 342 1227 mayis
370 1174 627 1231 faciliusque
657 1178 869 1227 appareat,
903 1174 1083 1215 utrinam
1114 1188 1276 1215 causam
1307 1175 1532 1230 aequiorem
1564 1177 1639 1216 lia-

101 1246 219 1287 beant
261 1246 305 1287 in
346 1247 421 1288 liae
458 1245 738 1297 controversia,
771 1246 818 1287 de
847 1246 1089 1300 Auyrcstana
1125 1244 1391 1302 Confessione.
1452 1247 1636 1288 Accessit

100 1332 247 1369 rerum,
293 1331 397 1373 quae
427 1318 646 1371 praecipue
688 1322 769 1359 toto
801 1317 935 1359 libello
965 1321 1211 1370 tractantur,
1243 1317 1375 1359 iudea.
1436 1318 1633 1360 Basileae

93 1404 173 1446 per
202 1389 390 1430 Ioannem
425 1390 653 1443 Oporinum.
686 1388 758 1431 Ad
792 1388 951 1431 calcem
974 1388 1165 1431 additur:
1194 1390 1388 1431 Basileae
1409 1406 1456 1431 ea
1477 1391 1635 1445 officina

105 1461 268 1503 Ioannis
303 1462 483 1514 Oporini‚
514 1463 631 1503 Anno
661 1462 815 1503 salutis
844 1463 1044 1503 humanae
1072 1461 1245 1504 MDLX
1272 1476 1400 1504 mense
1430 1462 1601 1504 Martio.

156 1531 259 1574 Post
302 1531 428 1575 Lasci
473 1532 634 1575 obitum
679 1533 816 1590 igitur
861 1533 903 1574 in
948 1532 1087 1575 lucem
1136 1532 1241 1574 haec
1272 1533 1488 1590 responsio
1519 1532 1628 1576 edita

99 1608 171 1655 est,
206 1604 318 1660 quod
349 1605 470 1647 etiam
503 1604 547 1647 in
580 1619 728 1647 caussa
760 1620 848 1646 esse
880 1603 1057 1656 videtur,
1090 1619 1168 1646 cur
1189 1606 1312 1648 index
1332 1621 1479 1658 rerum,
1501 1620 1626 1660 quem

97 1674 244 1718 titulus
260 1677 494 1733 promittat,
515 1676 580 1718 vel
598 1677 656 1718 sic
673 1682 811 1718 tamen
830 1677 871 1718 in
889 1675 1400 1720 finelibellidesideretur.
1433 1676 1634 1720 Ostendit

98 1746 210 1788 enim
248 1747 515 1805 pagellarum
550 1747 666 1800 ordo,
699 1747 886 1797 titulum,
920 1746 1020 1789 dum
1051 1746 1214 1789 Lascus
1246 1748 1481 1790 etiamnum
1513 1748 1629 1790 vive-

97 1825 174 1870 ret,
217 1820 405 1862 omnium
446 1821 634 1877 primum
675 1820 787 1878 typis
830 1835 1034 1862 excusum
1067 1835 1167 1862 esse.
1230 1819 1467 1877 Exemplar
1497 1820 1627 1863 huius

96 1891 379 1947 responsionis
423 1892 772 1948 pretiosissimum
819 1891 1083 1935 Bibliotheca
1135 1892 1318 1948 possidet
1364 1891 1622 1949 Argentina,

97 1963 218 2005 cuius
262 1963 558 2006 officiosissime
598 1963 700 2006 mihi
746 1963 909 2020 copiam
952 1962 1050 2005 fecit
1095 1963 1179 2006 Vir
1211 1962 1328 2007 Clar.
1362 1963 1516 2016 Rnuss,
1551 1964 1623 2019 qui

95 2033 177 2077 hoc
208 2049 375 2091 quoque
406 2035 576 2076 nomine
608 2034 764 2092 optime
794 2033 846 2077 de
875 2049 942 2077 me
973 2034 1150 2077 meritus
1182 2041 1243 2079 est
1273 2042 1316 2078 et
1346 2035 1492 2078 studiis
1523 2035 1629 2078 meis

95 2106 348 2164 peregregie
379 2105 606 2152 consuluit.

687 2247 756 2293 30.
817 2248 1028 2293 DlvnnsA.

150 2392 299 2437 Verbo
329 2399 490 2435 tantum
525 2409 687 2446 moneo,
721 2394 924 2451 quaedam
960 2393 1132 2437 minoris
1161 2395 1364 2437 momenti
1393 2395 1549 2452 scripta
1579 2395 1625 2438 in

93 2464 272 2509 editione
303 2472 446 2507 nostra
477 2464 766 2521 Epistolarum
798 2465 960 2524 syllabo
990 2465 1147 2508 inserta
1178 2481 1280 2517 esse,
1313 2467 1390 2509 etsi
1419 2466 1619 2524 epistolae

93 2537 271 2581 formam
303 2537 441 2594 potius
472 2552 599 2593 quam
631 2537 814 2580 indolem
847 2537 1070 2591 referrent,
1104 2544 1178 2580 aut
1198 2538 1324 2581 etiam
1345 2538 1424 2581 hoc
1446 2555 1617 2596 quoque

91 2610 260 2652 nomine
305 2609 347 2652 in
395 2607 681 2665 Epistolarum
720 2610 827 2652 serie
875 2610 1016 2653 locum
1061 2610 1201 2653 sortiri
1234 2613 1404 2668 proprie
1435 2628 1518 2656 non
1550 2613 1619 2656 de·

134 2787 159 2826 1)
183 2786 233 2818 Of.
256 2787 293 2819 A.
317 2786 446 2825 Gnavn,
476 2786 631 2819 Memoria
654 2787 811 2819 Ioaelzimi
841 2787 1019 2829 Westphali,
1042 2788 1336 2830 &iper-intendentis
1357 2789 1627 2831 Hamburqensis,

89 2840 283 2874 instaurata.
312 2842 430 2874 Hamb.
459 2842 544 2884 apud
573 2842 677 2875 Bohn.
721 2842 850 2884 Lipsiae
879 2843 964 2885 apud
993 2843 1169 2887 Breitkopf
1196 2844 1289 2878 1749.
1312 2856 1344 2886 p.
1369 2845 1418 2883 63,
1443 2845 1633 2885 140-158,

91 2896 281 2938 praesertim
304 2907 336 2939 p.
360 2897 421 2929 154
444 2899 476 2928 et
500 2897 573 2930 155.
