1818 3178
178 71 250 107 212
528 77 579 104 nn
607 74 890 104 SAGRAMENTIS
919 73 1134 103 EOCLESIAE
1162 74 1342 104 cmusm.

172 180 449 231 propitiatoriae
476 179 677 216 oblationis
705 178 927 216 nundinatio
956 177 1085 216 induci
1113 191 1190 216 non
1215 178 1409 229 potuisset,
1446 191 1488 215 ac
1516 191 1562 216 ne
1589 190 1690 216 nunc

176 244 322 295 quidem
358 242 507 281 retineri
542 242 698 292 amplius
724 248 862 292 posset,
890 242 968 279 sine
995 242 1140 291 magica
1166 242 1238 280 hae
1263 243 1530 281 elementorum
1559 255 1696 281 coenae

176 308 496 346 transmutatione.
925 316 929 320 '

225 373 375 409 Possem
407 375 529 408 autem
565 370 683 408 multa
711 370 771 407 hic
799 371 919 408 dicere
946 371 1122 409 adversus
1150 385 1230 409 eam
1256 372 1695 410 transubstantiationem

177 436 472 486 impietatemque
499 438 534 472 et
569 435 886 473 abominationem
913 436 1035 483 illius3
1065 436 1141 483 sed,
1168 450 1251 474 cum
1277 436 1316 474 id
1342 437 1418 474 iam
1444 450 1581 486 magna
1610 449 1696 475 cura

175 505 210 538 et
246 500 479 538 foelieissime
517 501 657 537 tactum
693 500 742 538 sit
778 514 798 537 a
826 501 952 538 multis
981 501 1050 552 piis
1079 505 1114 539 et
1142 502 1280 539 sanctis
1308 502 1409 546 viris,
1446 502 1499 539 sio
1525 506 1566 540 ut
1593 515 1614 539 a
1641 515 1705 540 me

177 566 238 602 hie
274 565 368 603 nihil
403 564 558 615 amplius
595 565 684 602 addi
719 565 850 616 possit,
886 578 964 603 non
997 569 1170 616 putamus
1198 565 1260 603 hio
1286 566 1397 604 nobis
1424 566 1700 604 immorandum

174 643 264 676 esse,
291 629 453 680 satisque
479 632 534 667 est
560 629 758 674 indicasse,
784 630 879 667 falso
907 630 1011 668 illam
1038 630 1076 667 in
1105 630 1323 679 verbo-(fol.
1353 631 1547 680 116b)rum
1567 644 1702 669 coenae

172 693 482 743 pronunciatione
511 693 701 739 constitui,
730 706 811 731 cum
839 695 878 732 in
906 694 1009 732 nulla
1038 707 1166 732 eorum
1193 697 1298 744 parte
1328 695 1474 733 ostendi
1501 695 1632 746 possit.

223 758 302 794 Iam
338 757 452 806 igitur
487 757 534 794 ad
570 771 698 795 eorum
734 758 845 795 etiam
879 758 1226 809 interpretationem
1251 758 1292 796 in
1319 759 1443 797 verbis
1473 772 1607 797 coenae
1634 772 1698 798 ve-

175 823 349 868 niamus,
384 822 449 873 qui
492 823 932 861 transubstantiationem
974 827 1010 862 et
1054 823 1126 874 ipsi
1172 836 1250 861 non
1286 823 1445 874 amplius
1481 827 1705 873 agnoscunt,

173 886 338 937 adeoque
372 890 408 923 et
441 887 554 937 primi
588 890 716 925 nostra
751 888 929 925 memoria
966 889 1129 934 fuerunt,
1166 887 1230 939 qui
1256 888 1310 925 illi
1340 887 1595 926 demoliendae
1623 888 1701 936 (in-

172 951 276 999 genti
309 950 556 1001 proculdubio
585 950 655 989 Dei
684 951 882 1000 beneficio)
917 966 1048 990 manus
1078 966 1161 990 suas
1189 952 1447 998 admoverunt,
1476 953 1540 991 sed
1566 953 1703 990 realem

172 1015 322 1052 interim
367 1015 637 1053 connexionem
680 1016 785 1054 iuxta
821 1016 979 1067 speciem
1014 1017 1133 1068 ipsam
1171 1016 1408 1055 constituunt
1451 1029 1535 1054 oum
1571 1029 1707 1054 coenae

175 1079 364 1118 elementis
401 1079 632 1117 substantiae
675 1080 791 1131 ipsius
829 1081 994 1131 eorporis
1030 1085 1066 1119 et
1104 1081 1298 1130 sanguinis
1336 1080 1477 1119 Christi
1511 1080 1706 1125 naturalis,

176 1144 229 1181 sic
264 1148 305 1181 ut
333 1143 542 1182 substantia
577 1144 657 1195 ipsa
693 1144 797 1182 iuxta
826 1145 983 1195 speeiem
1021 1146 1187 1196 eorporis
1225 1145 1365 1183 Christi
1401 1145 1582 1183 naturalis
1614 1145 1707 1182 insit

175 1208 263 1258 pani
291 1220 436 1254 coenae,
462 1207 575 1259 inque
603 1209 683 1259 ipso
710 1222 807 1259 pane
835 1222 981 1255 coenae,
1008 1214 1070 1247 aut
1097 1223 1162 1261 per
1177 1223 1323 1261 panem,
1343 1210 1518 1248 manibus
1536 1208 1704 1247 ministri

177 1271 420 1309 distribuatur
455 1277 490 1309 et
527 1285 590 1310 ore
626 1273 766 1311 carnali
802 1287 822 1310 a
859 1273 1104 1319 sumentibus,
1149 1275 1224 1312 sive
1261 1274 1336 1313 sint
1371 1274 1438 1325 pii,
1474 1275 1551 1312 sive
1585 1273 1706 1325 impii,

178 1336 417 1387 percipiatur,
1336 1355 1344 1369 ν

231 1402 307 1439 Qui
348 1401 464 1451 igitur
499 1401 683 1439 eiusmodi
725 1402 994 1441 connexionem
1033 1404 1197 1454 corporis
1245 1403 1384 1441 Christi
1421 1416 1504 1441 cum
1538 1417 1634 1455 pane
1670 1407 1707 1441 et

178 1465 371 1514 sanguinis
406 1466 495 1503 item
533 1479 615 1504 cum
653 1467 742 1504 vino
778 1467 818 1505 iu
848 1480 984 1505 coenae
1012 1467 1232 1507 Dominieae
1261 1482 1326 1506 usu
1363 1472 1542 1515 statuunt,
1579 1467 1708 1506 candi-

180 1529 263 1567 dius
289 1530 407 1567 multo
436 1535 563 1580 agunt.
594 1530 819 1582 Simpliciter
846 1531 944 1569 enim
971 1544 1178 1582 pronomen
1206 1532 1539 1570 demonstrativum
1562 1531 1603 1570 in
1624 1545 1708 1570 coe·

180 1608 249 1632 nae
276 1594 397 1632 verbis
424 1595 470 1632 ad
498 1609 631 1646 panem
658 1596 783 1646 ipsum
808 1597 996 1641 referunt,
1033 1610 1140 1647 quem
1168 1597 1281 1635 etiam
1305 1610 1441 1648 panem
1466 1609 1616 1635 manere
1643 1609 1709 1635 vo-

180 1659 274 1697 lunt.
305 1659 375 1696 Sed
402 1660 551 1697 interim
580 1661 725 1698 variant
751 1666 873 1698 tamen
902 1661 943 1698 in
971 1661 1050 1711 ipsa
1079 1661 1276 1699 verborum
1305 1675 1442 1700 coenae
1462 1661 1706 1712 expositione.

231 1724 288 1761 Ac
323 1724 483 1775 primum
520 1725 659 1771 dicunt,
696 1725 808 1763 verba
846 1738 981 1763 coenae
1018 1726 1235 1777 simpliciter
1261 1739 1305 1763 ac
1331 1727 1430 1764 nude
1459 1726 1612 1764 omnino
1641 1739 1706 1763 ex·

182 1788 271 1838 poni
308 1792 490 1839 oportere,
527 1789 730 1837 viola-(fol.
761 1790 977 1840 117a)1·ique
1012 1790 1205 1828 veritatem
1242 1790 1441 1828 verborum
1479 1789 1639 1836 Christi,
1676 1789 1707 1827 si

181 1851 264 1901 quis
299 1851 417 1888 ullum
453 1852 605 1889 omnino
633 1852 679 1889 iis
716 1852 864 1890 schema
891 1857 954 1890 aut
980 1857 1128 1904 tropum
1157 1853 1334 1892 adhibere
1361 1853 1461 1892 velit.
1516 1852 1588 1891 Sed
1613 1852 1706 1903 ipsi-

182 1920 256 1954 met
291 1917 438 1954 interim
475 1917 616 1954 nullam
651 1917 833 1955 eiusmodi
859 1918 1203 1969 interpretationem
1231 1919 1416 1966 adferunt,
1442 1931 1534 1970 quae
1562 1918 1706 1956 nullum

183 1981 222 2018 in
260 1994 297 2019 se
332 1981 478 2019 schema
506 1985 569 2019 aut
596 1986 745 2033 tropum
773 1982 910 2021 habere
939 1983 1117 2029 videatur,
1144 1987 1180 2022 et
1207 1987 1344 2031 metuo,
1371 1997 1418 2022 ne
1445 1996 1610 2035 unquam
1636 1982 1705 2021 ad·

183 2046 279 2082 ferre
304 2045 460 2096 possint.

236 2110 275 2147 Si
310 2111 407 2148 enim
444 2111 543 2149 nude
569 2124 721 2162 prorsus
749 2124 791 2148 ac
819 2112 1037 2163 simpliciter
1065 2113 1176 2151 verba
1206 2126 1342 2151 coenae
1369 2113 1507 2164 exponi
1536 2112 1708 2158 debeant,

184 2178 219 2211 et
251 2187 454 2224 pronomen
484 2175 817 2213 demonstrativum
845 2176 890 2213 ad
917 2177 1037 2227 ipsam
1063 2178 1170 2229 panis
1200 2178 1447 2216 substantiam
1472 2178 1708 2216 referendum

187 2238 245 2282 sit,
273 2239 319 2276 ad
346 2239 446 2276 hunc
473 2253 561 2277 sane
587 2240 739 2277 modum
768 2240 879 2279 verba
907 2254 1043 2279 coenae
1070 2243 1208 2293 exponi
1235 2242 1443 2294 oportebit:
1464 2244 1560 2289 Hoc,
1585 2242 1624 2279 id
1642 2246 1711 2289 est,

188 2300 296 2337 huius
322 2302 427 2351 panis
465 2303 685 2348 substantia,
723 2311 773 2341 est
807 2303 847 2340 in
876 2317 941 2341 sua
967 2304 1084 2354 ipsius
1113 2305 1311 2343 existentia
1339 2319 1476 2356 corpus
1504 2320 1632 2352 meum,
1668 2305 1708 2344 id

187 2368 253 2410 est,
281 2365 485 2403 substantia
514 2367 677 2418 eorporis
705 2367 789 2406 mei.
820 2367 916 2405 Quis
945 2382 1030 2406 vero
1059 2369 1172 2417 dicat,
1191 2369 1311 2420 ipsam
1330 2369 1438 2421 panis
1460 2370 1709 2408 substantiam

186 2427 224 2463 in
271 2429 429 2466 naturali
464 2443 528 2466 sua
565 2430 761 2468 existentia
797 2444 876 2469 esse
915 2433 1163 2471 substantiam
1206 2433 1327 2485 ipsam
1364 2434 1529 2485 corporis
1568 2434 1708 2472 Christi

185 2492 391 2529 naturalis?
421 2505 502 2529 cum
530 2494 632 2531 iuxta
659 2495 757 2532 hane
782 2495 1123 2547 interpretationem
1153 2498 1262 2536 fateri
1288 2511 1358 2536 nos
1385 2502 1567 2549 oporteat,
1588 2498 1707 2550 ipsam

184 2556 291 2607 panis
327 2555 569 2594 substantiam
596 2559 699 2597 iuxta
727 2561 930 2598 naturalem
959 2575 1063 2603 snam
1091 2563 1325 2600 existentiam
1351 2575 1420 2614 pro
1449 2562 1559 2601 nobis
1588 2563 1707 2601 cruci-

189 2621 300 2657 fixam
328 2633 418 2664 esse,
445 2622 758 2670 quemadmodum
786 2624 858 2662 iam
886 2630 993 2664 antea
1022 2626 1162 2665 dictum
1190 2631 1258 2665 est.

238 2683 308 2722 Sed
345 2688 380 2722 et
416 2684 583 2722 doctrina
618 2687 782 2737 ipsorum
821 2689 866 2727 de
903 2692 1069 2742 eorporis
1108 2692 1248 2729 Christi
1283 2692 1464 2730 naturalis
1503 2705 1585 2730 cum
1611 2705 1707 2742 pane

187 2749 324 2786 unione
357 2761 399 2786 ae
436 2748 697 2788 distributione
733 2753 928 2792 manifeste
964 2760 1142 2800 testatur,
1182 2756 1293 2795 verba
1332 2756 1500 2804 coe-(fol.
1529 2755 1710 2804 117b)nae

185 2814 233 2852 ab
273 2814 346 2850 illis
382 2813 500 2863 magis
536 2814 652 2852 multo
689 2818 880 2866 peregrine
917 2820 1073 2869 exponi,
1110 2834 1221 2871 quam
1258 2835 1276 2859 a
1316 2821 1424 2859 nobis
1461 2826 1709 2873 exponantur.
