1818 3178
752 118 810 146 ne.
842 117 986 146 DOCTR.
1564 109 1635 145 511

115 227 263 267 serviat.
318 225 400 264 Hac
434 225 520 269 fide,
557 225 629 263 hoe
667 225 783 264 animi
819 225 941 263 nostri
977 224 1112 262 affectu
1148 224 1426 276 apprehendere
1463 225 1641 263 debemus

114 290 262 329 divinas
295 288 566 340 promissiones
601 292 637 326 et
676 288 843 327 oblatam
880 288 916 326 in
956 288 1111 325 Christo
1138 288 1299 336 gratiam
1329 288 1360 325 si
1388 288 1486 326 inter
1512 288 1642 328 fideles

116 354 288 393 volumus
314 352 516 392 numerari.
544 353 679 403 Neque
706 356 833 391 tamen
861 364 930 390 nos
956 364 1107 390 movere
1135 351 1207 390 hoc
1236 351 1357 399 debet,
1384 351 1485 403 quod
1511 351 1551 390 in
1571 353 1644 390 fide

119 419 189 457 hac
223 430 270 457 ex
308 421 389 456 toto
427 416 538 454 corde
574 421 707 456 nostro
747 417 897 455 credere
933 415 1027 462 Deo,
1060 416 1168 455 illum
1196 429 1332 461 amare.
1358 416 1417 455 illi
1443 417 1643 457 adhaerere

115 496 193 522 non
227 481 430 533 possimus.
481 482 572 519 Non
608 482 648 520 id
683 495 703 520 a
740 481 852 520 nobis
880 480 964 519 ideo
991 481 1045 520 ita
1071 481 1235 530 exigitur
1261 486 1304 520 ut
1330 494 1397 532 pro
1425 481 1643 520 infidelibus

116 547 333 592 habeamur,
370 546 402 586 si
439 558 515 584 non
552 545 591 585 id
627 549 750 584 totum
779 558 846 596 pro
875 559 918 583 eo
948 555 992 583 a'c
1019 545 1198 583 debemus
1225 551 1472 596 praestemus,
1498 546 1562 584 sed
1590 545 1644 583 sic

114 611 226 650 nobis
262 611 312 648 ob
349 610 479 648 oculos
514 623 652 660 ponere
689 609 809 647 voluit
844 608 946 648 Deus
974 609 1207 646 infirmitatis
1235 615 1386 649 nostrae
1413 609 1645 659 magnitudi-

114 688 213 721 nem,
247 679 291 713 ut
324 674 584 724 intelligamus
619 678 741 713 totum
776 674 961 711 mundum
997 672 1206 711 obnoxium
1234 687 1315 712 esse
1342 673 1422 713 Deo
1450 688 1596 726 nosque
1623 690 1644 715 a

114 738 226 778 nobis
260 738 352 789 ipsis
386 738 572 789 proelium
607 737 796 788 auspicari
831 741 1018 788 oportere,
1045 736 1077 774 si
1104 737 1152 774 ad
1179 750 1305 777 veram
1330 737 1370 775 in
1398 738 1505 777 illum
1532 739 1643 778 fidem

113 803 271 843 velimus
298 803 504 853 pervenire,
532 802 569 842 h.
598 816 645 847 e.‚
671 807 714 841 ut
741 801 921 840 adversus
949 814 1019 839 nos
1046 801 1152 852 ipsos
1178 802 1343 853 primum
1371 808 1556 842 certamen
1586 804 1644 843 in-

115 868 315 907 stituamus
342 867 677 917 infirmitatemque
705 870 875 919 nostram
900 865 1088 916 imprimis
1116 878 1381 915 agnoscamus,
1408 866 1506 906 hanc
1532 880 1645 907 accu-

115 944 253 976 semus,
287 930 328 969 in
362 930 433 969 hae
470 929 582 969 nobis
610 930 891 981 (lispliceamuS‚
917 929 1098 967 adversus
1128 929 1225 968 hane
1252 930 1461 969 remedium
1487 945 1646 982 quaera-

110 1007 197 1032 mus
233 994 332 1045 apud
369 1007 467 1039 eum,
503 994 569 1045 qui
596 994 702 1031 illam
730 998 849 1032 totam
877 993 1118 1032 immaculata
1147 994 1314 1045 corporis
1342 994 1401 1033 sui
1427 994 1552 1034 hostia
1579 1009 1644 1036 ex-

113 1058 241 1109 piavit.
278 1059 318 1097 Is
345 1059 525 1096 nimirum
553 1058 626 1095 hoc
652 1058 796 1102 efficiet,
824 1062 865 1095 ut
892 1058 1003 1096 nobis
1031 1058 1165 1096 obesse
1193 1059 1485 1110 haudquaquam
1512 1061 1645 1111 possit.

114 1123 318 1174 quominus
346 1123 446 1161 inter
474 1136 557 1160 vere
585 1123 778 1160 credentes
806 1135 1057 1162 numeremur.
1094 1122 1179 1160 Imo
1207 1136 1296 1160 vero
1325 1136 1391 1161 sua
1419 1124 1522 1162 illam
1552 1138 1644 1163 con-

113 1192 214 1236 teget
241 1187 475 1232 sufficientia,
502 1190 543 1226 ut
569 1186 716 1224 nullum
743 1186 792 1223 sit
818 1185 981 1237 amplius
1012 1186 1257 1237 conspicuum
1283 1187 1324 1225 in
1344 1187 1456 1228 nobis
1475 1189 1643 1228 futurum

111 1250 342 1291 infirmitatis
379 1254 531 1289 nostrae
564 1249 779 1299 vestigium,
818 1250 883 1287 sed
918 1249 994 1287 iam
1029 1249 1217 1300 possimus
1253 1250 1294 1288 in
1330 1263 1374 1288 eo
1412 1252 1551 1299 omnia,
1577 1253 1643 1304 qui

111 1317 278 1355 divinam
305 1315 513 1366 potentiam
542 1328 645 1352 suam
667 1314 714 1352 ‘in
741 1319 871 1352 nostra
899 1314 1119 1355 infirmitate
1145 1315 1325 1354 adversus
1353 1317 1548 1364 mundum,
1577 1319 1645 1358 Sa-

111 1381 266 1420 thanam
300 1384 337 1418 et
372 1384 530 1418 mortem
557 1379 748 1419 illustrare
775 1381 866 1428 (21)
894 1378 1086 1428 dignatur.
1126 1381 1311 1419 Accusari
1337 1381 1456 1430 igitur
1483 1395 1504 1419 a
1531 1383 1644 1422 nobis

110 1446 369 1484 infirmitatem
395 1448 565 1484 nostram
593 1457 738 1495 nosque
764 1443 867 1495 ipsos
894 1443 1007 1482 nobis
1037 1443 1236 1495 displicere
1262 1446 1304 1484 in
1330 1446 1397 1484 illa
1425 1451 1585 1498 oportet,
1612 1449 1645 1486 si

110 1521 236 1552 veram
270 1506 383 1545 fidem
411 1506 549 1545 habere
576 1507 766 1546 volumus.
821 1506 938 1547 Quod
967 1507 998 1545 si
1026 1507 1224 1553 faciamus,
1248 1508 1448 1560 indulgere
1474 1513 1647 1562 profecto

111 1570 214 1610 vitiis
249 1569 390 1608 nostris
418 1582 496 1607 non
532 1568 754 1621 poterimus,
781 1573 817 1608 et
845 1570 878 1608 si
907 1570 1184 1620 indulgeamus,
1211 1585 1282 1610 nos
1309 1573 1382 1624 ipsi
1410 1575 1649 1621 testabimur,

112 1649 182 1674 nos
209 1635 306 1674 nihil
332 1635 458 1673 adhuc
485 1647 594 1672 verae
621 1634 710 1672 fidei
736 1633 888 1680 habere,
915 1639 980 1673 aut
1007 1635 1039 1673 si
1066 1649 1178 1686 quam
1197 1637 1429 1677 habebamus
1448 1639 1643 1681 abiecisse.

111 1703 346 1751 Attemperat
382 1712 421 1738 se
456 1703 580 1738 autem
607 1698 711 1737 Deus
737 1703 891 1737 nostrae
916 1700 1134 1739 infirmitati
1161 1705 1196 1740 et
1223 1703 1289 1753 qui
1316 1716 1385 1742 nos
1412 1709 1548 1743 natura
1574 1719 1643 1745 no·

111 1770 187 1803 stra
215 1763 442 1803 diffidentiae
467 1763 569 1802 filios
596 1776 678 1801 esse
703 1764 823 1812 novit,
853 1765 916 1803 dat
944 1764 1057 1804 nobis
1085 1765 1264 1806 adversus
1292 1768 1397 1806 illam
1415 1771 1643 1821 praesentis-

110 1830 203 1868 sima
237 1828 414 1874 remedia,
449 1828 586 1880 quibus
622 1832 794 1868 nostram
821 1842 911 1879 erga
939 1843 978 1867 se
1005 1830 1117 1869 fidem
1145 1832 1307 1871 subinde
1334 1847 1570 1874 exerceamus
1597 1849 1643 1876 ac

107 1893 385 1947 quodammodo
421 1906 656 1931 renovemus,
710 1893 881 1945 Reliquit
916 1895 1114 1945 publicum
1148 1897 1255 1936 verbi
1290 1898 1347 1937 sui
1373 1899 1639 1949 ministerium,

107 1972 184 2011 quo
219 1958 497 1998 misericordiae
531 1971 619 1996 suae
653 1958 954 2007 magnitudinem
990 1961 1127 1999 animis
1162 1962 1303 2001 nostris
1331 1963 1480 2003 assidue
1505 1966 1638 2005 audito

107 2025 209 2063 illius
235 2024 454 2062 testimonio
483 2023 731 2062 inculcemus.
759 2022 930 2074 Reliquit
958 2028 994 2063 et
1020 2025 1188 2064 visibilia
1214 2028 1360 2076 gratiae
1386 2028 1427 2067 in
1447 2043 1522 2068 nos
1550 2044 1639 2069 suae

109 2087 294 2138 symbola,
328 2100 425 2138 quae
460 2087 571 2125 nobis
609 2085 728 2126 oeulis
757 2086 869 2125 etiam
895 2087 936 2127 id
962 2093 1085 2129 totum
1113 2090 1393 2141 quodammodo
1422 2093 1639 2141 subiiciant.

107 2156 219 2205 atque
247 2151 339 2190 adeo
367 2151 406 2191 in
436 2151 614 2190 cordibus
642 2150 784 2189 nostris
812 2151 1029 2201 obsignant,
1056 2154 1158 2204 quod
1186 2155 1293 2194 verbi
1314 2157 1434 2196 divini
1453 2159 1510 2196 sui
1528 2160 1636 2198 testi-

107 2215 235 2256 monio
262 2215 374 2255 nobis
401 2215 627 2266 promissum
656 2214 851 2262 habemus,
878 2230 947 2255 nos
974 2224 1207 2259 sacramenta
1225 2234 1416 2270 vocamus,
1434 2223 1478 2262 de
1495 2225 1637 2276 quibus

106 2279 181 2321 iam
208 2280 357 2321 demum
383 2280 492 2318 etiam
523 2279 702 2320 dicemus.

509 2410 525 2458 ξ
553 2410 613 2448 13.
666 2410 725 2447 De
751 2410 996 2449 sacramentis
1021 2411 1062 2451 in
1083 2425 1229 2462 qenere.

159 2542 487 2579 Sacramentorum
526 2543 701 2579 naturam
735 2552 813 2581 non
849 2539 1002 2580 aliunde
1036 2540 1170 2581 melius
1205 2555 1413 2591 agnoscere
1434 2557 1635 2595 possumus

107 2619 218 2657 quam
255 2605 287 2645 si
321 2606 436 2643 finem
471 2608 625 2656 propter
653 2618 764 2655 quem
790 2603 966 2644 instituta
993 2609 1085 2644 sunt.
1109 2605 1336 2654 intueamur,
1361 2608 1425 2658 qui
1453 2622 1474 2647 a
1499 2610 1632 2660 pleris-

106 2684 179 2722 que
207 2670 402 2720 neglectus
429 2682 590 2718 magnas
616 2669 691 2709 iam
719 2668 864 2720 pridem
891 2669 1022 2709 turbas
1049 2669 1091 2709 iu
1114 2670 1297 2711 Ecclesiis
1324 2673 1513 2711 excitavit.
1557 2674 1635 2714 Qui

105 2735 292 2786 baptismo
328 2738 524 2786 peccatum
560 2733 722 2783 originis
755 2734 921 2785 primum
955 2734 1125 2775 omnium
1151 2736 1237 2775 tolli
1264 2736 1413 2781 docent.
1441 2738 1541 2776 unde
1567 2739 1634 2777 do-

106 2799 245 2839 cebunt
270 2799 354 2838 ideo
383 2798 610 2850 baptismum
637 2798 854 2839 institutum
881 2811 974 2843 esse,
1000 2802 1041 2836 ut
1066 2803 1261 2850 peccatum
1281 2801 1441 2851 originis
1459 2802 1636 2847 remittat,

104 2862 206 2913 quod
242 2867 329 2903 ante
365 2863 543 2914 baptismi
577 2862 857 2904 institutionem
895 2862 935 2902 in
973 2864 1088 2905 veteri
1124 2864 1295 2905 Ecclesia
1329 2866 1526 2905 remissum
1555 2880 1634 2906 esse
