1818 3178
166 115 240 153 476
647 123 791 150 sUMMA
817 122 961 151 CONTR.
991 124 1042 151 DE
1069 124 1214 154 COENA.

169 237 250 262 esse
277 223 380 268 sinit,
406 221 552 273 quoties
580 222 705 260 Coena
732 222 886 260 Domini
912 224 1102 274 peragitur
1127 225 1231 263 iuxta
1256 225 1375 277 ipsius
1402 227 1693 267 institutionem.

167 289 263 327 Eam
289 300 401 339 porro
428 286 705 337 percipiendam
731 286 805 324 fide
831 300 906 325 una
934 300 1018 326 cum
1038 289 1230 327 elementis
1255 291 1400 328 Coenae
1420 291 1589 329 coelestis
1607 305 1692 342 my-

170 353 273 392 sterii
308 351 613 398 coniunxionem,
649 363 762 401 quam
796 350 850 402 pii
884 351 1011 389 animo
1047 365 1113 390 suo
1151 365 1300 391 sursum
1335 358 1456 392 erecto
1493 367 1539 392 ex
1566 355 1692 393 affiatu

169 417 329 468 Spiritus
357 415 477 453 sancti
505 416 814 465 complectuntur,
840 419 976 454 vocant
1002 418 1306 455 sacramentalem
1323 418 1588 456 elementorum
1608 431 1691 457 cum

167 480 353 531 mysteriis
387 480 578 525 unionem,
615 492 692 517 non
719 484 844 517 autem
870 480 1005 518 realem
1032 481 1148 518 ullam
1177 480 1408 520 substantiae
1436 483 1601 533 corporis
1628 487 1693 521 aut

169 545 364 596 sanguinis
410 543 552 582 Christi
597 557 681 581 cum
717 545 910 582 elementis
945 545 1230 584 connexionem.
1284 545 1425 597 Estque
1459 547 1550 585 haec
1583 547 1695 585 tertia

169 609 367 647 doctorum
404 607 587 646 sententia
620 607 666 646 de
702 608 849 646 Coenae
884 609 1076 647 elementis
1110 614 1146 647 et
1174 611 1584 658 sacra-(119³)mentali
1608 611 1697 648 illo-

168 687 252 713 rum
289 687 373 711 cum
408 673 596 723 mysteriis
633 685 770 710 coenae
805 673 958 712 unione.
1013 675 1246 713 Confirmant
1280 678 1405 713 autem
1440 678 1476 713 et
1501 675 1566 713 isti
1592 689 1695 713 suam

170 739 268 777 hanc
295 737 534 783 sententiam,
560 741 642 775 tum
667 737 892 784 rationibus,
917 741 998 776 tum
1026 739 1233 790 scripturis.
1265 738 1315 776 Et
1341 739 1380 777 in
1409 752 1465 782 eo,
1492 739 1593 790 quod
1612 752 1696 777 cum

170 803 357 842 secundae
386 803 592 840 sententiae
620 802 839 840 doctoribus
868 815 1065 841 commune
1092 803 1243 849 habent,
1270 817 1401 855 nempe
1428 804 1527 854 quod
1552 804 1598 841 ab
1626 804 1698 841 im-

169 868 241 919 piis
287 867 427 905 Christi
464 880 598 918 corpus
634 867 696 905 edi
730 871 883 916 negant,
918 867 1052 906 iisdem
1088 869 1200 906 etiam
1239 881 1321 906 cum
1358 868 1434 906 illis
1467 869 1700 918 argumentis

170 935 341 970 utuntur.
397 931 605 977 Caeterum,
640 931 844 981 quominus
882 932 1017 969 realem
1063 931 1296 970 substantiae
1342 933 1507 983 corporis
1563 932 1702 970 Christi

172 999 237 1034 aut
275 994 468 1045 sanguinis
508 994 568 1032 hic
603 994 702 1032 inter
728 1008 812 1041 nOS,
840 1008 934 1046 quae
969 996 1030 1034 edi
1057 995 1190 1034 debeat
1227 1001 1290 1034 aut
1327 996 1419 1041 bibi,
1452 997 1700 1047 praesentiam

172 1063 392 1110 agnoscant,
434 1059 583 1097 obstare
626 1059 688 1096 hic
732 1059 804 1097 sibi
850 1059 980 1098 dicunt
1014 1060 1216 1098 articulum
1251 1061 1338 1098 fidei
1375 1061 1607 1099 Christianae
1656 1061 1702 1099 de

173 1124 313 1162 Christi
349 1122 505 1160 Domini
541 1123 771 1169 ascensione,
806 1136 917 1174 quam
954 1124 1123 1162 Christus
1160 1124 1302 1175 alioqui
1336 1124 1414 1176 ipse
1440 1125 1703 1174 imaginationi

172 1188 261 1226 huic
297 1187 341 1225 de
376 1187 467 1225 reali
493 1186 600 1224 iuxta
637 1186 886 1225 substantiam
916 1189 1082 1239 corporis
1118 1189 1175 1226 sui
1211 1188 1499 1226 manducatione
1534 1189 1702 1239 opponit.

172 1251 314 1290 Dicunt
348 1252 452 1298 item,
490 1251 521 1289 si
557 1251 631 1289 fide
668 1252 983 1290 communicamus
1020 1254 1169 1304 corpori
1205 1257 1242 1292 et
1279 1254 1454 1304 sanguini
1491 1254 1641 1293 Christo
1669 1259 1706 1293 et

172 1330 237 1370 per
273 1316 396 1362 fidem,
433 1329 509 1353 non
545 1320 620 1354 tam
659 1316 720 1354 hic
755 1317 794 1354 in
831 1317 953 1362 terris,
986 1331 1097 1368 quam
1128 1318 1168 1355 in
1207 1318 1318 1356 coelis
1345 1319 1471 1369 potius
1501 1332 1703 1358 versamur.

174 1382 272 1418 Sane
314 1380 425 1418 fidem
460 1380 501 1417 in
539 1380 650 1417 coelis
686 1385 893 1418 versantem
929 1394 1005 1419 non
1039 1382 1227 1432 requirere
1264 1382 1326 1419 hic
1362 1383 1528 1433 corporis
1566 1382 1705 1421 Christi

174 1444 423 1497 praesentiam
450 1443 556 1482 iuxta
584 1444 832 1482 substantiam
860 1445 990 1496 ipsius,
1043 1445 1157 1482 Unde
1184 1450 1218 1483 et
1245 1446 1293 1483 ab
1321 1446 1490 1484 Ecclesia
1517 1451 1705 1498 receptum

177 1523 258 1548 esse
283 1509 432 1554 docent,
453 1513 493 1546 ut
513 1509 610 1546 circa
631 1521 766 1547 coenae
783 1509 966 1547 actionem
987 1513 1096 1548 canat
1127 1527 1144 1544 n
1159 1523 1304 1548 sursum
1325 1511 1476 1555 corda'',
1494 1524 1573 1548 non
1603 1511 1707 1548 uhuc

178 1574 227 1613 ad
253 1573 462 1612 elementa”
491 1573 616 1612 corda.
654 1573 848 1611 Praeterea
875 1577 912 1612 et
940 1574 984 1612 de
1012 1574 1083 1611 hoc
1112 1574 1253 1618 dicunt,
1281 1574 1311 1611 si
1340 1574 1547 1612 substantia
1575 1587 1709 1626 corpo-

178 1639 231 1677 ris
266 1638 406 1676 Christi
441 1638 624 1675 naturalis
662 1638 822 1675 sumitur
859 1637 1171 1689 distribuiturque
1197 1639 1237 1676 in
1275 1651 1390 1676 coena
1420 1652 1504 1676 cum
1529 1652 1625 1690 pane
1652 1640 1710 1677 vel

179 1704 219 1741 in
256 1716 362 1755 pane,
399 1706 591 1753 utcunque
626 1702 777 1740 tandem
814 1702 859 1740 de
898 1703 1158 1741 sacramentali
1193 1703 1488 1751 u-(119b)nione
1515 1707 1713 1749 statuatur,

179 1772 215 1806 et
253 1767 446 1816 sanguinis
482 1779 633 1817 quoque
670 1766 922 1804 substantiam
957 1766 996 1805 in
1025 1767 1113 1805 vino
1141 1767 1239 1805 sumi
1266 1767 1466 1818 oportebit,
1502 1779 1586 1804 cum
1623 1780 1709 1805 vero

182 1831 363 1869 elementa
401 1843 538 1868 coenae
571 1830 652 1881 ipsa
681 1830 878 1881 separatim
908 1837 1117 1877 sumantur,
1144 1835 1351 1882 separatam
1379 1844 1467 1869 sane
1494 1831 1605 1869 etiam
1633 1844 1714 1869 esse

182 1895 370 1947 oportebit
397 1896 438 1933 in
466 1895 617 1933 Christo
657 1895 850 1945 sanguinis
887 1896 945 1933 sui
982 1895 1230 1934 substantiam
1258 1909 1279 1933 a
1306 1896 1517 1934 substantia
1545 1896 1712 1946 corporis

180 1960 311 2012 ipsius.
367 1963 417 1997 At
453 1973 539 1997 vero
568 1960 710 1997 nullam
737 1973 890 2010 prorsus
918 1960 957 1997 in
987 1960 1139 1998 Christo
1167 1961 1240 1998 iam
1269 1960 1552 2011 separationem,
1577 1961 1712 1998 realem

181 2024 411 2077 praesertim,
438 2024 639 2073 imaginari
667 2037 736 2062 nos
762 2037 871 2075 posse
897 2028 1043 2075 putant,
1069 2029 1328 2076 praeterquam
1355 2025 1386 2062 si
1414 2025 1460 2062 ad
1487 2024 1714 2076 Papisticam

183 2090 288 2127 illam
314 2102 441 2127 rursus
470 2089 741 2127 subnexionem
768 2102 1015 2134 recurramus,
1041 2093 1096 2136 ut,
1123 2089 1188 2126 ubi
1217 2090 1263 2127 sit
1292 2089 1458 2138 sanguis,
1485 2089 1540 2127 ibi
1567 2093 1603 2127 et
1629 2102 1714 2126 cor·

184 2167 253 2205 pus
289 2166 380 2200 esse,
417 2153 482 2191 ubi
516 2166 664 2191 rursum
703 2165 836 2204 corpus
865 2153 925 2199 sit,
951 2153 1005 2191 ibi
1032 2166 1111 2191 esse
1137 2157 1173 2191 et
1200 2153 1376 2199 animam,
1403 2153 1570 2204 adeoque
1593 2156 1630 2190 et
1658 2152 1715 2190 di·

184 2218 353 2257 vinitatis
379 2218 512 2269 ipsam,
540 2218 571 2256 si
597 2218 649 2255 ita
676 2217 781 2268 loqui
807 2218 930 2263 liceat,
949 2218 1196 2256 substantiam
1216 2218 1396 2256 dicamus.
1426 2218 1512 2255 Hoc
1527 2230 1611 2255 vero
1632 2230 1715 2254 cum

187 2284 291 2321 nullo
328 2283 440 2321 modo
477 2282 680 2320 consistere
703 2282 834 2333 possit,
862 2282 1064 2320 consistere
1090 2282 1338 2333 proculdubio
1366 2282 1478 2320 etiam
1506 2295 1582 2319 non
1610 2294 1718 2331 posse

188 2349 287 2386 hanc
322 2347 367 2386 de
402 2348 667 2398 mysteriorum
706 2360 789 2385 cum
817 2347 1009 2385 elementis
1039 2347 1184 2385 Coenae
1210 2347 1403 2392 unionem,
1429 2350 1469 2384 ut
1499 2346 1717 2384 coniunctas

189 2417 430 2461 utrorumque
457 2411 497 2448 in
523 2411 598 2448 illis
627 2410 857 2448 substantias
883 2410 1031 2448 realiter
1060 2423 1128 2448 nos
1157 2423 1313 2454 sumere,
1342 2413 1405 2447 aut
1424 2422 1487 2460 per
1505 2409 1717 2447 ministrum

192 2475 369 2513 distribui
404 2488 514 2525 posse
552 2475 758 2519 credamus,
793 2479 985 2525 utcunque
1021 2475 1174 2513 tandem
1201 2474 1337 2512 realem
1367 2474 1462 2512 hanc
1490 2473 1655 2523 corporis
1682 2476 1718 2510 et

192 2539 385 2589 sanguinis
414 2539 553 2577 Christi
581 2539 812 2578 substantiae
841 2539 1129 2577 coniunxionem
1157 2551 1399 2589 exponamus.
1433 2538 1624 2575 Postremo
1653 2536 1719 2574 ad-

193 2606 319 2643 ferunt
346 2603 544 2655 ipsiusmet
574 2605 715 2643 Christi
742 2604 898 2642 Domini
926 2604 1150 2649 doctrinam,
1177 2604 1242 2654 qui
1269 2604 1452 2641 disserens
1481 2603 1525 2639 de
1554 2602 1719 2652 corporis

196 2669 253 2707 sui
290 2668 581 2706 manducatione
621 2670 740 2714 docet,
775 2669 822 2706 ad
859 2669 1017 2707 salutem
1052 2668 1221 2706 nostram
1258 2669 1346 2706 satis
1381 2680 1459 2705 esse
1494 2680 1574 2704 eam
1618 2666 1720 2704 illius

196 2731 535 2777 manducationem,
561 2746 656 2783 quae
683 2733 756 2771 fide
783 2732 967 2771 duntaxat
994 2737 1191 2776 constaret,
1219 2732 1305 2769 addi
1332 2731 1431 2769 enim
1458 2730 1551 2767 illia
1571 2730 1720 2768 Christo

199 2798 336 2836 diserte
363 2798 492 2846 (120³)
520 2797 617 2835 vitae
645 2802 813 2836 aeternae
839 2798 1138 2848 promissionem,
1167 2811 1242 2834 non
1270 2795 1478 2834 addendam
1496 2795 1722 2840 hauddubie,

200 2862 231 2900 si
268 2875 379 2913 quam
417 2862 527 2899 aliam
565 2861 748 2899 Dominus
782 2862 977 2900 instituere
1005 2861 1127 2899 adhuc
1154 2862 1344 2899 voluisset.
1398 2860 1473 2897 Cur
1500 2873 1586 2897 vero
1614 2859 1723 2897 nobis
