1818 3178
175 121 177 123 '
205 118 277 152 430
706 108 923 150 ncspstxo
952 124 1042 150 anv.
1078 125 1242 152 HOSIUM.

206 225 471 262 communione
498 237 563 275 per
590 223 715 261 omnia
744 223 914 269 similem,
941 228 1094 274 excepto
1113 228 1275 274 peceato,
1294 229 1330 263 et
1342 223 1586 262 nihilominus
1604 228 1728 262 tamen

205 293 412 328 statuamus
457 294 538 326 eam
582 287 689 339 panis
731 287 772 325 in
813 301 944 326 verum
988 300 1032 326 ac
1074 288 1244 326 naturale
1291 289 1534 327 humanitatis
1579 295 1728 327 nostrae

206 354 345 393 Christi
374 353 527 391 Domini
547 366 682 404 corpus
698 353 974 397 transitionem,
990 366 1215 404 quocunque
1232 367 1274 393 ea
1292 354 1442 392 tandem
1459 354 1571 392 modo
1587 358 1728 392 statua·

203 425 276 464 tur,
302 432 396 470 quae
422 419 566 457 nullam
595 431 680 455 cum
716 418 856 456 nostris
885 418 1107 469 corporibus
1135 418 1289 456 omnino
1319 419 1617 456 convenientiam
1649 418 1728 456 ullo

204 497 357 536 prorsus
383 484 495 522 modo
517 483 651 521 habeat
673 483 881 534 habereque
900 483 938 520 in
959 487 1150 520 aeternum
1172 496 1339 534 unquam
1357 483 1490 534 possit,
1507 496 1551 520 ac
1569 496 1729 528 rursum,

205 553 247 588 ut
285 562 417 600 corpus
445 547 586 586 Christi
622 547 777 585 Domini
802 547 1023 586 insensibile
1049 547 1272 584 immensum
1299 552 1335 585 et
1361 548 1621 599 aperigrapton
1651 549 1730 585 for·

204 627 360 658 memus,
403 626 486 650 cum
524 612 618 650 nihil
647 612 758 649 huius
787 612 926 649 nostris
954 611 1174 662 corporibus
1200 611 1391 662 Scriptura
1417 612 1498 662 ipsa
1525 612 1730 663 promittat,

204 682 240 717 et
267 682 393 716 tamen
422 677 564 721 doceat,
592 689 748 727 corpora
776 681 904 713 nostra
933 676 1012 713 fore
1041 675 1248 713 conformia
1267 675 1435 724 glorioso
1456 676 1731 723 Chri-(103)sti

207 741 361 780 Domini
388 741 535 792 corpori
561 745 646 791 post
674 745 841 778 nostram
869 739 1188 785 resurrectionem,
1213 739 1289 776 imo
1312 752 1399 776 vero
1423 738 1557 776 diserte
1575 743 1730 777 testetur

203 806 456 856 glorificatum
491 805 631 856 alioqui
664 804 739 842 iam
778 804 917 842 Christi
955 803 1110 840 Domini
1150 816 1282 854 corpus
1312 816 1487 840 sensuum
1513 803 1729 849 testimonio

204 872 442 923 potissimum
470 884 554 909 vere
579 869 860 919 agnoscendum
888 874 998 920 atque
1026 882 1046 906 a
1075 868 1207 919 quovis
1235 867 1377 918 Spiritu
1406 868 1496 905 adeo
1517 868 1730 906 discernen-

205 939 294 974 dum
323 950 414 975 esse.
467 938 592 986 Atque
620 936 710 972 haec
738 935 886 985 quidem
917 934 962 972 de
989 934 1152 971 Persona
1182 933 1321 971 Christi
1348 932 1515 972 Domini.

258 1001 373 1040 Quod
419 1013 504 1039 vero
549 1000 595 1037 ad
643 999 905 1037 demandatam
949 998 1006 1035 illi
1050 1012 1069 1035 a
1116 998 1224 1036 Patre
1262 997 1341 1035 Deo
1376 997 1417 1034 in
1454 1010 1564 1035 carne
1604 1001 1733 1035 nostra

205 1066 437 1104 functionem
483 1065 628 1111 attinet,
665 1064 696 1101 si
732 1063 849 1101 credit
878 1062 1034 1107 Hosius,
1063 1063 1207 1114 typicas
1243 1075 1372 1100 omnes
1407 1061 1596 1100 Ecclesiae
1632 1067 1732 1100 vete-

203 1133 255 1170 ris
292 1131 487 1169 unctiones
514 1131 554 1168 in
594 1130 745 1167 Christo
782 1129 945 1166 Domino
983 1132 1112 1166 nostro
1151 1128 1354 1179 completas
1383 1132 1733 1179 consummatasque

204 1211 297 1242 esse,
343 1210 385 1234 ac
426 1196 527 1234 velut
570 1195 723 1233 umbras
768 1194 851 1232 luce
895 1198 1023 1232 exorta
1065 1207 1241 1239 cessasse,
1283 1194 1396 1231 simul
1423 1206 1571 1245 quoque
1607 1194 1733 1231 credat

204 1275 354 1300 necesse
390 1265 458 1307 est,
494 1260 685 1297 Christum
723 1258 927 1296 Dominum
955 1272 976 1295 a
1004 1259 1113 1296 Patre
1141 1257 1220 1295 Deo
1249 1271 1314 1308 per
1342 1257 1523 1309 Spiritum
1552 1259 1732 1295 Sanctum

202 1326 243 1364 in
269 1326 424 1364 unicum
452 1338 638 1363 summum
665 1327 776 1374 atque
801 1326 994 1360 aeternum
1021 1321 1243 1359 Pontificem
1269 1322 1412 1371 Regem
1439 1334 1482 1359 ac
1508 1321 1732 1372 Prophetam

205 1391 420 1429 Catholicae
456 1403 541 1427 suae
577 1389 769 1427 Ecclesiae
806 1391 961 1425 unctum
989 1401 1082 1426 esse,
1136 1386 1224 1441 Hqc
1252 1391 1374 1424 autem
1404 1387 1435 1424 si
1463 1387 1592 1431 credit,
1619 1386 1728 1425 velim

204 1456 295 1494 mihi
324 1456 422 1493 clare
451 1455 494 1492 de
521 1455 641 1505 Papae
671 1453 727 1490 sui
755 1465 895 1503 suoque
921 1452 1041 1502 ipsius
1067 1465 1110 1489 ac
1139 1464 1291 1489 suorum
1319 1451 1487 1488 omnium
1515 1451 1732 1488 Sacerdotio

205 1523 336 1571 Regno
376 1520 653 1570 Doctrinaeque
688 1531 774 1556 suae
808 1517 900 1563 iure,
936 1516 1035 1567 quod
1071 1516 1292 1567 praetendit,
1320 1516 1397 1553 sive
1431 1516 1629 1554 autoritate
1654 1529 1732 1553 res-

202 1586 378 1638 pondeat.
426 1587 483 1622 Ac
510 1583 671 1635 primum
699 1583 744 1620 de
773 1581 1003 1619 SacerdotiO.
1035 1581 1075 1617 Si
1103 1580 1225 1618 Hosio
1255 1584 1291 1618 et
1319 1580 1394 1617 suis
1424 1580 1594 1617 Christus
1620 1581 1732 1628 (104)

202 1651 387 1689 Dominus
424 1662 508 1687 vere
543 1652 598 1686 est
633 1648 768 1685 unicus
802 1646 866 1683 ille
902 1658 1145 1695 summusque
1172 1649 1284 1695 atque
1311 1648 1483 1681 aeternus
1519 1643 1733 1682 Catholicae

203 1716 395 1753 Ecclesiae
423 1713 610 1757 Pontifex,
637 1712 677 1749 in
713 1724 787 1762 quo
823 1710 990 1761 typicum
1018 1722 1127 1746 omne
1153 1708 1317 1746 Aaronis
1346 1708 1601 1753 Sacerdotium
1630 1721 1732 1746 com-

203 1780 343 1831 pletum
394 1781 770 1826 consummatumque
819 1773 990 1818 cessavit,
1039 1773 1236 1824 omnisque
1285 1773 1546 1824 propitiatoria
1590 1773 1731 1811 oblatio

201 1844 312 1881 unica
355 1843 457 1880 illius
505 1841 656 1879 victima
697 1853 763 1891 per
797 1844 942 1889 partam
987 1838 1129 1889 alioqui
1173 1838 1519 1889 plenisufficientem
1564 1839 1730 1876 omnium

201 1913 282 1947 toto
312 1908 403 1945 orbe
436 1910 675 1958 peccatorum
710 1903 968 1942 remissionem
996 1903 1138 1940 abolita
1165 1908 1232 1949 est,
1269 1906 1305 1940 et
1333 1902 1436 1940 cuius
1473 1903 1730 1941 Sacerdotium

203 1975 283 2012 sine
328 1973 404 2010 ullo
448 1970 628 2022 temporis
675 1969 786 2006 ullius
831 1967 1017 2019 principio
1062 1971 1127 2005 aut
1159 1968 1234 2004 fine
1269 1970 1327 2004 est
1362 1966 1443 2004 heri
1479 1966 1590 2004 hodie
1622 1971 1659 2005 et
1692 1967 1731 2004 in

202 2040 327 2078 secula
361 2050 512 2089 prorsus
549 2034 793 2087 aparabaton,
839 2034 893 2071 sic
929 2037 971 2071 ut
1014 2033 1116 2070 nulla
1162 2045 1282 2083 neque
1319 2033 1568 2077 successione,
1611 2046 1732 2084 neque

199 2088 457 2149 translatione,
503 2101 549 2139 ad
594 2113 806 2151 quenquam
851 2098 1006 2136 omnino
1052 2101 1229 2142 transeat,
1275 2118 1324 2126 —
1369 2097 1401 2134 si
1446 2097 1529 2142 hoc,
1564 2097 1730 2149 inquam,

199 2182 284 2206 cum
327 2168 404 2206 suis
439 2167 543 2204 iuxta
580 2165 801 2203 Doctrinam
836 2162 981 2213 alioqui
1026 2161 1284 2213 Apostolicam
1322 2161 1439 2199 credit
1474 2161 1631 2209 Hosius,
1664 2163 1731 2201 ubi

199 2234 275 2271 iam
302 2233 458 2270 obsecro
487 2229 652 2267 manebit
680 2241 788 2266 suum
816 2228 1011 2279 Papaeque
1039 2226 1107 2272 sui,
1134 2239 1177 2264 ac
1205 2239 1358 2264 suorum
1386 2227 1553 2265 omnium
1578 2227 1730 2265 semiiu-

201 2298 350 2336 daicum
385 2301 421 2334 et
462 2293 747 2333 semiethnicum
791 2292 1061 2337 Sacerdotium,
1107 2291 1151 2329 de
1187 2303 1262 2342 quo
1299 2303 1457 2340 magnus
1493 2291 1555 2328 hic
1589 2291 1730 2342 alioqui

201 2362 349 2400 dicendi
386 2373 537 2412 campus
573 2363 679 2405 esset,
717 2358 748 2395 si
784 2361 820 2396 et
858 2370 915 2395 res
950 2357 1031 2407 ipsa
1068 2354 1104 2394 et
1139 2342 1285 2407 tempus
1320 2361 1520 2407 pateretur.
1575 2357 1647 2394 Sed
1690 2363 1730 2394 ut

202 2425 463 2477 compendium
505 2424 652 2467 faciam,
690 2423 721 2460 si
759 2421 931 2460 Christus
968 2420 1154 2458 Dominus
1191 2420 1326 2458 unicus
1367 2425 1422 2458 est
1449 2420 1630 2458 duntaxat
1658 2422 1726 2458 Sa-

202 2491 331 2530 cerdos
379 2489 593 2528 Catholicae
630 2486 819 2525 Ecclesiae
854 2485 934 2532 Dei,
972 2485 1072 2523 unde
1106 2489 1162 2524 est
1200 2485 1308 2529 alius,
1344 2486 1512 2536 quisquis
1546 2485 1610 2523 ille
1644 2489 1729 2523 tan-

202 2556 284 2594 dem
321 2555 381 2599 sit,
408 2555 447 2591 in
474 2553 553 2591 eius
582 2551 934 2600 Sacerdo-(105)ti0
973 2550 1097 2587 socius
1125 2553 1189 2587 aut
1217 2550 1374 2598 collega,
1398 2549 1616 2600 praesertim
1644 2562 1727 2588 cum

201 2632 311 2658 nemo
347 2619 418 2655 sibi
446 2618 661 2664 societatem
688 2616 729 2653 in
756 2614 1017 2666 propitiatorio
1048 2614 1190 2652 Christi
1227 2613 1410 2651 sacrificio
1438 2621 1614 2662 arrogare
1641 2626 1728 2664 pos·

202 2683 262 2728 sit,
298 2683 371 2721 nisi
405 2695 489 2719 cum
524 2682 592 2719 illo
628 2694 777 2732 quoque
812 2679 1056 2717 mediatorem
1095 2691 1133 2716 se
1170 2678 1240 2716 Dei
1266 2682 1302 2716 et
1330 2677 1523 2714 hominum
1551 2677 1728 2716 adversus

201 2747 423 2787 Doctrinam
458 2747 718 2797 Apostolicam
757 2745 983 2783 constituere
1010 2744 1111 2790 velit,
1147 2748 1330 2794 qnatenus
1358 2755 1457 2787 sane,
1484 2743 1727 2792 quemadmo-

202 2813 290 2851 dum
323 2825 419 2850 unus
456 2816 510 2848 est
547 2810 660 2855 Deus,
694 2811 745 2847 ita
775 2823 889 2848 unum
918 2809 1100 2846 duntaxat
1128 2808 1240 2846 etiam
1267 2807 1337 2845 Dei
1364 2810 1400 2844 et
1429 2806 1622 2845 hominum
1649 2821 1727 2846 me-

202 2879 382 2916 diatorem
425 2877 464 2913 in
508 2874 716 2913 sacerdotio
761 2879 796 2913 et
834 2873 1016 2911 sacrificio
1052 2873 1170 2922 ipsius
1205 2885 1285 2910 esse
1320 2871 1509 2910 docemur.
1564 2872 1605 2909 Si
1638 2872 1727 2910 item
