1818 3178
764 133 1008 165 PRAEFATIO.
1558 132 1642 162 LXV

122 264 144 291 n
164 248 204 284 te
253 241 342 284 istic
385 238 507 283 illum
551 239 762 282 editurum
805 256 905 290 esse,
938 255 1033 284 cum
1068 246 1184 283 tanto
1215 246 1405 296 tempore
1437 238 1549 295 apud
1582 254 1648 282 me

122 339 144 363 n
167 322 333 370 praeter
352 328 487 355 meam
521 312 686 354 interim
723 313 980 355 voluntatem
1002 312 1230 357 dilituerat.
1266 311 1415 355 Adieci
1436 311 1496 354 illi
1518 326 1648 354 unam

123 401 182 434 ue
214 385 315 427 meis
346 383 542 440 epistolis,
575 384 718 426 eadem
752 384 802 425 de
832 399 878 426 re
910 391 1007 426 ante
1028 400 1102 427 sex
1122 400 1253 427 annos
1275 384 1476 440 scriptam
1494 390 1539 426 ut
1561 385 1648 425 cloc-

124 480 145 505 η
169 457 301 499 trinae
343 470 571 497 consensum
612 461 860 507 attestarem‚
893 471 1030 510 neque
1076 456 1218 498 dubito
1259 456 1330 498 tibi
1377 456 1480 498 haec
1510 455 1650 498 omnia

124 550 146 576 ss
166 527 324 570 reddita
365 526 496 569 esse.''
532 526 563 584 ¹)
627 527 747 570 Luce
778 527 933 569 clarius
965 543 1017 569 ex
1047 528 1109 569 his
1140 535 1180 570 et
1211 543 1317 584 quae
1348 542 1473 583 supra
1506 527 1648 569 citavi-

122 614 216 642 mus
246 598 374 641 Lasci
404 598 540 640 verbis
562 607 688 655 patet,
711 614 806 641 eum
839 598 1080 655 Bullingeri
1112 600 1363 655 opusculum
1388 615 1470 641 non
1493 599 1649 641 idcirco

121 671 308 723 edidisse,
358 679 405 713 ut
446 671 686 728 Bullingeri
728 672 984 713 satisfaceret
1024 671 1241 722 desiderio,
1285 672 1355 715 sed
1386 680 1581 715 autorem
1611 672 1649 713 ei

121 743 247 785 fuisse
293 741 577 785 Cranmerum
626 750 670 785 ut
715 744 841 785 hocce
887 743 1147 800 divulgando
1187 744 1328 787 libello
1359 760 1575 787 sacrorum
1607 745 1648 786 in

126 814 287 872 Anglia
333 814 628 856 restaurationi
669 814 896 871 prodesset,
937 814 1150 871 simulque
1190 831 1288 857 eum
1320 816 1397 859 hac
1427 817 1493 858 via
1526 823 1651 872 atque

124 887 284 929 ratione
316 886 483 943 publice
516 902 638 929 suum
671 902 766 928 cum
800 886 1018 943 Tigurinis
1048 887 1277 945 Theologis
1307 888 1520 932 doctrinae
1557 903 1653 931 con-

124 975 291 1003 sensum
324 960 512 1003 attestari
543 960 735 1003 voluisse.

310 1104 348 1148 6.
411 1101 540 1147 CoNs.
569 1115 799 1145 TIGURINUS
829 1116 877 1144 IN
908 1116 962 1144 RE
994 1116 1173 1147 SACRAM.
1209 1103 1288 1161 (ed.
1324 1104 1469 1162 1552).

180 1244 441 1300 Pedisequus
488 1243 786 1287 Helvetiorum
826 1243 1145 1301 Theologorum
1186 1244 1227 1286 in
1259 1243 1511 1301 Bullengeri
1541 1252 1652 1289 trac—

122 1316 278 1358 tatione
309 1315 482 1367 edenda,
533 1330 685 1372 agmen
719 1323 864 1358 contra
905 1314 1021 1358 ducit
1051 1316 1074 1358 a
1105 1315 1243 1358 Lasco
1274 1315 1315 1357 in
1347 1331 1438 1368 su0,
1471 1317 1581 1372 quod
1613 1333 1650 1362 a.

124 1388 235 1431 1552
277 1388 463 1431 Londini
504 1387 632 1430 edidit
661 1387 710 1430 de
742 1386 1044 1439 Sacramentis,
1079 1388 1298 1444 opusculo.
1360 1388 1509 1441 Quum
1544 1391 1654 1432 enim

122 1460 364 1518 Bullingeri
404 1459 546 1502 libello
588 1460 753 1503 nonnisi
795 1459 954 1516 aliquot
994 1459 1045 1502 de
1086 1476 1162 1502 suo
1206 1461 1396 1517 pagellas
1427 1461 1653 1514 addiderat,

120 1549 198 1576 sua
228 1533 317 1575 vice
349 1532 565 1590 opusculo,
600 1532 712 1589 quod
745 1535 794 1575 dc
824 1534 1086 1576 sacramentis
1128 1533 1296 1575 titulum
1329 1533 1465 1584 habet,
1497 1542 1654 1591 septem

124 1604 326 1647 duntaxat
356 1604 622 1661 pagellarum
657 1604 912 1657 libellulum,
944 1605 1017 1661 qui
1048 1604 1268 1647 Helvetios
1299 1612 1492 1648 auctores
1522 1621 1654 1663 agno·

121 1677 215 1725 scit,
261 1679 305 1719 in
343 1676 426 1719 fine
474 1676 690 1733 adspersit.
752 1676 803 1719 In
846 1676 1019 1733 epistola
1059 1691 1142 1732 qua
1185 1676 1297 1733 Regi
1329 1678 1515 1735 Angliae
1547 1678 1655 1721 hanc

123 1748 540 1792 lucubratiunculam
573 1748 791 1798 dedicavit,
822 1749 911 1805 ipse
941 1748 1005 1790 his
1036 1748 1172 1790 verbis
1203 1764 1327 1791 suum
1359 1750 1401 1792 in
1424 1766 1473 1792 ea
1493 1765 1538 1792 re
1561 1766 1657 1793 con-

123 1821 260 1864 silium
305 1820 490 1878 expedit:
541 1841 563 1868 ῃ
585 1820 838 1863 Addidimus
868 1821 1003 1878 igitur
1033 1826 1074 1863 et
1106 1836 1194 1874 nos,
1238 1823 1412 1864 auctarii
1444 1823 1547 1872 vice,
1580 1839 1654 1866 no-

129 1916 150 1942 n
171 1900 301 1936 stram
331 1892 702 1935 tractatiunculam
734 1901 782 1936 ut
811 1909 888 1936 nos
918 1909 1010 1936 eam
1052 1893 1186 1950 ipsam
1217 1893 1389 1936 illorum
1421 1896 1656 1938 consensio-

126 1988 148 2015 η
167 1980 263 2008 nem
305 1964 484 2021 probare
516 1963 702 2020 adeoque
733 1971 773 2007 et
813 1965 929 2021 sequi
979 1970 1233 2008 testaremur
1274 1972 1315 2008 et
1360 1968 1655 2010 Consensionem

126 2060 149 2087 ῃ
168 2038 299 2094 ipsam
341 2042 508 2078 nostrae
555 2036 679 2078 etiam
711 2036 947 2079 tractationi
992 2035 1275 2090 adiunximus,
1307 2045 1353 2079 ut
1383 2038 1493 2080 inter
1522 2054 1564 2080 se
1595 2038 1655 2082 fa-

127 2108 289 2159 acilius
330 2107 513 2151 conferri
553 2107 764 2164 possent.”
798 2109 830 2167 2)
898 2108 1046 2165 Itaque
1087 2110 1129 2151 in
1173 2107 1311 2151 lucem
1342 2109 1450 2152 hanc
1481 2125 1654 2154 consen-

123 2182 281 2225 sionem
313 2195 350 2224 a.
382 2180 493 2222 1552
525 2179 711 2222 Londini
741 2180 868 2223 edidit
897 2180 973 2223 sub
1005 2180 1083 2223 hoc
1115 2180 1258 2223 titulo:
1285 2180 1491 2225 consensio
1511 2188 1652 2226 mutua,

123 2257 165 2300 in
195 2271 239 2298 rc
270 2253 589 2297 sacramentaria
619 2253 900 2296 Ministrorum
938 2253 1155 2307 Tiqurinae
1186 2253 1391 2295 Ecclesiae
1422 2259 1462 2296 et
1490 2255 1544 2297 D.
1566 2255 1650 2297 Iole.

133 2328 308 2381 Calvini,
355 2326 535 2369 ministri
579 2325 821 2369 Gencvcnsz's
863 2327 1083 2376 Ecclesiae,
1112 2326 1194 2368 iam
1225 2341 1330 2367 nunc
1360 2327 1407 2368 ab
1440 2327 1536 2381 ipsis
1565 2343 1656 2370 auc-

128 2402 277 2445 toribus
308 2400 418 2443 edita
451 2398 501 2455 ³),
533 2412 582 2439 eo
610 2397 693 2440 fine
725 2406 849 2456 atque
881 2399 1052 2442 consilio
1083 2404 1130 2440 ut
1159 2397 1202 2439 in
1233 2396 1433 2454 loquendi
1463 2398 1656 2442 formulis

127 2473 267 2530 dispar
316 2468 639 2528 quodammodo,
687 2470 730 2512 in
778 2486 824 2513 re
864 2478 1003 2514 tamen
1044 2484 1219 2512 concors
1259 2470 1405 2526 utique
1450 2485 1526 2514 sua
1557 2485 1655 2514 cum

171 2638 196 2676 ¹)
219 2636 321 2667 LASCI
348 2635 460 2676 Opera.
483 2633 519 2666 Τ.
541 2633 586 2665 II.
608 2643 640 2675 p.
663 2632 734 2664 653.

168 2694 194 2732 2)
218 2693 321 2724 LAsct
347 2692 459 2733 Opera.
481 2690 508 2722 Ι.
531 2700 562 2731 p.
588 2689 658 2721 103.

165 2749 192 2788 ³)
216 2747 394 2780 consensui
418 2745 573 2787 Tigurino
598 2756 627 2776 a.
650 2743 731 2774 1549
757 2742 820 2774 iam
845 2741 882 2772 ab
907 2743 1041 2783 utraque
1065 2746 1155 2784 parte
1179 2745 1398 2787 subscriptum
1414 2749 1492 2779 erat.
1515 2747 1565 2781 Cf.
1581 2748 1658 2781 Nn:-

124 2812 249 2841 MEYER,
274 2802 366 2835 Couf.
390 2802 477 2834 Eccl.
502 2801 574 2832 Ref.
598 2799 699 2842 praef.
720 2798 786 2836 xii;
809 2798 878 2839 ipsa
901 2798 985 2830 conf.
1009 2798 1052 2831 ib.
1068 2809 1099 2840 p.
1116 2799 1174 2831 191
1193 2811 1238 2843 sq.
1251 2801 1386 2840 HENRY‚
1407 2801 1503 2833 [eben
1522 2804 1660 2840 Calvins,

122 2857 166 2891 II.
196 2859 269 2892 469.
297 2859 405 2896 Dima,
437 2857 511 2899 Life
541 2856 581 2898 of
607 2855 687 2886 Iolm
724 2853 844 2885 Calvia.
874 2863 905 2894 p.
930 2852 1001 2885 248.
1025 2854 1207 2894 swanum,
1232 2856 1391 2888 Iohannes
1416 2857 1535 2891 Calvia.
1560 2859 1603 2892 ΙΙ.
1626 2870 1658 2904 Ρ,

124 2912 299 2947 112-124.
323 2913 504 2949 Gmsnnnss,
530 2908 772 2950 Kirclcenyesclc.
796 2907 857 2941 III.
880 2907 925 2940 ΙΙ.
949 2917 979 2949 p.
1004 2907 1075 2942 174.
