1818 3178
160 143 211 171 XC
799 132 1039 162 PRAEFATIO.

220 249 257 289 2.
308 246 341 286 Ε
372 244 499 300 priori
533 239 793 282 catechismo
823 237 935 278 huuc
967 233 1278 278 catechismum
1312 240 1574 276 contractum
1607 234 1675 278 de-

163 322 455 370 sumptumque
499 325 598 359 esse,
635 323 716 350 non
749 323 798 349 eo
830 323 951 349 sensu
983 304 1202 362 perhibere
1234 306 1341 354 volo,
1375 307 1493 360 quasi
1523 306 1575 348 ad
1606 306 1673 349 lit-

161 395 290 428 teram
332 400 353 425 e
398 382 652 424 Londinensi
685 378 950 422 Catechismo
988 377 1177 420 Erndana
1211 376 1449 419 Catechesis
1480 392 1675 433 compen-

160 457 287 499 diaria
332 454 462 495 forma
507 451 710 506 descripta
758 458 873 499 esset,
922 448 990 491 sed
1023 463 1122 489 vero
1153 463 1198 488 ea
1233 448 1392 489 ratione
1435 448 1673 491 Emdanum

160 525 463 571 catechismum
513 521 721 564 conditum
764 536 863 571 esse,
912 528 957 561 ut
1004 529 1119 560 vetus
1164 518 1233 559 ille
1266 517 1566 570 Catechismus,
1600 521 1672 576 qui

158 598 251 640 inde
281 596 331 638 ab
361 610 471 638 anno
505 594 612 636 1546
645 592 755 648 apud
788 591 997 634 Emdanos
1029 590 1242 647 viguisset,
1278 599 1479 646 perpetuo
1499 591 1552 634 ob
1575 607 1672 635 ocu·

158 670 217 711 los
262 667 385 709 fuerit
432 665 604 712 auctori,
650 664 805 718 ubique
846 662 1058 704 doctrinae
1095 661 1336 717 praebuerit
1367 665 1599 715 materiam,
1633 672 1675 706 et

156 741 195 782 in
229 737 479 795 gravissimis
511 735 610 777 locis
642 733 804 776 dicendi
836 748 999 788 quoque
1032 732 1256 773 formulam
1281 733 1671 790 circumscripserit.

156 809 369 863 Quantum
417 821 544 862 porro
592 821 615 847 a
661 812 822 846 vetusto
868 803 1058 845 Emdano
1097 802 1363 846 Cateehismo
1395 803 1673 861 discrepuerit

155 880 288 922 versio
319 878 548 920 Utenhovii
580 875 689 918 haud
720 874 839 916 facile
869 874 982 916 dictu
1004 881 1076 926 est,
1101 889 1231 929 quum
1254 873 1379 916 editio
1401 875 1513 916 unde
1535 875 1671 918 versio

153 951 368 1006 desumpta
412 949 476 1001 sit,
522 948 609 1004 ipsa
655 961 827 1002 prorsus
867 945 1049 1001 perierit.
1113 945 1163 987 In
1210 945 1509 1001 componendis
1539 946 1672 1003 igitur

152 1020 406 1064 Londinensi
437 1027 476 1060 et
511 1018 699 1061 Emdano
731 1016 995 1059 Catechismo
1024 1016 1151 1072 probe
1174 1031 1338 1073 semper
1362 1015 1670 1059 observandum

153 1101 224 1142 est,
254 1108 336 1135 non
370 1107 421 1133 ex
451 1090 523 1132 illo
554 1090 664 1132 hunc
696 1089 764 1131 sed
798 1103 895 1129 vero
926 1104 948 1129 e
968 1091 1105 1144 prisca
1129 1088 1319 1130 Emdana
1343 1087 1561 1131 catechesi
1582 1104 1670 1131 esse

153 1170 426 1206 contractum.
489 1159 650 1204 seriem
682 1174 847 1215 quoque
880 1159 920 1200 iu
955 1167 1133 1214 utroque
1167 1158 1433 1202 Catechismo
1464 1159 1615 1216 procul
1646 1175 1670 1202 a

151 1252 194 1278 se
225 1236 400 1277 invicem
431 1233 579 1275 distare
611 1232 824 1274 communi
856 1231 1008 1287 origini
1042 1231 1100 1272 nil
1122 1231 1352 1287 quidquam
1377 1231 1516 1284 officit,
1541 1247 1670 1287 quum

153 1307 192 1348 id
234 1307 272 1348 in
303 1305 448 1362 primis
481 1305 557 1345 viri
590 1304 711 1359 periti
742 1303 805 1353 sit,
839 1302 921 1344 alia
953 1304 1017 1344 via
1049 1302 1226 1352 adultos,
1261 1302 1343 1344 alia
1377 1318 1476 1344 vero
1507 1303 1670 1344 tenuio-

154 1393 219 1420 res
260 1378 309 1419 ad
350 1391 534 1432 scopum,
570 1390 652 1430 quo
684 1373 835 1425 tendat,
869 1373 1091 1417 adducere.
1154 1374 1251 1416 Hoc
1281 1373 1462 1430 denique
1495 1375 1571 1416 rite
1603 1389 1669 1415 ex·

154 1449 334 1505 pendant
364 1448 501 1496 velim,
533 1447 604 1502 qui
636 1445 863 1488 diiudicare
895 1445 1004 1487 hanc
1034 1446 1146 1487 litem
1171 1447 1356 1502 cupiant,
1382 1445 1512 1488 libere
1535 1447 1671 1503 magis

151 1528 191 1563 et
230 1518 414 1576 expedite
455 1533 619 1574 semper
650 1518 690 1559 in
724 1517 794 1560 tali
827 1533 871 1559 re
902 1518 1058 1559 versari
1090 1519 1223 1573 ipsum
1258 1526 1488 1569 auctorem,
1523 1518 1594 1573 qui
1626 1518 1672 1560 li-

153 1593 292 1643 brum,
316 1591 426 1632 unde
450 1589 613 1631 libellus
634 1590 895 1645 decerpatur,
920 1589 1161 1639 condiderit,
1183 1605 1308 1644 quam
1331 1590 1362 1631 si
1385 1591 1476 1645 quis
1497 1590 1672 1634 alterius

155 1662 369 1706 cuiusdam
399 1669 579 1703 mentem
612 1660 827 1703 enucleate
859 1668 899 1702 et
927 1661 1172 1703 concinnius
1194 1676 1270 1703 suo
1293 1670 1425 1703 marte
1446 1662 1670 1718 expendat.

153 1736 318 1777 Anxius
360 1735 398 1775 in
443 1732 640 1775 litterulis
680 1732 927 1788 dicendique
960 1732 1151 1775 formulis
1183 1733 1371 1775 haerebit
1401 1734 1669 1790 epitomator:

152 1820 229 1861 pro
268 1819 342 1846 suo
383 1803 552 1845 arbitrio
599 1802 725 1844 libere
757 1812 937 1845 mentem
970 1818 1090 1845 suam
1122 1803 1203 1845 alia
1237 1804 1370 1846 forma
1403 1804 1488 1860 ipse
1520 1811 1669 1847 auctor

152 1874 352 1931 expediet.
387 1873 557 1930 Optime
587 1874 677 1930 ipsa
709 1873 1074 1917 Catechismorum
1106 1875 1362 1931 compositio,
1398 1883 1602 1931 quantum
1627 1876 1666 1918 in

154 1961 376 1988 commune
389 1944 578 1995 habeant,
597 1944 712 1986 nobis
724 1952 852 2000 ponet
863 1944 913 1986 ob
926 1945 1081 1992 oculos,
1104 1946 1142 1987 in
1158 1946 1275 1987 cuius
1287 1946 1345 1987 rei
1359 1947 1540 2002 gratiam
1555 1946 1669 1989 iuxta

151 2032 193 2058 se
225 2016 400 2057 invicem
433 2030 501 2057 eas
533 2015 837 2057 recensebimus
859 2017 1133 2071 quaestiones,
1157 2033 1263 2073 quae
1285 2017 1529 2060 affinitatem
1549 2033 1668 2060 suam

153 2087 263 2129 ultro
301 2086 494 2142 produnt.
558 2086 606 2128 In
640 2086 904 2130 Catechismo
947 2088 1137 2130 Emdano
1179 2090 1310 2145 igitur
1340 2105 1471 2131 novae
1504 2090 1668 2132 nonnisi

151 2160 226 2201 hae
265 2158 612 2213 interrogationes
652 2166 766 2201 sunt:
810 2161 848 2211 2,
893 2160 930 2211 3,
967 2161 1033 2209 19,
1073 2162 1140 2208 26,
1176 2161 1245 2214 43,
1278 2161 1347 2214 52,
1381 2163 1448 2212 68,
1484 2164 1666 2211 70-72,

155 2233 225 2281 74,
269 2230 336 2281 85,
377 2231 444 2280 88,
493 2230 640 2271 merito
687 2238 830 2273 contra
876 2231 986 2273 inter
1027 2248 1070 2274 se
1116 2233 1299 2275 conferri
1348 2232 1512 2285 debent,
1560 2248 1668 2289 quae

153 2307 406 2355 sequuntur:
439 2299 560 2342 Emd.
594 2299 685 2344 Cat.
719 2316 757 2356 q.
794 2303 812 2343 1
849 2300 899 2345 cf.
935 2319 968 2345 c.
1002 2302 1139 2345 Lond.
1174 2302 1269 2346 Cat.
1304 2320 1342 2360 q.
1379 2306 1417 2355 1,
1452 2304 1501 2347 E.
1534 2306 1560 2346 4
1596 2304 1665 2361 (L.

155 2373 193 2423 2,
226 2372 263 2420 3,
298 2372 385 2425 14),
429 2370 477 2413 E.
512 2372 550 2422 5,
584 2374 607 2414 6
643 2372 711 2428 (L.
747 2373 833 2428 15),
866 2373 912 2415 E.
949 2377 970 2417 7
1009 2374 1078 2430 (L.
1114 2376 1200 2431 13),
1236 2376 1285 2421 E.
1320 2378 1345 2418 8
1376 2375 1443 2432 (L.
1477 2378 1544 2429 21,
1578 2377 1666 2434 22),

154 2440 203 2484 Ε.
238 2442 261 2482 9
296 2439 364 2497 (L.
400 2442 465 2490 24,
501 2440 587 2496 25),
620 2441 668 2483 Ε.
704 2444 756 2484 10
792 2443 860 2499 (L.
897 2444 983 2500 33),
1018 2444 1065 2486 E.
1101 2447 1148 2486 11
1185 2445 1255 2501 (L.
1288 2446 1494 2503 42-44),
1528 2445 1577 2488 E.
1612 2448 1666 2489 12

157 2511 226 2569 (L.
261 2511 462 2566 50—54),
506 2511 554 2552 E.
590 2512 642 2554 13
673 2512 741 2568 (L.
774 2515 841 2564 56,
876 2517 942 2565 57,
978 2517 1066 2571 75),
1111 2517 1160 2560 E.
1196 2520 1249 2560 14
1284 2518 1353 2576 (L.
1388 2520 1457 2569 62,
1494 2519 1582 2575 63),
1616 2519 1666 2561 Ε.

155 2581 207 2624 15
244 2581 312 2639 (L.
347 2583 414 2631 66,
448 2583 529 2637 67),
565 2582 614 2624 Ε.
647 2585 698 2624 16
735 2584 803 2641 (L.
839 2587 903 2636 69,
936 2588 1026 2642 70),
1061 2587 1109 2631 Ε.
1144 2591 1195 2632 17
1232 2589 1300 2646 (L.
1326 2592 1393 2644 72,
1419 2591 1506 2647 73),
1539 2591 1588 2635 Ε.
1615 2594 1666 2634 18

157 2653 226 2710 (L.
261 2652 348 2709 74),
383 2652 431 2696 E.
468 2654 519 2694 20
556 2653 624 2710 (L.
659 2655 745 2710 77),
782 2655 828 2699 Ε.
866 2659 930 2707 21,
962 2660 1012 2699 21
1040 2659 1108 2715 (L.
1137 2662 1202 2713 79,
1226 2663 1293 2712 80,
1318 2663 1407 2718 85),
1432 2663 1489 2705 .E.
1515 2664 1568 2707 23
1595 2664 1662 2722 (L.

157 2726 339 2776 86—89,
383 2725 585 2779 90-95),
634 2724 681 2768 Ε.
716 2727 770 2768 24
805 2727 872 2782 (L.
909 2729 995 2785 90),
1041 2730 1090 2774 Ε.
1125 2733 1176 2773 25
1214 2732 1282 2788 (L.
1320 2735 1416 2786 179,
1453 2736 1570 2791 180),
1616 2736 1668 2780 Ε.

157 2797 208 2837 27
245 2795 312 2852 (L.
350 2795 464 2851 118),
499 2795 547 2838 E.
574 2796 726 2858 28,(L.
750 2799 864 2853 119),
898 2798 946 2841 Ε.
972 2802 1022 2843 29
1060 2801 1127 2856 (L.
1155 2803 1269 2858 120).
1304 2803 1353 2847 Ε.
1379 2805 1433 2847 30
1468 2806 1540 2863 (L.
1564 2807 1663 2857 123,

158 2867 271 2926 125),
314 2866 362 2911 Ε.
397 2867 446 2910 31
491 2866 558 2925 (L.
596 2867 693 2919 131,
730 2868 825 2923 132,
861 2870 976 2928 136),
1025 2872 1073 2915 Ε.
1107 2874 1174 2926 32,
1208 2875 1261 2917 33
1297 2874 1366 2934 (L.
1404 2877 1667 2936 139—147),
