1818 3178
726 104 785 141 ap,
816 104 958 132 Docra.
1534 104 1606 140 515

80 202 255 253 quodam,
282 203 496 255 Euangelio
522 204 783 255 promissionis
811 218 988 257 appenso,
1014 207 1249 259 obsignatur,
1275 213 1316 249 ut
1343 215 1379 249 et
1405 224 1474 259 nos
1501 212 1603 264 ipsos

74 280 140 318 per
177 281 324 306 omnem
362 268 477 312 vitam
513 277 682 308 nostram
719 275 913 323 totamque
947 276 1136 323 praetcrea
1177 273 1385 321 Ecclesiam
1412 276 1458 315 de
1484 277 1604 316 salute

76 335 206 370 nostra
243 337 381 373 certam
417 334 531 372 faciat
567 338 604 373 et
640 339 809 374 nostram
849 337 946 375 hauc
980 337 1093 376 fidem
1127 338 1307 378 adversus
1341 342 1509 393 perpetui
1535 343 1602 381 ad·

75 396 230 434 versarii
252 389 387 439 'nostri
427 398 615 438 Sathanae
649 399 815 438 insultus
851 395 981 440 omnes
1010 404 1252 446 communiat.
1305 406 1347 443 Si
1374 411 1498 445 tamen
1525 408 1601 446 vim

73 460 191 511 ipsam
228 465 340 512 atque
368 463 567 502 efficaciam
606 464 885 514 obsignationis
921 468 1143 516 applicandi
1170 470 1282 508 verbo
1309 470 1506 521 designare
1534 486 1601 514 vo-

73 524 208 568 lamus,
234 539 311 564 non
338 526 467 578 inepte
494 528 589 566 illud
619 531 863 569 sacramentis
890 532 1232 579 accomodabimus,
1258 538 1300 573 ut
1327 535 1505 575 hactenus
1532 551 1602 576 no·

72 588 131 627 bis
167 589 349 640 applicari
377 570 623 631 sacrat-nentis
650 593 906 644 intelligamus
934 596 1021 634 fidei
1047 597 1242 644 iustitiam,
1269 604 1453 650 quatenus
1480 602 1603 640 omnis

73 653 118 693 de
145 652 210 699 illa
239 653 443 700 dubitatio,
452 670 565 728 'quae
593 657 705 705 nobis
734 659 791 696 vel
819 659 948 698 invitis
976 661 1165 708 adhaeret,
1191 675 1258 701 usu
1285 663 1438 703 illorum
1458 666 1605 704 tollitur

73 729 116 754 ac
145 721 273 755 nostra
300 719 339 756 in
369 718 489 763 Deihn
518 721 612 758 fides
639 722 795 771 erigitur
823 726 859 761 et
897 724 1174 775 quodammodo
1202 733 1417 768 renovatur.
1470 730 1544 768 Sed
1571 731 1603 768 si

73 793 150 818 rem
186 794 269 820 vere
304 786 341 821 et
368 783 524 834 propius
552 785 776 832 intueamur,
805 787 916 825 facilc
943 788 1211 839 intelligemus,
1237 791 1422 830 iustitiam
1450 806 1511 831 scu
1541 807 1602 831 ac-

73 847 321 896 ceptationem
350 848 473 886 nostri
500 849 539 887 in
565 850 726 899 gratiam
757 851 828 890 Dei
869 853 1049 904 applicari
1076 855 1188 893 nobis
1215 857 1364 907 proprie
1392 858 1603 897 misericor-

73 909 134 947 dia
151 910 222 948 Dei
249 924 313 962 per
338 912 529 951 Christum
556 934 608 943 -—
634 928 710 953 non
739 917 837 954 enim
867 917 938 955 hoc
968 919 1151 958 currentis
1179 925 1243 959 aut
1271 922 1430 961 volentis
1457 927 1513 966 est
1539 923 1603 962 sed

72 975 280 1014 miserentis
302 976 372 1014 Dei
397 968 448 1006 ⁶-—
468 979 686 1018 annuntiari
714 985 838 1019 autem
857 982 959 1020 illam
983 984 1298 1034 promissionibus
1317 1000 1381 1038 per
1398 987 1604 1038 Euangeli-

71 1052 148 1085 um,
168 1040 315 1079 demum
337 1055 422 1079 vero
443 1042 517 1081 fide
537 1044 766 1095 apprehendi
786 1050 823 1084 et
843 1048 1085 1086 sacramentis
1103 1049 1219 1088 veluti
1231 1050 1366 1101 sigillis
1384 1053 1605 1104 promissio·

72 1116 162 1141 num
201 1104 409 1155 obsignari.
463 1107 654 1146 Iustitiam
693 1123 779 1147 vero
815 1111 904 1156 fidei
939 1111 1185 1162 intelligimus
1212 1117 1505 1167 acceptationem
1536 1132 1605 1157 no-

72 1172 188 1207 stram
215 1170 255 1207 in
280 1171 443 1220 gratiam
473 1172 556 1220 Dei,
584 1187 678 1224 quae
705 1174 777 1212 fide
804 1176 1109 1227 apprehenditur.
1147 1178 1476 1221 Quemadmodum
1504 1185 1605 1223 enim

74 1233 308 1273 circumcisio
336 1236 440 1274 iuxta
469 1237 626 1282 Paulum
655 1238 820 1277 iustitiae
845 1240 1147 1291 imputationem,
1174 1243 1211 1283 h.
1232 1257 1279 1291 e.‚
1312 1248 1606 1298 acceptationem

68 1297 108 1335 in
145 1298 376 1345 Abrahamo,
416 1314 526 1358 quam
564 1302 596 1343 is
634 1302 707 1341 fide
745 1304 1056 1355 apprehenderat,
1090 1310 1127 1345 et
1156 1307 1305 1348 demum
1333 1310 1411 1349 eius
1440 1325 1608 1351 commu-

70 1362 222 1401 nionem
247 1363 287 1402 in
316 1364 420 1403 illius
448 1366 592 1404 familia
620 1367 863 1418 obsignabat,
888 1370 943 1410 ita
969 1375 1005 1409 et
1031 1371 1072 1409 in
1099 1372 1286 1424 baptismo
1315 1376 1539 1426 obsignatur
1565 1379 1605 1417 in

70 1427 181 1465 nobis
208 1430 480 1481 acceptationis
508 1436 660 1470 nostrae
688 1446 772 1472 cum
801 1434 953 1474 Christo
973 1438 1058 1484 (24)
1088 1438 1208 1489 capite
1227 1444 1359 1478 nostro
1379 1442 1609 1491 coniunctio,

70 1505 145 1542 quo
172 1493 216 1531 fit
243 1483 284 1532 ut
311 1507 379 1545 pro
407 1495 496 1533 filiis
524 1495 594 1534 Dei
620 1497 659 1537 in
687 1497 754 1536 illo
782 1498 857 1552 iam
887 1499 1103 1549 habeamur,
1130 1503 1462 1557 intelligamusque
1478 1521 1605 1547 vocem

69 1555 172 1594 illam
203 1557 358 1596 coelitus
385 1559 433 1596 ad
462 1559 652 1602 Christum
684 1561 910 1613 baptizatum
940 1565 1140 1604 demissam
1161 1567 1208 1605 ad
1230 1581 1299 1607 nos
1322 1570 1434 1609 etiam
1457 1573 1606 1624 corpori

70 1621 149 1659 eius
177 1621 346 1661 inclusos
374 1624 572 1674 pertinere,
599 1626 630 1663 si
657 1626 775 1677 ipsius
804 1628 1027 1669 beneficium
1056 1644 1132 1670 non
1153 1637 1449 1676 contemnamus.
1479 1637 1607 1677 Habet

70 1690 194 1723 autem
232 1686 439 1738 baptismus
477 1702 581 1727 suam
617 1692 925 1741 promissionem:
964 1695 1044 1734 Qui
1082 1697 1283 1736 crediderit
1320 1704 1356 1738 et
1394 1701 1604 1752 baptizatus

71 1751 197 1795 fuerit,
233 1752 358 1790 salvus
396 1753 478 1793 erit.
534 1755 663 1795 Habet
691 1757 905 1806 symbolum
934 1773 1084 1811 aquam,
1111 1769 1165 1808 ut,
1193 1764 1508 1813 quemadmodum
1536 1780 1605 1818 pro

73 1816 263 1854 mundatis
291 1817 478 1870 habentur
506 1820 568 1871 qui
596 1821 666 1859 loti
692 1827 793 1870 sunt,
821 1824 875 1862 ita
903 1824 966 1876 qui
995 1825 1234 1877 baptizantur
1260 1830 1394 1868 mundi
1429 1844 1607 1870 censean-

71 1884 133 1918 tur
160 1881 271 1919 etiam
298 1882 338 1920 in
367 1889 571 1935 conspectu
599 1886 669 1924 Dei
696 1892 848 1939 propter
874 1890 1177 1940 promissionem.
1233 1894 1361 1934 Habet
1387 1900 1423 1934 et
1451 1897 1607 1935 manda-

68 1948 171 1984 tum:
207 1945 351 1985 Euntes
387 1947 518 1987 docete
561 1962 690 1989 omnes
726 1957 870 2001 gentes,
910 1955 1144 2005 baptizantes
1180 1971 1242 1996 eas
1281 1963 1352 1999 cet.
1407 1960 1535 1999 Habet
1571 1966 1607 2000 et

73 2012 361 2059 caeremoniam,
397 2014 574 2052 nimirum
612 2015 733 2066 ipsam
771 2017 1007 2067 tinctionem,
1043 2034 1138 2072 quae
1175 2023 1243 2062 sub
1283 2025 1424 2063 visibili
1461 2027 1610 2066 actione

71 2076 242 2114 coelestis
278 2077 390 2116 nobis
426 2081 724 2129 regenerationis
761 2083 872 2122 fidem
910 2085 1002 2124 facit
1040 2100 1195 2139 eamque
1230 2089 1270 2128 in
1303 2091 1440 2130 animis
1468 2094 1609 2132 nostris

71 2139 263 2190 obsignat.
317 2142 515 2182 Postremo
552 2145 591 2184 in
631 2146 689 2184 his
717 2149 895 2188 omnibus
924 2150 1039 2190 habet
1067 2152 1286 2193 adiunctam
1316 2156 1449 2195 salutis
1478 2158 1610 2196 condi-

69 2204 234 2245 tionem:
262 2207 351 2245 Nisi
379 2209 464 2260 quis
491 2214 646 2249 renatus
675 2213 789 2251 suerit
817 2227 860 2252 ex
888 2228 984 2267 aqua
1023 2221 1059 2256 et
1096 2218 1238 2269 Spiritu
1268 2221 1406 2259 Sancto
1435 2235 1512 2261 non
1539 2237 1609 2274 po-

70 2273 143 2308 test
177 2271 334 2311 introire
368 2274 406 2312 in
436 2288 593 2325 regnum
631 2276 714 2321 Dei,
749 2283 789 2317 ut
816 2279 1074 2330 intelligamus
1103 2297 1179 2322 non
1207 2298 1305 2336 aqua
1332 2290 1480 2326 tantum
1509 2289 1606 2339 tingi

71 2346 230 2385 corpora
266 2341 397 2376 nostra
434 2339 474 2377 in
512 2340 711 2391 baptism0,
749 2343 812 2381 sed
861 2345 1041 2396 Spiritum
1080 2362 1229 2400 quoque
1265 2352 1445 2391 Sanctum
1482 2354 1611 2393 adesse

71 2398 176 2449 operi
204 2413 267 2438 seu
294 2400 527 2442 institutioni
557 2405 710 2451 Christi,
739 2407 914 2461 huncque
940 2424 1038 2462 aqua
1065 2417 1336 2464 repraesentari
1362 2417 1609 2468 quodammo-

71 2461 133 2507 do.
171 2462 258 2501 dum
286 2464 484 2515 tingimur,
521 2473 557 2506 et
595 2469 695 2508 hunc
734 2472 846 2510 etiam
884 2476 1073 2514 contemni
1111 2490 1132 2515 a
1168 2479 1293 2526 nobis,
1321 2481 1352 2518 si
1381 2481 1611 2533 baptismum

72 2531 371 2576 contemnamus,
415 2545 490 2582 quo
541 2547 630 2572 sane
668 2540 884 2589 contempto
922 2540 1025 2578 nulla
1064 2555 1147 2594 spes
1183 2545 1316 2583 salutis
1354 2547 1495 2599 reliqua
1531 2563 1612 2588 esse

70 2598 207 2644 potest.
262 2597 390 2648 Atque
418 2598 509 2636 haec
537 2599 582 2638 de
610 2601 800 2652 baptismo
827 2603 1000 2648 docuisse
1027 2607 1119 2646 satis
1146 2622 1226 2648 esse
1252 2614 1440 2662 putamus.
1496 2614 1611 2653 Nunc

72 2671 159 2697 vero
186 2660 345 2700 aliorum
375 2665 580 2703 sententias
609 2668 790 2706 referemu
801 2682 830 2708 e.

122 2725 218 2762 Sunt
236 2725 302 2776 qui
330 2731 467 2778 putant
485 2729 669 2769 iustitiam
689 2734 786 2783 apud
807 2735 964 2775 Paulum
984 2737 1051 2776 ubi
1069 2739 1114 2777 de
1142 2740 1427 2782 circumcisione
1447 2745 1525 2794 agit
1543 2758 1611 2797 pro

70 2786 287 2828 obedientia
318 2795 355 2830 et
384 2786 460 2831 n‘on
489 2806 555 2845 pro
584 2798 843 2847 acceptatione
870 2800 991 2852 accipi
1017 2809 1199 2854 oportere,
1218 2806 1612 2861 circumcisioncmque

71 2864 150 2892 non
181 2857 258 2894 tam
286 2858 561 2910 acceptationis
589 2861 755 2912 sigillum
785 2865 822 2903 in
852 2866 1006 2906 Abraha
1035 2874 1070 2908 et
1097 2870 1176 2909 eius
1205 2871 1348 2910 familia
1367 2873 1482 2911 fuisse
1500 2887 1611 2925 quam

1378 2939 1453 2979 34*
