1818 3178
194 76 267 112 520
847 93 910 123 ΕΡ.
938 96 1080 124 Βοοτκ.

194 184 305 223 tismo
342 187 522 233 dicemus,
556 202 666 239 quem
694 193 874 241 quoniam
914 195 1134 245 impugnare
1160 203 1335 241 nonnulli
1362 210 1545 245 conantur
1572 223 1714 262 nosque

194 255 346 300 propter
373 251 481 289 illum
509 258 739 300 aversantur,
766 257 949 295 tuendum
977 259 1088 298 nobis
1114 261 1153 300 in
1174 269 1301 305 nostra
1322 268 1491 309 Ecclesia
1508 285 1589 311 esse
1608 282 1715 325 puta·

197 325 292 352 mus,

624 381 639 431 ξ
667 384 729 423 16.
779 385 838 422 De
863 385 1063 433 infantium
1092 391 1289 439 baptismo.

243 504 323 542 Qui
360 504 586 556 baptismum
622 509 826 550 infantium
856 513 1084 565 impugnare
1122 525 1319 569 conantur,
1355 537 1432 563 non
1468 527 1570 566 aliud
1598 531 1717 580 magis

190 567 344 613 iactant,
380 584 490 621 quam
519 586 557 610 se
583 573 667 612 ideo
696 590 716 613 a
743 577 1053 630 paedobaptismo
1081 583 1295 632 abhorrere,
1322 590 1420 638 quod
1448 596 1485 629 et
1512 592 1715 634 humanum

193 638 444 672 commentum
483 650 564 675 esse
596 643 631 676 et
668 641 906 681 manifestam
933 645 1188 686 idololatriam
1215 650 1327 689 etiam
1355 666 1441 703 prae
1469 669 1507 693 se
1535 658 1631 697 ferre
1661 661 1716 697 vi-

189 697 310 736 detur.
363 700 525 739 Proinde
557 708 594 740 et
631 709 779 743 nostras
816 714 1037 748 aversantur
1074 712 1262 752 Ecclesias
1299 722 1335 754 et
1370 718 1546 769 indignas
1582 728 1715 773 putant

190 760 381 800 Ecclesiae
417 766 581 812 nomine,
618 769 719 818 quod
754 776 902 821 praeter
939 775 1043 812 verbi
1081 776 1199 815 divini
1226 780 1481 821 testimonium
1510 787 1603 836 (quo
1632 789 1712 826 solo

189 837 257 862 nos
290 827 370 876 regi
405 830 619 879 oportebat)
648 832 820 872 humanis
847 836 969 876 innixi
996 839 1207 880 rationibus
1237 844 1461 895 baptismum
1500 851 1713 900 prophana-

189 889 362 935 verimus,
403 892 621 945 idolumque
648 897 848 936 fecerimus
876 914 920 938 ex
948 910 1194 952 sacramento,
1221 910 1535 957 quemadmodum
1561 914 1618 953 illi
1645 929 1714 966 pu-

185 956 280 992 tant.
319 955 390 992 Sed
420 956 451 993 si
479 962 677 1010 utrumque
705 961 777 999 hoc
805 976 942 1003 tanum
971 979 1051 1004 esse
1076 968 1130 1006 ita
1158 972 1440 1021 ostenderimus,
1467 981 1509 1014 ut
1537 979 1711 1018 omnibus

184 1018 420 1068 perspicuum
456 1023 521 1060 fiat
555 1036 674 1074 neque
709 1024 966 1067 idololatriam
1003 1032 1117 1070 ullam
1155 1035 1464 1088 paedobaptismo
1491 1046 1622 1080 nostro
1649 1044 1710 1082 in-

185 1081 271 1119 duci
306 1088 342 1121 et·
378 1084 417 1122 in
453 1099 495 1123 eo
531 1087 766 1128 observando
795 1105 865 1130 nos
895 1095 999 1145 sequi
1028 1110 1105 1135 non
1133 1100 1308 1149 equidem
1336 1102 1518 1143 humanas
1544 1108 1709 1148 rationes

182 1145 291 1189 ullas,
328 1147 391 1184 sed
419 1148 538 1198 ipsam
565 1152 692 1201 potius
721 1153 792 1192 Dei
819 1156 957 1206 optimi
982 1160 1137 1198 maximi
1167 1162 1377 1203 doctrinam
1404 1172 1439 1205 et
1468 1170 1710 1217 voluntatem,

178 1215 290 1260 atque
325 1225 406 1249 eam
442 1213 594 1265 insuper
631 1218 778 1269 culpam
813 1233 961 1259 omnem
998 1223 1037 1262 in
1075 1226 1254 1276 ipsosmet
1289 1232 1547 1271 retorserimus
1583 1236 1708 1283 etiam,

179 1286 289 1323 quam
325 1276 382 1313 illi
411 1278 519 1316 nobis
546 1279 755 1331 impingere
781 1285 886 1322 miris
915 1288 1035 1326 modis
1064 1298 1260 1338 conantur,
1287 1308 1334 1332 an
1357 1309 1432 1334 non
1454 1311 1491 1335 se
1512 1301 1707 1340 manifeste

178 1335 253 1374 iam
280 1338 493 1390 intelligent
520 1342 557 1380 et
584 1346 676 1382 fines
706 1346 942 1387 Christianae
969 1364 1058 1401 ergo
1086 1367 1156 1392 nos
1186 1356 1376 1397 charitatis
1403 1360 1515 1411 longe
1541 1370 1706 1414 praeter-

177 1414 326 1449 gressos
353 1416 445 1449 esse,
472 1419 546 1456 quo
574 1412 700 1447 tamen
729 1424 797 1448 nos
824 1415 1046 1453 antecellere
1074 1417 1192 1457 videri
1221 1421 1363 1468 volana
1384 1423 1420 1461 et
1439 1429 1705 1478 contempsisse

176 1472 365 1516 praeterea
403 1469 442 1507 in
480 1471 589 1510 nobis
630 1473 839 1514 Ecclesiam
875 1477 958 1523 Dei,
993 1480 1082 1518 dum
1118 1496 1138 1520 a
1176 1490 1304 1523 nostra
1341 1488 1517 1528 societate
1545 1494 1704 1543 separati

175 1543 272 1568 nova
318 1532 390 1570 sibi
427 1536 552 1573 nescio
591 1551 685 1587 quae
721 1540 872 1578 foedera
908 1555 1118 1596 novamque
1153 1547 1360 1588 Ecclesiam
1404 1555 1701 1596 constituendam

176 1599 368 1644 putarunt.
416 1598 552 1636 Fateor
581 1601 838 1641 Christianum
867 1618 944 1644 non
973 1621 1051 1646 esse
1081 1613 1360 1652 communicare
1386 1615 1499 1655 idolis
1526 1619 1573 1656 ad
1600 1621 1702 1659 alen-

174 1658 259 1697 dam
287 1660 574 1702 idololatrarum
603 1667 861 1716 pertinaciam,
888 1674 924 1708 et
952 1673 1070 1710 multo
1099 1675 1223 1714 minus
1252 1678 1505 1719 Christianum
1533 1688 1600 1730 est,
1627 1687 1703 1723 fra-

172 1727 249 1762 tres
287 1726 383 1763 nihil
421 1729 494 1766 tale
531 1733 783 1777 commeritos,
811 1748 858 1772 ne
887 1736 1008 1774 dicam
1036 1738 1129 1776 bene
1156 1742 1323 1788 meritos,
1351 1758 1389 1782 re
1416 1748 1585 1786 nondum
1613 1751 1702 1789 satis

174 1787 341 1827 discussa
380 1791 420 1829 in
455 1793 567 1831 unius
595 1800 660 1833 aut
688 1798 840 1836 alterius
869 1800 1034 1840 doctoris
1060 1806 1234 1852 gratiam,
1261 1807 1496 1849 idololatriae
1524 1814 1701 1852 condem·

174 1867 275 1899 nare,
301 1857 502 1904 mysticum
534 1859 674 1898 Christi
702 1862 857 1901 Domini
887 1878 1033 1916 corpus,
1060 1881 1125 1918 per
1155 1871 1335 1921 Spiritum
1357 1875 1536 1915 Sanctum
1557 1879 1702 1918 insolu-

173 1918 242 1955 bili
269 1921 366 1971 apud
395 1923 476 1972 pios
505 1925 609 1962 verbi
639 1927 758 1965 divini
784 1930 933 1978 glutino
965 1939 1213 1984 compactum,
1240 1940 1446 1988 quamlibet
1475 1943 1524 1980 ob
1553 1957 1701 1984 causam

170 1983 352 2030 scindere,
372 1999 501 2026 omnes
520 2002 608 2039 prae
631 2004 668 2028 se
694 1992 982 2033 Pharisaeorum
1001 2011 1104 2036 more
1125 2007 1360 2041 contemnere
1387 2009 1423 2043 et
1451 2007 1516 2057 qui
1542 2022 1562 2045 a
1590 2011 1701 2049 nobis

168 2047 283 2086 modo
312 2049 537 2090 dissentiant
565 2055 745 2094 continuo
769 2070 837 2108 pro
858 2059 1059 2110 deploratis
1078 2063 1227 2111 habere,
1245 2087 1296 2094 —
1316 2073 1357 2105 ut
1376 2069 1525 2108 interim
1545 2077 1699 2121 taceam,

169 2118 352 2163 quantum
388 2115 486 2153 absit
513 2132 534 2155 a
563 2119 780 2158 Christiana
806 2126 886 2160 tum
913 2125 1098 2164 modestia
1126 2132 1204 2166 tum
1232 2130 1369 2180 pietate
1397 2146 1524 2173 verum
1551 2141 1586 2174 et
1613 2151 1698 2187 ger-

169 2190 321 2216 manum
349 2180 553 2231 scripturae
580 2183 814 2223 intellectum
843 2188 954 2226 nobis
983 2191 1073 2228 solis
1099 2205 1188 2242 prae
1215 2195 1298 2232 aliis
1327 2198 1503 2236 omnibus
1523 2214 1699 2251 arrogare

168 2242 220 2279 ita
249 2244 354 2288 velle,
388 2258 432 2282 ac
468 2246 587 2284 divini
615 2248 767 2299 spiritus
795 2251 915 2290 lucem
945 2255 1060 2293 veluti
1086 2258 1210 2307 palmo
1239 2262 1326 2308 (28)
1354 2263 1516 2312 quodam
1545 2268 1698 2306 conclu-

169 2304 255 2344 dere
283 2314 321 2344 ut
348 2308 452 2346 illam
480 2310 656 2349 omnibus
684 2315 956 2364 propemodum
984 2318 1068 2356 aliis
1096 2321 1317 2362 adimamus,
1346 2323 1532 2376 Equidem
1561 2329 1592 2367 si
1620 2335 1694 2370 tam

169 2375 309 2408 certum
324 2371 655 2425 indubitatumque
682 2382 791 2424 esset,
818 2392 888 2417 nos
916 2380 954 2418 in
977 2383 1118 2421 tuendo
1147 2386 1455 2440 observandoque
1482 2393 1694 2445 paedobap-

165 2433 278 2470 tismo
315 2440 444 2473 nostro
473 2450 598 2476 errare
626 2441 792 2488 omnino,
823 2443 979 2494 aliquod
1007 2450 1131 2486 tamen
1162 2449 1364 2489 discrimen
1393 2453 1606 2494 habendum
1633 2458 1695 2495 in-

166 2497 277 2535 terim
312 2504 392 2537 erat
427 2500 526 2539 inter
562 2503 820 2544 infirmitatem
847 2512 883 2546 et
910 2510 1168 2559 pertinaciam,
1194 2520 1307 2565 atque
1335 2517 1406 2554 hoc
1433 2520 1564 2557 saltem
1592 2523 1693 2572 quod

166 2561 304 2600 Paulus
343 2576 409 2601 suo
438 2566 550 2604 nobis
587 2570 757 2620 exemplo
787 2574 1075 2614 commendavit.
1126 2577 1167 2615 Is
1195 2580 1266 2617 etsi
1294 2580 1485 2621 damnaret·
1510 2584 1584 2622 iam
1611 2591 1690 2624 tum

166 2639 316 2664 omnem
343 2627 641 2669 circumcisionis
671 2646 777 2672 usum
807 2642 1002 2689 certusque
1031 2646 1128 2679 esset
1156 2641 1263 2680 illum
1291 2644 1501 2694 Euangelio
1529 2648 1691 2699 abroga-

165 2695 246 2728 tum
273 2690 383 2741 plane
418 2705 510 2738 esse,
546 2700 691 2734 tantum
728 2699 835 2738 abest
870 2705 996 2740 tamen
1026 2709 1066 2741 ut
1093 2718 1222 2744 omnes
1249 2714 1481 2747 aversaretur
1507 2717 1570 2750 aut
1598 2726 1689 2752 oon-

162 2758 343 2793 temneret
369 2755 471 2793 illius
500 2759 663 2806 nomine,
703 2763 841 2802 nedum
869 2769 911 2804 ut
938 2780 1006 2817 pro
1035 2769 1236 2820 deploratis
1265 2772 1447 2819 habuerit,
1477 2782 1515 2813 ut
1534 2776 1690 2827 ipsemet

164 2822 319 2857 testetur
359 2832 397 2858 se
426 2821 585 2860 voluisse
612 2824 763 2864 Iudaeis
791 2828 975 2868 Iudaeum
1002 2845 1094 2879 esse,
1121 2834 1282 2873 infirmis
1308 2836 1509 2886 infirmum,
1538 2841 1569 2878 si
1597 2856 1688 2893 quo·
