1818 3178
566 98 783 127 RESPONSIO
813 99 908 127 Anv.
940 99 1107 127 Hosruri.
1532 89 1605 125 423

73 202 172 254 apud
212 202 317 247 alios,
351 204 387 238 et
421 200 460 237 in
497 199 666 237 Ecclesia
703 204 739 238 ct
775 204 878 238 extra
908 200 1129 245 Ecclesiam,
1167 198 1279 237 index
1316 197 1539 249 conspicuus
1567 201 1603 235 et

73 268 195 306 testis.
257 267 362 304 Haec
389 278 458 303 nos
484 265 548 310 ita,
575 265 739 316 inquam,
767 265 813 303 de
840 266 1041 302 dilectione
1068 268 1197 302 mutua
1224 263 1322 301 inter
1350 276 1419 301 nos
1447 262 1507 300 hic
1534 262 1603 300 do-

79 345 215 371 cemus.
271 330 343 368 Sed
381 333 424 367 ut
461 329 641 367 donemus
680 329 816 374 Hosio,
853 342 1001 367 omnem
1030 328 1134 366 verbi
1162 327 1292 365 Divini
1320 327 1528 365 doctrinam
1557 340 1601 364 ex

76 394 188 432 unico
212 393 284 430 hoc
303 391 416 429 verbo
448 408 466 425 u
480 391 594 440 dilige
607 391 628 408 ”
655 391 927 429 aestimandam
947 403 1039 435 esse,
1065 403 1112 427 an
1143 403 1219 428 non
1249 389 1320 426 hoc
1348 389 1458 427 unico
1487 389 1602 426 verbo

74 458 186 497 etiam
221 456 548 508 comprehenditur
574 469 616 494 ea
654 456 816 502 dilectio,
854 469 927 506 qua
955 455 1161 493 Dominum
1190 454 1311 492 Deum.
1338 458 1507 492 nostrum
1535 465 1602 504 pro

77 527 136 562 tot
171 521 363 572 tantisque
391 521 502 560 donis
530 535 572 559 ac
601 521 791 559 beneficiis
819 520 936 571 ipsius
961 520 1001 557 in
1039 524 1120 557 toto
1158 519 1279 566 corde,
1307 518 1348 556 in
1373 523 1453 556 tota
1480 519 1604 556 anima

73 600 116 626 ac
153 591 276 625 mente
312 590 441 625 nostra
478 586 632 636 diligere
665 586 863 623 iubemur?
919 584 959 621 Si
990 597 1067 622 non
1105 583 1445 635 comprehenditur,
1478 596 1603 634 repre-

75 653 215 691 hendat
254 653 314 690 hic
350 653 537 690 Christum
576 651 780 689 Dominum
809 664 851 688 ac
880 650 1014 688 Mosen
1042 649 1198 696 Hosius,
1227 649 1327 700 quod
1355 649 1519 699 proximi
1545 648 1602 684 di-

74 718 229 757 lectioni
265 718 335 756 Dei
372 717 610 756 dilectionem
646 720 890 767 anteponant.
945 715 985 752 Si
1012 728 1100 752 vero
1140 714 1481 765 comprehenditur,
1517 715 1603 761 (82)

77 797 126 821 an
161 796 239 821 non
273 795 422 820 rursum
449 795 495 820 ex
523 781 594 819 Dei
627 780 828 818 dilectione
856 779 981 831 potius
1016 779 1180 831 proximi
1208 779 1458 823 dilectionem,
1494 791 1604 829 quam

77 847 149 885 Dei
176 846 412 885 dilectionem
441 859 459 883 e
485 845 650 897 proximi
678 844 877 882 dilectione
904 843 1198 890 aestimabimus,
1233 847 1273 881 ut
1310 856 1394 887 nos,
1420 855 1497 880 non
1528 846 1604 879 tam

76 912 249 964 equidem
293 912 413 950 Deum
457 915 608 962 propter
643 910 869 961 proximum,
902 922 1013 959 quam
1049 908 1263 959 proximum
1298 911 1450 959 propter
1486 907 1607 945 Deum

77 977 202 1028 potius
240 976 483 1026 diligendum,
518 988 587 1013 nec
621 975 719 1012 tanti
755 974 866 1012 nobis
900 973 1074 1024 proximi,
1113 973 1254 1024 quanti*
1270 971 1340 1009 Dei
1367 971 1604 1009 dilectionem

77 1041 288 1080 faciendam
330 1054 408 1079 6336
442 1040 723 1089 intelligamus?
777 1038 854 1075 Hic
900 1038 932 1075 si
966 1038 1144 1074 reclamat
1181 1036 1339 1082 Hosius,
1373 1049 1438 1086 per
1473 1047 1542 1073 nos
1569 1034 1607 1072 id

78 1106 135 1143 illi
170 1105 311 1151 licebit,
348 1118 432 1142 cum
461 1104 563 1142 aliud
590 1117 668 1141 non
706 1102 906 1154 possimus,
939 1104 982 1139 ut
1010 1114 1114 1138 suam
1142 1100 1221 1151 ipse
1249 1099 1436 1137 insaniam
1463 1098 1612 1149 prodat.

81 1171 148 1209 Sin
184 1171 321 1216 minus,
355 1173 438 1208 tum
466 1182 555 1207 sane
582 1180 718 1217 negare
745 1180 822 1205 non
850 1168 986 1217 potest,
1014 1165 1194 1202 hactenus
1223 1163 1335 1201 nobis
1362 1162 1526 1214 proximi
1554 1162 1611 1200 di-

78 1235 276 1274 lectionem
303 1232 576 1272 observandam
603 1245 698 1277 esse,
724 1234 910 1282 quatenus
937 1230 975 1267 id
1003 1229 1114 1266 nobis
1144 1227 1303 1265 Divinae
1323 1227 1464 1276 gloriae
1487 1226 1612 1272 digni—

79 1304 136 1338 tas
163 1313 207 1338 ac
235 1299 384 1337 dilectio
413 1297 483 1335 Dei
509 1295 703 1348 permittit,
739 1298 792 1340 ut,
821 1294 852 1332 si
878 1293 1042 1345 proximi
1081 1291 1232 1330 dilectio
1271 1290 1414 1341 aliquid
1443 1290 1482 1328 in
1510 1290 1613 1328 frau-

79 1366 163 1404 dem
193 1364 406 1403 dilectionis
433 1363 504 1401 Dei
531 1362 719 1413 postulare
743 1358 1008 1411 quoquomodo
1039 1357 1220 1402 videatur,
1246 1356 1368 1405 magis
1397 1356 1516 1393 multo
1544 1368 1614 1392 nos

79 1430 126 1468 ad
163 1429 234 1467 Dei
264 1428 426 1478 gloriam
462 1440 505 1465 ac
543 1426 767 1476 dignitatem
802 1423 968 1462 nominis
995 1422 1125 1461 Divini
1152 1421 1399 1467 retinendam,
1427 1432 1540 1471 quam
1567 1419 1613 1456 ad

79 1494 243 1546 proximi
270 1492 510 1531 commodum
547 1495 659 1542 atque
697 1489 919 1540 obsequium
947 1491 1109 1525 attentos
1137 1498 1216 1523 esse
1243 1488 1425 1536 oporteat.
1481 1483 1616 1522 Quod-

81 1561 113 1599 si
140 1559 284 1598 Hosius
312 1572 389 1596 non
417 1571 497 1596 esse
524 1569 649 1594 veram
678 1554 916 1592 dilectionem
942 1555 1062 1604 putat,
1100 1563 1194 1601 quae
1222 1549 1293 1588 Dei
1319 1549 1461 1599 gloriae
1490 1549 1615 1598 digni-

80 1625 151 1664 tati
186 1637 229 1663 ac
265 1622 458 1662 dilectioni
494 1634 570 1660 non
605 1620 716 1671 plane
744 1619 848 1656 omni
875 1631 919 1656 ex
959 1621 1065 1668 parte
1091 1617 1177 1664 (83)
1214 1614 1449 1665 respondeat,
1487 1626 1615 1651 assen-

84 1688 197 1726 timur
233 1687 354 1725 multo
391 1685 654 1730 libentissime,
681 1683 746 1734 qui
773 1683 848 1720 iam
877 1682 967 1719 olim
994 1679 1211 1718 istiusmodi
1238 1678 1538 1716 consociationes
1577 1677 1615 1714 in

83 1753 187 1791 nulla
232 1752 372 1802 alioqui
407 1755 512 1803 parte
548 1762 655 1787 verae
693 1747 905 1786 dilectionis
952 1745 1140 1797 ponimus,
1189 1744 1252 1782 sed
1307 1757 1373 1795 pro
1422 1743 1615 1781 coniurata

85 1817 262 1856 adversus
309 1816 501 1855 Christum
539 1815 744 1852 Dominum
780 1814 902 1850 furum
940 1824 983 1848 ac
1018 1811 1208 1858 latronum
1243 1808 1522 1859 conspiratione
1556 1808 1616 1845 in-

85 1882 256 1920 dubitato
306 1881 499 1919 habemus.
554 1880 632 1917 Hic
674 1879 747 1916 iam
793 1878 910 1927 igitur
954 1877 1128 1913 ostendat
1165 1874 1321 1920 Hosius,
1361 1872 1461 1924 quod
1497 1873 1617 1923 plenis

85 1947 214 1985 buccis
250 1947 376 1989 iactat,
410 1957 552 1996 nempe,
589 1957 610 1981 a
647 1956 685 1981 36
721 1946 757 1980 et
792 1943 869 1980 suis
904 1953 1029 1978 veram
1065 1938 1256 1977 observari
1302 1937 1540 1975 dilectionem
1574 1949 1617 1974 ac

83 2011 242 2063 proinde
277 2009 374 2061 apud
413 2023 451 2047 se
479 2021 628 2059 quoqne
655 2012 690 2045 et
718 2019 816 2052 suos,
844 2018 993 2043 omnem
1021 2003 1126 2042 verbi
1152 2002 1286 2040 Divini
1314 2002 1525 2039 doctrinam
1553 2014 1617 2038 ve—

85 2090 165 2115 ram
201 2076 398 2128 ipsumque
435 2074 527 2112 adeo
566 2085 780 2124 expressum
818 2070 889 2108 Dei
925 2070 1080 2108 verbum
1115 2067 1316 2119 petendum
1345 2070 1456 2117 atque
1484 2079 1617 2117 expec-

86 2142 247 2181 tandum
274 2154 364 2187 esse,
390 2162 441 2170 —
469 2142 600 2177 contra
629 2150 729 2183 ver0,
755 2149 825 2175 nos
861 2136 907 2173 ab
936 2149 978 2173 ea
1007 2147 1093 2172 vera
1121 2133 1322 2171 dilectione
1349 2132 1478 2169 abesse
1505 2145 1616 2182 quam

87 2206 308 2256 longissime
344 2217 386 2243 ac
413 2203 572 2256 proinde
599 2215 668 2240 nos
697 2201 842 2240 nullum
871 2200 941 2238 Dei
969 2199 1123 2237 verbum
1152 2211 1235 2235 vere
1262 2197 1409 2234 habere.
1448 2198 1500 2234 At
1529 2209 1615 2234 vero

89 2272 226 2316 Hosio.
262 2284 330 2323 pro
367 2268 586 2321 Episcopali
623 2267 766 2306 scilicet
802 2279 867 2304 sua
904 2264 1100 2314 dignitate,
1128 2262 1218 2300 satis
1246 2265 1302 2299 est
1337 2260 1618 2312 pronunciasse,

89 2338 167 2376 sive
205 2349 305 2381 vera,
333 2335 411 2373 sive
439 2334 533 2372 falsa
560 2331 798 2384 pronunciet,
834 2343 928 2381 quae
954 2327 1172 2380 praesertim
1200 2326 1245 2364 de
1272 2323 1310 2364 se
1340 2325 1491 2376 suisque
1517 2338 1617 2362 asse-

89 2405 204 2440 verat.
257 2400 443 2438 Nostrum
473 2399 542 2436 erit
568 2397 686 2447 igitur
714 2395 923 2438 ostendere,
950 2405 1070 2443 neque
1098 2395 1248 2429 nostros
1275 2403 1296 2428 a
1324 2403 1409 2428 vera
1436 2402 1479 2427 ac
1508 2389 1618 2427 Chri-

89 2467 211 2506 stiana
246 2465 446 2503 dilectione
481 2464 534 2501 ita
570 2475 650 2501 esse
687 2461 841 2505 alienos,
877 2463 919 2497 ut
957 2458 1101 2496 Hosius
1129 2456 1248 2506 fingit,
1286 2455 1433 2493 etiamsi
1459 2467 1527 2492 nos
1556 2454 1617 2492 hic

90 2531 261 2570 homines
289 2543 368 2569 esse
396 2530 589 2574 fateamur,
626 2530 661 2565 et
696 2525 794 2577 apud
822 2524 986 2563 Hosium
1025 2535 1068 2560 ac
1106 2523 1301 2570 su-(84)os
1338 2533 1385 2558 nc
1420 2519 1615 2568 vestigium

91 2596 241 2647 quidem
285 2599 406 2633 rectae
448 2607 556 2632 verae
600 2605 644 2630 ac
690 2591 927 2630 Christianae
966 2587 1189 2633 dilectionis,
1227 2599 1270 2624 ac
1313 2585 1471 2636 proinde
1513 2585 1619 2622 iuxta

90 2661 286 2712 ipsiusmet
314 2659 427 2697 Hosii
454 2656 794 2699 ratiocinationem,
821 2668 895 2693 non
926 2667 1004 2691 esse
1031 2652 1129 2704 apud
1156 2652 1279 2703 ipsum
1308 2654 1344 2688 et
1372 2663 1458 2688 suos
1491 2662 1620 2687 omnes

91 2723 214 2761 locum
254 2723 374 2760 ullum
411 2733 497 2759 vero
535 2724 644 2771 atque
682 2730 854 2769 expresso
884 2716 998 2754 verbo
1026 2715 1108 2761 Dei,
1136 2713 1282 2752 etiamsi
1308 2712 1399 2763 quid
1427 2711 1529 2749 bleso
1558 2724 1621 2749 ore

92 2800 159 2825 suo
200 2801 220 2826 6
264 2786 457 2838 scripturis
494 2784 694 2830 balbutiat,
734 2782 797 2821 sed
833 2780 959 2833 potius
996 2792 1075 2818 esse
1111 2791 1167 2826 os,
1199 2790 1330 2816 vocem
1375 2788 1418 2813 ac
1463 2775 1617 2814 verbum

93 2851 257 2898 Diaboli,
303 2851 403 2903 quod
439 2863 503 2901 per
541 2850 663 2900 ipsum
702 2854 738 2884 et
774 2859 861 2884 suos
899 2858 1027 2883 omnes
1063 2857 1107 2882 cx
1146 2843 1302 2882 detortis
1339 2840 1621 2891 depravatisque

1398 2903 1471 2942 28*
