1818 3178
694 143 752 172 ΕΡ.
782 144 926 173 nocru.
1505 139 1578 174 499

49 264 142 302 quae
170 264 288 302 neque
317 251 410 297 vult,
438 263 557 301 neque
583 251 732 302 probat.
771 252 835 290 Sic
862 253 1002 293 Paulus
1030 253 1141 293 docet
1168 267 1207 292 se
1234 267 1344 303 agere
1371 254 1473 305 quod
1500 267 1578 292 non

50 315 129 353 vult
165 315 305 353 malum
333 318 369 352 et
396 327 478 352 eam
506 316 661 366 peccati⁴
681 316 901 355 servitutem
928 318 1049 368 legem
1076 319 1333 357 membrorum
1361 332 1426 357 seu
1453 319 1578 357 carnis

48 379 222 430 appellat.
284 377 357 415 Sed
396 377 547 416 interim
591 380 739 418 etiamsi
775 394 817 418 ea
844 382 1100 421 membrorum
1136 383 1217 432 lege
1254 395 1318 421 seu
1355 396 1467 421 carne
1502 382 1579 434 legi

50 456 89 481 se
125 443 269 493 pcccati
306 443 444 480 servire
481 443 633 488 fatetur,
668 444 810 483 remitti
837 446 910 484 hoc
936 446 1011 485 sibi
1038 447 1288 486 nibilominus
1316 449 1426 486 docet
1452 453 1578 487 tamen

48 511 202 558 propter
239 507 448 553 Christum,
483 507 597 545 modo
635 512 677 546 ut
713 514 836 547 mente
872 510 953 548 Deo
981 511 1120 549 serviat
1147 511 1295 564 legique
1321 512 1578 550 membrorum

47 575 248 622 repugnet.
300 570 351 610 Et
386 572 548 622 proinde
585 573 730 611 veniale
767 579 960 626 peccatum
997 576 1068 613 erit
1101 576 1203 627 quod
1241 589 1347 614 serva
1383 576 1580 615 voluntate

49 640 179 673 nostra
218 635 287 682 vel,
327 641 367 673 ut
403 635 543 674 Paulus
579 638 644 684 ait,
672 638 754 688 lege
782 639 1039 678 membrorum
1065 645 1135 679 nos
1162 640 1237 679 huc
1263 640 1491 692 impellente,
1517 641 1582 679 sed

49 703 174 738 mente
193 699 440 738 nihilominus
460 701 687 739 reclamante
703 705 909 754 patramus,
937 714 1012 755 qua
1029 703 1218 755 equidem,
1234 708 1437 756 utcumque
1454 708 1579 743 trans-

51 776 158 802 verse
191 763 353 813 agimur,
387 765 616 803 assentimur
651 769 776 805 tamen
805 766 899 813 Deo,
926 778 1010 806 eum
1037 780 1119 806 esse
1147 768 1302 815 bonum,
1327 769 1448 818 legem
1475 768 1578 806 illius

49 831 232 872 sanctam,
267 827 431 865 breviter
467 832 592 866 mente
631 830 814 868 servimus
851 829 922 869 Dei
958 830 1154 883 legemque
1187 832 1292 870 illam
1320 831 1579 871 membrorum

50 900 133 926 cum
162 889 340 927 omnibus
367 890 448 927 eius
474 890 664 929 fructibus
693 904 777 930 cum
805 891 906 930 intra
934 906 1004 932 nos
1031 893 1136 944 ipsos
1155 894 1410 932 conscientiae
1430 897 1582 932 nostrae

47 953 279 999 testimonio,
315 958 395 992 tum
426 967 514 992 vero
542 955 643 1006 apud
670 955 792 994 Deum
819 957 932 995 etiam
960 962 1144 1009 perpetuo
1171 970 1405 1004 accusamus,
1431 971 1581 996 eorum-

47 1031 118 1068 que
155 1022 294 1056 certam
325 1017 643 1056 condonationem
680 1032 744 1070 per
774 1019 844 1058 Dei
872 1020 1171 1059 misericordiam
1199 1022 1240 1060 in
1268 1022 1420 1060 Christo
1450 1026 1486 1060 et
1513 1035 1579 1073 pe-

47 1082 161 1120 timus
188 1086 225 1120 et
251 1086 526 1132 exspectamus.
581 1082 727 1121 Deinde
754 1083 794 1121 in
823 1083 895 1122 hoc
921 1097 1071 1136 quoque
1098 1085 1220 1124 differt
1247 1099 1267 1123 a
1295 1090 1449 1136 peccato
1478 1099 1581 1124 mor·

49 1146 117 1183 tali
153 1146 230 1184 sive
259 1146 473 1184 voluntario
501 1147 628 1197 potius
655 1147 814 1192 veniale,
850 1149 954 1199 quod
983 1149 1054 1186 hoc
1081 1162 1103 1186 a
1130 1150 1312 1188 servitute
1338 1150 1482 1200 peccati
1511 1163 1581 1188 no-

51 1211 110 1248 bis
145 1210 284 1249 adnata
313 1224 376 1253 seu
403 1211 658 1250 membrorum
685 1213 768 1262 lege
795 1212 984 1259 demanat,
1012 1213 1107 1251 illud
1135 1227 1222 1252 vero
1250 1214 1422 1252 nascitur
1448 1228 1495 1252 ex
1522 1216 1582 1253 ni-

50 1275 126 1313 mia
169 1275 409 1324 indulgentia
453 1276 658 1314 venialium
694 1281 946 1327 peccatorum,
981 1291 1095 1329 quam
1133 1278 1314 1317 Salomon
1354 1280 1580 1329 profundum

49 1344 290 1387 peccatorum
318 1340 494 1391 appellat.
530 1340 691 1391 Impius,
716 1341 855 1392 inquit,
885 1354 968 1380 cum
994 1342 1036 1381 in
1063 1343 1296 1394 profundum
1325 1344 1470 1382 venerit
1495 1357 1583 1395 pec-

49 1409 219 1442 catorum
263 1404 487 1443 contemnit.
541 1404 592 1442 Et
635 1405 955 1456 quemadmodum
991 1407 1042 1444 ob
1077 1407 1254 1446 adnatam
1291 1408 1403 1446 nobis
1438 1409 1584 1460 peccati

48 1468 268 1506 servitutem
305 1482 384 1507 non
411 1482 612 1520 possumus
639 1483 718 1508 non
744 1484 910 1522 peceare,
938 1471 991 1509 ita
1018 1483 1168 1511 rursum
1197 1473 1229 1511 si
1256 1473 1467 1512 venialibus
1495 1487 1582 1526 pec-

48 1534 142 1571 catis
178 1534 321 1572 nostris
357 1533 516 1572 nimium
551 1534 829 1585 indulgeamus,
866 1537 977 1575 facile
1011 1537 1124 1575 etiam
1151 1538 1192 1576 in
1220 1539 1380 1577 mortale
1405 1539 1581 1591 prolabe-

48 1610 145 1636 mur.
199 1598 332 1636 Quare
368 1598 491 1636 danda
528 1603 584 1637 est
618 1612 730 1651 opera
765 1600 878 1638 nobis
915 1601 1086 1647 omnino,
1121 1607 1161 1641 ut
1187 1607 1313 1641 mente
1341 1609 1470 1642 nostra
1498 1604 1578 1642 Deo

46 1662 185 1711 iugiter
228 1662 435 1701 serviamus
479 1663 743 1715 Sathanaeque
778 1668 942 1715 tyranno
976 1671 1108 1704 nostro
1144 1667 1218 1705 fide
1253 1667 1402 1706 robusti
1452 1669 1577 1706 modis

49 1725 229 1763 omnibus
266 1724 498 1770 resistamus,
532 1739 580 1764 ne
607 1726 673 1778 qui
707 1740 777 1765 nos
803 1728 878 1765 iam
906 1728 975 1766 sub
1004 1729 1161 1767 venialis
1187 1730 1331 1781 peccati
1359 1731 1577 1770 servitutem

44 1794 128 1828 astu
165 1802 233 1827 suo
270 1789 311 1828 in
343 1790 430 1828 Ada
464 1794 620 1841 parente
657 1796 790 1830 nostro
823 1793 1019 1843 pertraxit,
1053 1794 1153 1833 idem
1189 1795 1303 1834 etiam
1329 1809 1396 1848 per
1422 1797 1577 1836 nimiam

48 1854 250 1893 venialium
276 1854 554 1904 indulgentiam
584 1855 652 1894 sub
682 1858 854 1896 mortalis
882 1858 1032 1897 demum
1060 1872 1213 1912 quoque
1239 1861 1386 1911 peccati
1414 1862 1577 1900 servitu-

45 1924 121 1957 tem
149 1917 284 1956 callide
309 1919 508 1970 propellat,
535 1924 648 1971 atque
676 1921 714 1959 in
744 1921 857 1960 nobis
885 1922 1060 1975 deinceps
1087 1924 1127 1962 in
1146 1928 1339 1963 aeternum
1357 1925 1578 1978 triumphet.

47 1982 137 2020 Huc
171 1982 363 2034 pertinent
397 1983 570 2030 ieiuniae‚
596 1985 844 2024 eleemosinae
871 1991 908 2024 et
935 1987 1110 2026 assiduae
1135 1989 1370 2039 precationes
1397 1994 1477 2028 tum
1506 2004 1576 2042 pu-

48 2046 166 2085 blicae
191 2050 273 2086 tum
298 2047 478 2099 privatae.
521 2048 611 2087 Huc
637 2053 674 2088 et
701 2063 858 2089 censura
886 2051 1166 2098 Ecclesiastica,
1192 2053 1233 2091 in
1260 2054 1333 2092 hoc
1348 2067 1437 2093 sane
1454 2057 1575 2106 potis-

46 2112 184 2150 simum
226 2112 414 2158 instituta,
447 2117 490 2152 ut
526 2114 593 2165 qui
629 2114 702 2152 sibi
736 2115 1023 2171 plusculum‘in
1062 2117 1170 2156 viciis
1205 2118 1419 2169 indulgent,
1454 2134 1575 2172 neque

45 2176 190 2228 privata
220 2176 480 2216 admonitione
505 2179 648 2217 moveri
675 2179 862 2226 videntur,
888 2181 1039 2232 publica
1067 2183 1198 2221 saltem
1226 2183 1418 2222 Ecclesiae
1437 2186 1573 2223 autho-

45 2241 156 2280 ritate
193 2242 357 2293 correpti
392 2256 413 2280 a
448 2247 603 2294 peccato
640 2245 869 2292 voluntario,
903 2247 1028 2297 quoad
1062 2247 1142 2285 eius
1169 2248 1251 2286 fieri
1277 2253 1415 2300 potest,
1441 2249 1573 2289 coher-

46 2310 215 2344 ceantur.
269 2305 353 2344 Iam
390 2306 493 2358 quod
529 2307 579 2345 ad
606 2307 783 2358 imaginis
811 2314 963 2348 nostrae
988 2311 1176 2350 rationem
1202 2313 1350 2358 attinet,
1376 2313 1463 2352 huic
1488 2328 1576 2366 pec—

45 2373 132 2407 cato
159 2369 298 2408 veniali
324 2370 484 2409 velimus
512 2372 678 2411 nolimus
706 2374 869 2413 subiecti
897 2387 1040 2415 sumus.
1094 2375 1175 2416 Qui
1202 2377 1293 2416 dicit
1319 2392 1359 2417 se
1385 2390 1462 2418 non
1488 2394 1576 2432 pec·

45 2445 142 2478 care,
177 2434 211 2472 is
243 2437 376 2473 autore
411 2435 559 2475 Ioanne
585 2438 680 2476 facit
706 2439 925 2478 mendacem
952 2440 1073 2480 Deum
1101 2442 1239 2494 ipsum,
1266 2448 1302 2481 et
1330 2444 1423 2483 adeo
1451 2457 1575 2486 carere

44 2501 199 2549 peccato
242 2512 321 2537 non
348 2511 561 2551 possumus,
588 2505 628 2540 ut
654 2506 735 2541 tota
762 2503 840 2542 vita
867 2510 999 2543 nostra
1026 2506 1123 2544 nihil
1146 2507 1250 2546 aliud
1277 2520 1433 2558 agamus
1459 2522 1573 2562 quam

43 2575 251 2614 peccemus,
275 2564 516 2617 iustitiaeque
541 2571 695 2605 nostrae
721 2580 852 2607 omnes
878 2570 1068 2620 quaelibet
1095 2572 1284 2622 speciosae
1309 2574 1480 2625 puriores
1496 2588 1573 2615 non

41 2632 148 2675 sunt,
181 2629 285 2680 quod
320 2629 366 2668 ad
396 2643 466 2668 nos
502 2632 655 2682 quidem
681 2633 829 2680 attinet,
854 2634 894 2672 in
923 2634 994 2673 Dei
1020 2636 1176 2682 iudicio,
1202 2651 1315 2688 quam
1342 2643 1399 2678 est
1425 2652 1572 2691 pannus

40 2692 210 2732 mulieris
235 2698 429 2733 menstruo
457 2696 643 2747 profluvio
672 2697 872 2745 obnoxiae,
900 2700 1217 2751 quemadmodum
1245 2704 1429 2755 propheta
1455 2709 1570 2744 testa-

42 2759 119 2795 tur.
170 2757 245 2796 Sed
282 2758 488 2811 deputatur
513 2760 668 2799 interim
695 2762 879 2811 sanguine
905 2763 1138 2803 immaculati
1165 2767 1254 2816 agni
1281 2768 1402 2806 nostri
1431 2769 1573 2807 Christi

44 2819 147 2867 Iesu,
185 2822 302 2861 occisi
336 2827 539 2875 antequam
566 2825 732 2864 mundus
758 2827 877 2870 fieret,
904 2827 1009 2867 iuxta
1036 2830 1314 2880 providentiam
1342 2832 1465 2870 Patris
1493 2833 1576 2878 Dei,

43 2887 109 2936 qui
136 2885 175 2924 in
203 2887 380 2926 omnibus
407 2889 485 2926 suis
511 2889 829 2939 promissionibus
849 2891 915 2929 filii
938 2893 994 2930 sui
1014 2894 1200 2943 unigeniti
1221 2895 1382 2934 bostiam
1402 2910 1422 2933 a
1442 2897 1575 2935 mundi

1352 2961 1425 2997 33*
