1818 3178
487 130 538 158 na
567 130 850 158 SAGRAMENTIS
880 128 1095 159 EchEslAn
1123 130 1301 159 emus'rx.
1584 122 1657 162 207

132 233 198 270 Sin
225 233 369 279 minus,
395 236 476 270 tum
503 232 652 270 demum
681 247 765 272 vero
796 234 865 272 hac
893 234 1028 272 reiecta
1055 234 1210 272 alteram
1238 234 1349 272 etiam
1373 246 1451 271 non
1478 233 1662 283 gravatim

132 298 412 349 amplectamur.
1570 345 1577 349 -

183 362 264 399 Iam
292 374 377 398 vero
405 361 642 411 perspicuum
670 368 736 407 est,
764 363 844 400 tieri
873 375 947 400 non
975 376 1096 413 posse,
1123 368 1163 400 ut
1188 364 1228 401 in
1256 363 1338 400 aliis
1365 362 1529 401 eiusdem
1548 376 1662 412 gene-

131 427 182 463 ris
212 427 461 463 Sncramcntis
490 430 675 464 statuatur
702 427 912 465 substantia
930 427 1010 478 ipsa
1031 429 1197 478 corporis
1225 433 1288 466 aut
1308 427 1501 477 sang-uinis
1523 427 1664 466 Christi

133 490 326 532 naturalis.
355 494 393 527 ut
421 491 584 528 ministri
611 491 785 529 manibus
812 504 877 541 per
906 492 1138 529 Sacramcnti
1163 493 1346 530 elementa
1375 492 1551 529 distribui
1575 504 1660 542 pos-

132 555 192 598 sit,
220 567 304 591 cum
332 554 474 609 alioqui
500 568 618 592 unum
646 556 694 592 sit
722 560 833 607 atque
859 555 956 592 idem
983 556 1149 592 omnimn
1177 558 1502 593 Sacramentorum
1522 560 1662 606 myste-

128 619 238 660 rium,
277 631 406 668 nempe
445 632 526 655 vera
562 632 605 656 ac
643 619 816 656 salutaris
846 620 1058 656 communio
1097 633 1177 657 cum
1210 621 1358 657 Christo
1388 620 1564 663 Domino,
1599 626 1663 658 aut

131 691 285 719 venturo
313 683 448 725 adbuc,
475 688 538 720 aut
566 683 640 720 iam
666 683 849 728 exhibito,
876 683 916 720 in
936 696 1089 733 corpore
1114 689 1150 721 ct
1171 685 1353 733 sanguine
1372 685 1502 735 ipsius,
1529 698 1662 734 quem-

130 747 332 784 admodum
367 747 406 784 id
440 747 479 784 in
509 747 762 797 superioribus
789 747 939 784 abunde
967 760 1036 784 uos
1065 748 1156 785 satis
1185 749 1447 799 comprobasse
1473 740 1662 799 putamus.

131 811 180 848 Et
211 812 439 849 ostendimus
466 812 590 857 etiam,
618 812 654 848 in
684 812 767 848 aliis
798 813 1047 849 Sam-amentis
1077 812 1186 850 huius
1214 814 1361 860 generis
1393 814 1568 851 omnibus
1590 815 1661 852 sub

130 877 296 927 corporis
324 881 360 914 et
378 877 582 924 'sanguinis
611 877 694 923 (fol.
725 876 838 923 11012)
868 876 1010 914 Christi
1037 877 1188 915 nomine
1215 878 1275 915 ius
1305 883 1472 916 nostrum
1502 879 1660 917 societa-

127 942 176 979 tis
205 955 249 979 nc
275 942 548 979 communionis
577 946 726 978 nostrae
754 953 837 978 cum
867 941 1016 978 Christo
1046 941 1235 990 designari
1262 943 1301 980 in
1330 956 1483 994 corpore
1509 948 1545 982 et
1574 957 1661 982 san-

128 1006 243 1053 guine
278 1006 405 1055 ipsius,
441 1005 604 1053 gratuito
645 1004 755 1041 nobis
792 1004 866 1041 iam
904 1005 993 1042 olim
1022 1006 1163 1044 delatae
1191 1020 1255 1057 per
1283 1007 1575 1045 inisericordiam
1603 1010 1661 1059 ip-

132 1071 220 1109 sius.
252 1070 366 1108 Quod
394 1069 563 1120 equidem
595 1070 651 1106 ius
680 1076 850 1106 nostrum
879 1076 1080 1120 nostraque
1109 1071 1199 1108 haec
1226 1072 1384 1110 societas
1405 1086 1488 1110 cum
1508 1074 1658 1111 Christo

131 1147 174 1171 ac
209 1135 419 1171 communio
460 1133 586 1170 baberi
620 1134 870 1183 proculdubio
907 1135 1134 1185 retinerique
1159 1140 1282 1185 potest
1310 1149 1393 1174 vere
1420 1137 1467 1174 ad
1504 1138 1660 1174 salutem

130 1207 297 1237 nostram
325 1199 489 1236 omnium
518 1211 583 1248 per
609 1197 734 1243 tidem,
771 1198 823 1235 sic
850 1204 892 1236 ut
920 1199 983 1236 illa
1013 1212 1095 1237 vere
1121 1201 1304 1245 fruamur,
1330 1201 1476 1238 etiamsi
1499 1201 1543 1238 de
1571 1203 1661 1239 reali

130 1264 359 1302 substantiae
394 1264 560 1314 corporis
589 1268 652 1300 aut
681 1263 877 1311 sanguinis
905 1263 1023 1314 ipsius
1052 1265 1233 1302 naturalis
1260 1266 1480 1315 praesentia,
1506 1270 1570 1303 aut
1597 1280 1660 1317 per

128 1342 260 1366 manus
299 1328 462 1365 ministri
496 1327 537 1367 iu
574 1328 766 1365 elementis
804 1328 1083 1375 distributione,
1119 1329 1215 1366 nihil
1252 1331 1406 1367 omnino
1443 1331 1662 1380 cogitemus,

127 1392 442 1443 quemadmodum
476 1392 514 1429 id
544 1392 918 1430 commonstravimus
946 1393 985 1430 in
1014 1395 1341 1432 Sacramentorum
1369 1395 1502 1432 veteris
1529 1395 1661 1433 Eccle-

129 1459 204 1495 siae
231 1458 491 1508 explicatione.

178 1523 329 1560 Praeter
365 1525 536 1559 naturam
571 1522 686 1569 igitur
723 1522 1060 1567 sacramentorum,
1094 1523 1288 1573 scripturis
1323 1523 1433 1560 nobis
1460 1524 1660 1574 proditam,

128 1587 282 1633 faciunt,
308 1587 373 1636 qui
398 1586 438 1623 in
468 1598 604 1623 coenae
632 1586 769 1631 verbis,
797 1586 843 1623 ad
872 1587 1106 1624 Sacramenti
1131 1587 1410 1625 institutionem
1437 1588 1658 1638 pertinenti-

129 1651 210 1692 bus,
247 1653 316 1688 sub
354 1651 519 1701 corporis
557 1651 709 1688 nomine
744 1650 865 1701 ipsam
901 1652 1081 1689 naturalis
1120 1653 1286 1702 corporis
1315 1652 1455 1689 Christi
1483 1653 1658 1691 substan-

128 1715 218 1752 tiam
248 1715 406 1763 intelligi
435 1715 578 1758 volunt,
607 1727 691 1752 cum
717 1715 758 1752 in
785 1715 869 1752 aliis
898 1716 1148 1753 §aeramentis
1178 1716 1356 1754 constitui
1379 1729 1456 1754 non
1475 1717 1606 1767 possit,
1623 1723 1660 1755 et

128 1793 242 1818 uuum
280 1779 328 1817 sit
355 1783 466 1830 atque
495 1779 594 1817 idem
620 1780 840 1828 mysterium
869 1781 1038 1818 omnium
1068 1781 1406 1819 Sacramentorum.
1461 1782 1543 1820 Nos
1572 1795 1657 1819 vero

126 1844 229 1881 iuxta
266 1848 438 1881 naturam
474 1844 643 1881 omnium
679 1843 850 1887 facimus,
878 1844 967 1882 dum
995 1845 1064 1882 sub
1094 1845 1261 1895 corporis
1289 1846 1440 1883 nomine
1466 1846 1505 1884 in
1535 1847 1657 1884 verbis

128 1922 262 1946 coenae
288 1909 546 1957 intelligimus,
576 1923 651 1946 nou
679 1909 796 1959 ipsam
825 1910 973 1960 quidem
1003 1911 1168 1961 corporis
1197 1911 1377 1948 naturalis
1398 1912 1659 1958 substantiam,

128 1973 190 2010 sed
236 1973 296 2009 ius
339 1973 630 2023 fruitionemque
665 1975 784 2023 ipsam
820 1974 1009 2012 societatis
1044 1979 1080 2012 et
1116 1975 1199 2022 (fol.
1230 1977 1337 2022 Ula)
1385 1976 1658 2013 communionis

128 2044 276 2074 nostrae
304 2049 388 2074 cum
417 2037 566 2074 Christo
596 2036 758 2074 Domino
786 2037 825 2075 in
854 2050 1008 2088 corpore
1034 2039 1149 2089 ipsius
1176 2052 1241 2089 per
1267 2039 1391 2085 fidem,
1409 2053 1502 2090 quae
1522 2041 1658 2078 realem

128 2102 289 2152 aliquam
323 2101 429 2138 iuxta
455 2100 624 2150 ,speciem
663 2100 782 2151 ipsum
810 2101 1041 2140 substantiae
1069 2103 1234 2153 corporis
1264 2103 1415 2147 Christi,
1449 2104 1525 2142 sive
1550 2118 1658 2155 prae-

128 2167 298 2208 sentiam,
325 2166 402 2202 sive
438 2177 502 2215 per
535 2165 700 2202 ministri
727 2178 860 2203 manus
886 2166 925 2203 in
955 2166 1145 2204 elementis
1174 2166 1490 2214 distributionem,
1516 2181 1562 2205 ne
1589 2168 1656 2206 ad-

128 2230 243 2268 mittit
270 2230 433 2280 quidcm,
462 2234 500 2267 ut
530 2230 603 2267 iam
629 2235 737 2268 antea
767 2230 908 2268 dictum
936 2236 1003 2277 est,
1030 2231 1169 2269 nedum
1193 2236 1235 2270 ut
1262 2232 1438 2282 requirat.

179 2295 252 2332 Sed
284 2300 320 2333 et
354 2295 492 2332 Paulus
529 2294 609 2345 ipse
644 2295 766 2332 verbis
803 2297 987 2346 expressis
1023 2297 1092 2334 sub
1130 2297 1296 2347 corporis
1332 2301 1368 2335 et
1395 2299 1590 2347 sanguinis
1613 2300 1655 2338 in

128 2360 251 2398 verbis
298 2373 433 2397 coenae
479 2360 654 2402 vocibus,
690 2373 768 2397 non
813 2373 901 2398 sane
937 2361 1186 2399 substantium
1221 2361 1338 2412 ipsius
1373 2362 1655 2412 intelligendam

127 2438 206 2462 esse
243 2424 363 2469 docet,
400 2424 462 2461 sed
502 2425 815 2467 communionem,
845 2425 916 2462 hoc
942 2430 1010 2469 est,
1038 2426 1252 2463 societatem
1281 2439 1323 2463 ac
1349 2427 1408 2464 ius
1434 2428 1474 2465 in
1503 2441 1656 2478 corpore

129 2488 281 2535 Christi,
309 2488 397 2525 dum
422 2501 555 2538 panem
582 2489 744 2526 fractum
772 2489 1071 2527 communionem
1099 2503 1178 2527 esse
1194 2494 1351 2528 testatur
1369 2493 1535 2542 corporis
1546 2492 1654 2530 Chri-

127 2554 174 2590 sti
197 2556 236 2600 ¹),
264 2553 302 2590 id
331 2553 431 2603 quod
458 2553 496 2589 in
526 2553 778 2603 superioribus
808 2554 905 2591 clare
933 2554 1041 2591 nobis
1070 2554 1278 2593 ostendisse
1303 2555 1484 2595 videmur.

177 2618 370 2656 Praeterea
407 2629 491 2654 vero
529 2617 627 2654 idem
660 2618 798 2655 Paulus
833 2618 955 2655 adhuc
991 2622 1027 2656 et
1063 2618 1186 2657 Lucas
1221 2620 1262 2658 in
1298 2621 1419 2658 verbis
1448 2621 1492 2658 de
1518 2623 1652 2672 poculo

126 2681 322 2719 manifeste
358 2681 505 2722 docent,
540 2681 609 2718 sub
638 2680 833 2728 sanguinis
861 2682 1013 2719 nomine
1040 2695 1115 2719 non
1143 2683 1316 2733 equidem
1343 2685 1535 2733 sanguinis
1563 2686 1652 2723 sub-

125 2744 320 2789 stantiam,
365 2743 428 2781 sed
466 2747 730 2782 testamentum
764 2744 803 2781 in
849 2744 1032 2794 sanguine
1064 2744 1350 2795 intelh'gendum
1384 2761 1474 2786 esse.
1538 2748 1652 2789 Aliud

170 2883 195 2921 ¹)
219 2881 236 2913 l
260 2881 332 2914 Cor.
358 2882 406 2914 lo.
