1818 3178
191 111 266 148 410
690 118 905 147 RuspoNsxo
933 121 1026 147 ADV.
1058 120 1224 148 nosmM.

811 220 1102 271 Responsio.

244 350 376 400 Neque
403 349 475 386 hoc
501 363 521 387 a
548 362 607 387 me
635 349 776 387 dictum
805 353 860 388 est
886 363 1063 402 unquam,
1098 350 1161 387 sed
1189 349 1351 388 Alberus
1379 350 1437 388 sui
1464 354 1500 388 et
1527 349 1587 388 hic
1615 350 1719 387 simi-

194 414 241 451 lis
269 426 349 451 esse
375 413 509 464 pergit,
551 417 601 459 et,
626 414 726 464 quod
757 427 825 452 nos
853 414 898 451 de
927 416 1074 452 Coenae
1102 413 1284 452 duntaxat
1312 415 1504 453 elementis
1532 414 1722 460 docemus,

190 477 230 514 id
266 481 388 515 totum
418 477 482 515 ille
519 490 586 515 suo
621 483 657 515 et
694 491 845 516 suorum
884 492 987 517 more
1023 478 1069 516 ad
1106 482 1229 516 totum
1265 479 1411 517 Coenae
1438 481 1721 517 Sacramentum

192 555 258 592 per
296 542 536 579 calumniam
559 542 766 594 detorquet.
823 544 902 593 Ego
938 557 1050 595 porro
1087 543 1202 581 doceo
1229 544 1429 593 indignum
1456 545 1565 595 plane
1591 557 1634 581 ac
1661 544 1720 581 in-

194 605 371 643 decorum
398 618 490 648 esse,
525 609 579 651 ut,
604 611 849 658 posteaquam
879 608 923 645 de
949 607 1130 657 mysterio
1160 608 1484 645 Sacrainentorum
1512 608 1610 646 inter
1638 620 1720 645 om-

195 684 260 708 nes
297 669 485 716 convenit,
525 683 592 721 pro
630 671 779 709 illorum
809 672 1001 710 elementis
1028 672 1178 709 interim
1206 672 1258 709 ita
1286 672 1357 710 sibi
1385 672 1537 722 quidam
1566 676 1721 710 conten-

192 733 368 780 dendum,
396 732 558 784 denique
585 737 621 771 et
649 734 933 784 digladiandum
961 734 1115 773 omnino
1144 748 1223 773 esse
1237 739 1383 786 putent,
1404 735 1523 785 ruptis
1546 735 1720 773 omnibus

191 797 380 835 societatis
415 797 651 836 Christianae
686 799 850 848 legibus,
884 804 925 837 ut
961 799 1149 836 Ecclesias
1187 799 1376 845 scindant,
1411 804 1542 837 contra
1568 799 1722 837 institu-

190 861 330 899 tionem
359 860 501 912 alioqui
529 866 565 900 et
594 868 764 900 naturam
793 862 884 900 adeo
913 862 1032 913 ipsam
1061 863 1230 900 omnium
1261 864 1603 901 Sacramentorum.

786 992 1044 1030 Articulus
1073 994 1135 1029 20.

248 1136 266 1153 n
280 1119 413 1170 Neque
438 1119 530 1157 utile
556 1132 677 1170 neque
705 1120 953 1158 necessarium
983 1125 1040 1158 est
1065 1121 1151 1168 (46)
1173 1119 1334 1164 credere,
1354 1119 1456 1171 quod
1476 1119 1525 1158 sit
1543 1119 1582 1157 in
1601 1120 1725 1158 Coena

195 1201 212 1218 a
230 1184 381 1222 Domini
410 1197 543 1235 corpus
571 1189 606 1222 et
635 1185 787 1234 sanguis
817 1185 973 1223 Christi.
1028 1185 1111 1222 Imo
1149 1198 1234 1222 vero
1265 1198 1339 1222 non
1368 1189 1515 1223 tantum
1543 1185 1634 1223 utile
1661 1189 1726 1223 aut

196 1249 478 1286 nnecessarium
513 1262 588 1286 non
625 1253 693 1292 est,
730 1249 792 1287 sed
830 1254 886 1287 est
922 1249 1034 1287 etiam
1069 1250 1318 1300 periculosum
1354 1249 1405 1287 ita
1443 1249 1579 1295 doceri,
1615 1271 1666 1277 —
1692 1253 1728 1287 et

197 1326 384 1364 'raequum
413 1327 503 1359 esse,
531 1317 574 1351 ut
603 1313 693 1351 haec
721 1314 892 1351 doctrina
920 1326 965 1350 ex
992 1313 1167 1350 omnibus
1196 1313 1337 1362 Regnis
1368 1313 1593 1351 Christianis
1611 1314 1727 1365 pelle-

199 1379 371 1416 ureturss’

814 1506 1104 1557 Responsio.

249 1635 377 1674 Toties
405 1636 498 1674 mihi
525 1635 766 1687 repetendum
795 1640 862 1683 est,
888 1649 946 1674 me
972 1636 1064 1674 adeo
1094 1649 1283 1687 nunquam
1314 1636 1516 1674 exclusisse
1544 1649 1564 1673 a
1585 1636 1730 1674 Coenae

200 1701 442 1738 Sacramento
480 1701 647 1752 corporis
675 1705 710 1738 et
737 1701 932 1751 sanguinis
961 1701 1104 1739 Christi
1131 1700 1393 1752 praesentiam,
1419 1704 1461 1738 ut
1488 1714 1566 1738 eam
1597 1700 1732 1738 diserte

200 1765 438 1810 constituam,
472 1765 584 1802 modo
621 1778 668 1802 ne
697 1765 844 1802 Coenae
871 1778 960 1802 usus
987 1764 1144 1802 terrenis
1172 1764 1272 1802 illius
1299 1764 1493 1802 elementis
1520 1763 1571 1819 ita
1599 1764 1731 1814 allige-

200 1834 274 1874 tur,
302 1835 342 1868 ut
369 1829 458 1867 fidei
484 1830 614 1867 oculos
643 1843 790 1868 sursum
818 1830 990 1867 attollere
1017 1843 1094 1867 non
1120 1830 1230 1867 liceat
1257 1829 1303 1867 ad
1330 1828 1628 1880 participandum
1657 1829 1731 1867 fide

202 1894 353 1932 coelesti
397 1894 474 1931 eius
510 1893 689 1943 mysterio
725 1893 829 1932 iuxta
866 1898 1025 1932 veterem
1054 1894 1252 1932 ,Ecclesiae
1287 1887 1497 1931 cantionem
1543 1894 1732 1931 nSursum

204 1958 355 1996 corda.”
410 1958 604 1996 Caeterum
633 1958 768 1996 realem
797 1958 964 2009 corporis
993 1958 1136 1997 Christi
1164 1959 1344 1997 naturalis
1371 1959 1411 1997 in
1438 1959 1519 2010 ipso
1548 1972 1643 2010 pane
1669 1965 1735 1997 aut

205 2023 273 2060 sub
309 2036 405 2074 pane
449 2023 606 2066 Coenae,
645 2022 721 2060 sive
762 2023 932 2069 localem,
971 2024 1048 2061 sive
1083 2024 1300 2061 immensam
1338 2023 1601 2074 praesentiam,
1638 2024 1735 2062 hanc

205 2101 294 2125 sane
321 2100 340 2123 a
368 2100 426 2124 me
454 2086 583 2136 negari
609 2087 703 2124 nihil
733 2087 942 2133 dissimulo,
971 2100 1053 2125 cum
1079 2087 1182 2125 illius
1209 2088 1334 2126 fontes
1358 2101 1477 2139 neque
1498 2088 1537 2126 in
1566 2089 1733 2139 Scriptu-

205 2153 268 2199 ris,
296 2165 416 2203 neque
441 2151 481 2189 in
509 2152 642 2202 priscis
670 2152 812 2203 alioqui
842 2152 1060 2191 Catholicae
1088 2153 1278 2192 Ecclesiae
1305 2153 1534 2191 Doctoribus
1562 2166 1645 2191 vere
1672 2166 1734 2191 us-

205 2230 318 2268 quam
355 2220 668 2254 commonstratos
705 2217 790 2265 (47)
828 2216 1019 2255 videamus
1086 2217 1209 2256 Multo
1244 2218 1370 2255 minus
1406 2221 1527 2255 autem
1558 2217 1637 2255 dixi
1664 2230 1735 2255 un·

205 2295 330 2332 quam,
373 2294 531 2332 aequum
576 2293 666 2326 esse,
712 2285 752 2318 ut
797 2281 968 2319 doctrina
1003 2281 1269 2319 Albericorum
1305 2295 1350 2319 ex
1386 2282 1559 2320 omnibus
1595 2281 1737 2331 Regnis

208 2344 432 2382 Christianis
473 2344 683 2395 pelleretur,
727 2344 790 2382 sed
835 2345 1025 2396 colloquia
1059 2346 1228 2383 modesta
1265 2350 1301 2384 et
1338 2346 1551 2384 Christiana
1590 2345 1634 2383 de
1668 2346 1736 2383 hac

209 2409 463 2447 controversia
497 2422 575 2447 non
603 2409 723 2447 solum
752 2410 850 2461 apud
879 2409 1034 2455 Doctos,
1061 2410 1126 2448 sed
1153 2411 1252 2462 apud
1280 2411 1380 2449 viros
1408 2411 1519 2449 etiam
1547 2410 1739 2461 Principes

206 2474 328 2525 palam
365 2473 538 2525 expetivi,
574 2487 790 2525 semperque
825 2475 952 2525 optavi
987 2475 1153 2526 adeoque
1189 2480 1225 2513 et
1260 2489 1362 2513 nunc
1398 2475 1567 2527 optarim,
1605 2478 1644 2512 ut
1671 2474 1737 2511 ad-

209 2538 350 2574 vocatis
385 2538 579 2588 utriusque
614 2538 731 2589 partis
768 2537 999 2576 Doetoribus
1034 2543 1114 2577 tota
1152 2539 1243 2577 haec
1280 2539 1533 2578 controversia
1568 2539 1738 2588 legitimo

210 2601 460 2638 Ecclesiarum
505 2615 549 2639 ex
596 2601 709 2639 verbo
753 2601 824 2640 Dei
868 2602 1009 2640 iudicio
1053 2603 1311 2642 discuteretur.
1364 2602 1496 2641 Quid?
1533 2601 1635 2653 quod
1670 2616 1738 2653 pro

210 2662 388 2703 fratribus
438 2679 580 2717 semper
624 2671 660 2704 et
694 2667 774 2718 ipse
811 2667 994 2705 habebam
1031 2672 1067 2706 et
1103 2668 1296 2706 habendos
1333 2680 1411 2705 esse
1448 2666 1639 2710 docebam,
1676 2667 1741 2717 qui

212 2731 272 2767 hic
299 2744 320 2767 a
348 2730 457 2767 nobis
485 2730 737 2775 dissentirent,
763 2752 813 2778 ὴ-
840 2732 952 2770 modo
980 2746 1027 2770 ne
1046 2733 1092 2770 ab
1113 2733 1166 2771 eis
1187 2733 1299 2770 etiam
1321 2732 1666 2769 condemnaremur.
1694 2731 1738 2768 Id

212 2807 297 2830 vcro
334 2797 411 2830 erat
440 2793 594 2837 scilicet,
633 2794 739 2840 velle,
767 2799 808 2832 ut
836 2795 1007 2832 doctrina
1034 2795 1295 2833 Albericorum
1325 2807 1368 2832 ex
1397 2793 1572 2831 omnibus
1601 2793 1741 2842 Regnis

215 2857 439 2895 Christianis
479 2858 705 2909 pelleretur?
758 2859 829 2896 Sed
867 2859 1046 2909 quoniam
1082 2859 1250 2897 Alberici
1289 2863 1374 2896 sunt
1409 2858 1519 2909 plane
1548 2858 1675 2896 hostili
1702 2858 1741 2895 in
