1818 3178
1543 100 1616 136 289

87 217 166 254 ullo
202 216 315 254 modo
343 215 505 254 debebit.
560 216 710 253 Certum
749 218 804 252 est
841 217 963 252 autem
999 225 1076 251 non
1104 211 1211 250 aliter
1237 223 1402 262 unquam
1428 212 1615 260 receptam

85 280 203 318 fuisse
242 280 526 318 Confessionem
560 283 624 317 aut
660 278 774 330 recipi
809 278 920 316 etiam
955 277 1134 328 potuisse,
1169 288 1282 327 quam
1318 277 1374 312 est
1408 273 1455 312 ab
1482 276 1613 311 autore

84 345 166 395 ipso
204 343 339 394 scripta
376 356 419 381 ac
456 344 560 381 Caes.
599 343 746 381 demum
792 342 982 392 Majestati
1018 342 1155 387 oblata,
1192 339 1432 390 omniumque
1459 337 1612 388 Imperii

86 409 262 447 ordinum
297 409 497 446 autoritate
534 408 580 446 ad
607 412 814 446 extremum
843 406 1085 458 comprobata
1112 410 1148 444 et
1176 405 1332 443 sancita.
1387 403 1614 453 Quicunque

85 473 200 522 igitur
244 473 352 510 aliter
395 473 556 522 intelligi
602 473 734 510 volunt
768 472 886 522 ipsam
925 471 1219 516 confessionem,
1254 482 1364 519 quam
1401 472 1465 506 aut
1501 466 1614 504 verba

85 538 178 588 ipsa,
214 542 278 575 aut
313 551 419 575 mens
447 537 587 588 alioqui
616 536 885 579 confessionis,
912 549 957 574 ex
983 535 1076 572 loeis
1104 535 1204 571 illius
1233 533 1508 571 consentienter
1535 531 1613 568 col-

85 601 193 645 lecta,
221 605 285 639 aut
313 601 471 652 denique
499 601 639 639 autoris
666 601 782 651 ipsius
809 599 1008 651 explicatio
1036 599 1241 650 permittat,
1267 620 1318 627 --
1343 597 1557 648 quicunque
1572 595 1611 632 id

86 665 242 710 faciunt,
276 666 442 716 inquam,
478 666 554 703 sive
589 665 788 714 Theologi,
825 665 900 702 sive
938 663 1138 707 Ecclesiae,
1174 662 1221 700 ab
1257 662 1303 699 iis
1341 674 1428 699 sane
1463 663 1615 711 apparet

88 734 152 768 aut
189 744 378 782 nunquam
417 744 501 768 vere
536 735 719 781 receptam
757 742 848 773 esse,
883 732 925 766 ut
960 732 1017 766 est
1044 726 1224 771 exhibita,
1249 726 1368 777 ipsam
1397 724 1613 763 Confessio·

86 808 185 841 nem,
212 800 274 833 aut
304 796 334 832 si
361 809 524 846 unquam
555 799 610 833 est
639 797 797 844 recepta,
827 794 1009 830 desertam
1036 805 1163 829 rursus
1192 791 1441 840 violatamque
1457 803 1548 831 esse,
1570 801 1613 826 ac

84 859 242 910 proinde
286 860 388 897 nullo
434 860 547 897 etiam
589 859 672 896 loco
719 856 928 894 habendam
975 869 1054 893 esse
1089 855 1221 892 talium
1255 853 1612 904 interpretationem.

85 924 240 962 Frustra
284 937 371 972 ergo
422 923 594 961 obtendit
632 921 870 973 Westpbalus
907 925 942 958 et
979 920 1256 968 Theologorum
1292 923 1328 956 et
1363 917 1613 955 Ecclesiarum

84 988 440 1039 interpretationem,
467 1001 487 1024 a
516 987 652 1038 quibus
682 986 965 1024 Confessionem
994 985 1125 1035 ipsam,
1152 989 1191 1021 ut
1218 988 1319 1021 extat
1346 987 1382 1019 et
1410 982 1456 1019 ab
1484 987 1614 1018 autore

85 1053 304 1104 explicatur.
330 1058 392 1091 aut
421 1066 498 1090 non
527 1065 609 1089 vere
637 1056 833 1101 receptam,
860 1053 925 1088 aut
953 1049 1130 1086 violatam
1158 1061 1237 1085 esse
1265 1049 1422 1084 constat.
1451 1047 1501 1083 At
1525 1057 1611 1082 vero

88 1118 288 1156 obscurum
325 1130 402 1155 non
438 1120 506 1159 est,
542 1116 632 1166 quid
661 1115 721 1153 1110
748 1115 925 1152 moliatur
954 1113 1118 1162 Erinnys
1147 1111 1375 1162 Westphaliz
1403 1123 1533 1160 nempe
1561 1113 1614 1153 ut,

85 1182 115 1219 si
143 1194 212 1220 nos
240 1195 260 1219 a
288 1181 436 1218 foedere
463 1180 618 1231 Imperii
645 1179 839 1217 excludere
866 1182 977 1228 atque
1003 1177 1056 1214 ita
1083 1176 1229 1213 demum
1257 1175 1427 1213 lanienae
1450 1174 1612 1211 bostium

85 1245 284 1296 Euangelii
320 1244 440 1296 (quod
479 1244 600 1283 solum
629 1243 746 1294 cupit)
775 1242 937 1280 obiicere
964 1254 1041 1279 non
1069 1245 1360 1292 queat‘propter
1388 1239 1610 1277 declaratam

84 1310 224 1361 alioqui
261 1309 546 1347 consensionem
573 1312 742 1347 nostram
771 1320 853 1344 cum
882 1308 1106 1355 Augustana
1134 1305 1392 1347 Confessione,
1419 1303 1610 1353 Principes

83 1373 331 1411 nihilominus
369 1386 453 1410 eum
489 1373 740 1423 Principibus,
776 1372 993 1422 Doctosque
1030 1371 1119 1409 item
1148 1382 1231 1407 cum
1258 1368 1390 1407 Doctis
1417 1371 1453 1405 et
1480 1366 1612 1405 Eccle-

83 1439 156 1477 sias
185 1452 269 1476 cum
305 1437 484 1476 Ecclesiis
513 1438 721 1476 committat
748 1437 885 1489 potius,
912 1449 1023 1487 quam
1049 1436 1166 1472 ullam
1193 1433 1448 1485 procurandae
1475 1433 1515 1470 in
1543 1433 1612 1470 Sa·

83 1503 326 1541 cramentaria
373 1502 443 1540 hac
477 1502 729 1540 controversia
767 1499 1043 1539 conciliationis
1076 1499 1240 1550 patiatur
1274 1498 1370 1536 inire
1414 1497 1612 1535 rationem.

83 1567 190 1605 Bona
217 1580 335 1613 mens,
361 1566 484 1604 bonus
513 1567 660 1604 animus
689 1565 840 1604 seilicet.
897 1564 1000 1602 Quid
1029 1564 1140 1608 enim,
1168 1563 1198 1600 si
1227 1576 1272 1600 ne
1298 1563 1394 1600 inter
1422 1561 1614 1612 Principes

83 1632 230 1684 quidem
259 1632 374 1683 ipsos,
412 1632 653 1680 Augustanae
682 1629 982 1676 Confessio-(sol.
1014 1628 1141 1676 3l)nis
1168 1626 1366 1678 primarios
1393 1638 1609 1676 propugna-

82 1701 194 1742 tores,
229 1696 367 1734 nedum
402 1696 500 1734 inter
536 1696 736 1745 adjunctos
769 1695 845 1732 illis
879 1699 1020 1744 postea,
1061 1693 1179 1730 multo
1217 1692 1340 1729 minus
1368 1695 1490 1728 autem
1515 1690 1613 1727 inter

83 1760 224 1798 Doctos
261 1765 296 1798 et
333 1760 537 1805 Ecclesiae,
573 1759 676 1797 omni
710 1772 863 1810 prorsus
900 1771 944 1796 ex
979 1762 1084 1808 parte
1113 1755 1324 1799 conveniat,
1350 1767 1426 1792 non
1456 1754 1538 1791 dieo
1567 1753 1613 1791 de

83 1824 224 1873 Christi
260 1824 413 1862 Domini
440 1824 479 1861 in
510 1824 634 1861 Coena
663 1836 729 1860 sua
756 1822 964 1874 praesentia
994 1821 1235 1871 corporisque
1263 1832 1307 1857 ae
1335 1818 1528 1867 sanguinis
1557 1818 1615 1855 sui

82 1889 367 1940 participatione
405 1888 468 1936 (de
503 1888 585 1925 istis
622 1900 783 1937 namque
819 1887 921 1924 nulla
957 1890 1012 1923 est
1040 1885 1257 1931 dubitatio),
1284 1883 1347 1921 sed
1376 1883 1419 1920 de
1447 1895 1489 1920 eo
1519 1882 1613 1919 dun-

80 1957 185 1991 taxat
220 1953 452 2004 praesentiae
487 1956 523 1989 et
557 1952 858 2002 participationis
895 1950 1019 1995 mede,
1056 1950 1120 2000 qui
1155 1962 1257 1987 nune
1282 1962 1303 1986 a
1331 1947 1548 1998 Westphalo
1577 1950 1613 1984 et

85 2017 162 2055 eius
192 2016 423 2066 syncretistis
452 2022 616 2064 urgetur,
642 2037 692 2044 --
721 2020 939 2065 constetque
966 2014 1059 2052 alios
1087 2014 1135 2051 ab
1158 2014 1241 2050 aliis
1262 2012 1383 2049 calore
1403 2010 1614 2048 eontentio-

83 2081 155 2122 nis,
190 2085 232 2118 ut
270 2081 345 2117 fere
385 2093 527 2130 semper
563 2080 644 2117 fieri
682 2080 788 2124 solet,
823 2080 917 2116 falso
956 2079 1025 2116 hac
1060 2078 1099 2115 in
1137 2082 1241 2128 parte
1280 2079 1473 2113 accusatos
1509 2075 1612 2112 esse?

85 2145 201 2191 Quid,
237 2145 402 2195 inquam,
440 2144 471 2182 51
498 2145 548 2181 ita
577 2145 637 2187 sit,
671 2157 718 2182 an
746 2145 793 2182 ab
821 2144 895 2181 illis
924 2144 1035 2182 simul
1063 2143 1250 2188 omnibus,
1277 2141 1446 2182 obsecre,
1470 2144 1614 2190 petetur

87 2209 343 2248 confessionis
395 2209 683 2259 interpretatio?
729 2221 772 2246 ae
817 2221 891 2246 non
927 2209 1054 2258 potius
1089 2220 1193 2244 mens
1229 2206 1309 2257 ipsa
1357 2203 1614 2242 Confessionis

83 2275 175 2321 eius,
211 2278 290 2312 tum
328 2274 464 2317 verbis,
489 2278 568 2311 tuin
597 2273 689 2311 locis
718 2274 816 2310 inter
843 2286 921 2310 sese
950 2272 1107 2317 collatis,
1135 2271 1358 2321 colligetur?
1411 2269 1494 2307 Iino
1523 2281 1609 2306 vero

85 2352 159 2390 quo
196 2343 305 2389 paeto
345 2338 390 2376 ab
429 2338 503 2375 illis
541 2338 650 2375 simul
688 2338 862 2375 omnibus
897 2340 1054 2388 petetur.
1083 2339 1226 2374 utnon
1254 2335 1412 2373 invicem
1442 2334 1614 2371 commit·

81 2402 237 2440 tantur?
293 2401 365 2439 Sed
403 2401 474 2439 huc
509 2404 650 2452 spectat
686 2400 851 2450 Erinnys
885 2399 1135 2451 Westphaliea
1170 2399 1284 2449 inque
1319 2397 1390 2435 hoe
1418 2397 1614 2435 conatibus

84 2466 161 2504 suis
189 2466 365 2504 omnibus
393 2465 588 2510 incumbit,
616 2469 656 2503 ut
683 2464 804 2502 aditus
834 2478 962 2502 omnes
988 2463 1211 2515 pacificandi
1239 2463 1398 2500 excitata
1421 2462 1613 2499 doctrinae

84 2530 238 2568 dissidia
275 2544 425 2581 quoquo
461 2533 583 2580 potest
620 2529 730 2566 modo
764 2529 993 2579 praecludat,
1020 2528 1127 2579 quasi
1155 2540 1240 2565 vero
1269 2539 1346 2565 non
1374 2527 1463 2564 satis
1490 2525 1613 2563 adhuc

83 2595 278 2633 turbarum
307 2596 419 2632 fuerit
446 2595 484 2632 in
513 2593 689 2644 Imperio,
717 2585 789 2630 11951
817 2593 939 2631 (1011110
967 2593 1280 2642 redintegrentur.

1238 2656 1372 2694 Ioan.
1400 2654 1422 2693 ὲ
1449 2654 1614 2692 Lasco.

595 2724 655 2761 16.
1281 2721 1321 2757 Si
1374 2718 1612 2768 Westphalus

462 2787 507 2824 W
521 2800 541 2825 e
552 2791 627 2838 stp
638 2787 662 2825 h
674 2787 790 2825 alus.
1214 2785 1414 2824 mirificum
1425 2784 1536 2821 istum
1548 2796 1614 2820 ne-

141 2853 298 2901 Mz‘rifice
328 2860 446 2891 autem
476 2860 507 2891 ec
529 2855 646 2903 plane
673 2866 764 2890 noro
793 2853 899 2890 modo
930 2853 1091 2890 Polnnus
1110 2853 1167 2889 πί·
1222 2851 1298 2888 5010
1337 2862 1446 2900 quem
1485 2852 1522 2886 et
1548 2859 1617 2885 no-

142 2915 175 2956 I.
1417 2914 1462 2950 19
