1818 3178
404 141 456 168 1111
485 142 769 172 εΑοκΑΜΕΝΉε
798 144 1015 174 accensus
1041 146 1221 176 cnms'n.
1502 139 1573 175 225

47 240 228 279 naturalis
262 242 471 293 praesentia
506 246 542 281 et
579 244 723 283 coelum
756 250 793 285 et
827 250 965 286 terram
996 247 1150 300 implere
1184 248 1351 294 omnino,
1375 250 1488 299 atque
1512 248 1566 286 ita

47 317 181 355 eorpus
218 305 358 344 Christi
391 306 515 357 ipsum
550 308 590 346 in
619 322 683 347 sua
712 311 833 361 speeie
857 311 963 350 iuxta
990 312 1238 352 substantiam
1264 314 1383 364 ipsam
1410 326 1455 352 ac
1481 327 1569 352 san-

45 369 197 419 guinem
241 384 389 408 rursum
424 371 541 424 ipsius
576 374 716 425 ubique
750 376 861 426 plane
895 390 996 424 esse,
1038 377 1078 415 id
1112 378 1213 429 quod
1248 378 1422 416 nonnulli
1456 379 1568 417 etiam

47 433 158 472 huius
186 434 378 474 doctrinae
404 436 571 484 Patroni,
608 439 677 477 viri
704 440 846 492 alioqui
871 442 1108 493 pientissimi,
1141 443 1321 482 affirmare
1347 444 1431 493 (fol.
1461 445 1569 493 132³)

46 511 124 536 non
151 498 384 539 dubitarunt.
429 501 623 540 Caeterum
650 503 682 542 si
708 509 745 542 01
773 518 907 556 corpus
942 506 1065 557 ipsum
1087 511 1137 545 'et
1164 508 1317 557 sanguis
1343 507 1431 546 item
1460 508 1569 546 Chri-

44 561 92 599 sti
127 561 282 600 Domini
316 567 404 602 sunt
438 565 589 618 ubique,
622 581 804 618 quorsum
829 570 1016 608 attinebat
1042 584 1064 608 a
1094 571 1242 610 Christo
1271 572 1433 610 Domino
1462 586 1569 624 sepa-

43 626 155 664 ratim
189 627 230 665 in
267 641 381 667 coena
417 630 565 669 institui
601 632 638 671 et
675 635 842 685 corporis
869 635 928 673 sui
961 635 1002 673 in
1028 648 1124 687 pane
1151 636 1189 674 et
1215 636 1408 687 sanguinis
1435 637 1474 676 in
1501 652 1570 690 po-

45 691 130 729 culo
167 692 496 734 distributionem?
549 698 700 737 Sciebat
732 699 982 751 proculdubio
1019 700 1190 739 Christus
1227 701 1412 740 Dominus
1448 703 1488 741 id
1513 703 1568 741 ita

45 756 138 803 fore,
173 757 358 808 siquidem
392 760 446 798 ita
480 774 561 800 esse
597 762 742 810 debeat,
777 768 888 815 atque
922 764 976 802 ita
1003 764 1187 802 eiusmodi
1213 765 1363 815 signum
1387 766 1429 804 in
1456 779 1572 805 coena

45 830 112 854 sua
139 829 215 856 non
242 818 469 859 instituisset
497 821 724 869 hauddubie,
749 827 958 874 separatam
982 823 1138 875 inquam
1164 826 1330 876 corporis
1356 831 1392 865 et
1418 828 1572 877 sangui-

44 881 102 919 nis
131 882 189 920 sui
216 884 396 923 naturalis
423 885 743 932 distributionem,
772 888 803 925 si
829 892 866 926 et
893 901 1026 939 corpus
1054 896 1226 927 suumct
1244 890 1465 941 sanguinem
1483 892 1573 930 item

43 946 182 998 ubique
219 961 361 1000 semper
396 951 471 988 iam
508 951 681 1004 deinceps
717 953 797 990 fore
834 953 1015 992 scivisset.
1070 953 1177 992 Haec
1212 955 1312 993 enim
1347 956 1458 994 simul
1493 970 1571 996 11011

42 1016 201 1061 possunt
246 1014 470 1061 consistere,
505 1020 546 1054 ut
580 1016 618 1054 01
654 1029 789 1068 corpus
823 1017 946 1069 ipsum
983 1022 1020 1056 et
1056 1019 1209 1068 sanguis
1245 1033 1395 1058 rursum
1431 1021 1572 1060 Christi

44 1075 120 1114 sint
155 1076 306 1128 ubique,
341 1078 379 1116 et
413 1083 455 1117 ut
490 1081 689 1130 separatim
722 1094 851 1120 rursus
879 1084 916 1119 et
943 1094 1077 1133 corpus
1102 1082 1144 1120 in
1169 1096 1266 1133 pane
1291 1087 1328 1122 et
1354 1085 1506 1134 sanguis
1533 1084 1573 1124 in

42 1141 178 1190 poculo
213 1155 293 1180 esse
327 1156 372 1181 ae
407 1144 583 1182 distribui
616 1146 775 1196 possint.
828 1146 1075 1198 Posteaquam
1103 1161 1188 1186 vero
1216 1149 1415 1199 separatim
1442 1154 1479 1188 et
1506 1164 1574 1202 pa-

44 1218 129 1243 nem
156 1205 216 1243 edi
241 1206 282 1245 in
311 1220 426 1246 coena
453 1213 488 1247 et
512 1210 691 1260 poculum
719 1211 799 1249 bibi
826 1211 943 1249 voluit
972 1212 1143 1250 Christus
1171 1212 1369 1261 Dominus,
1387 1227 1465 1252 rem
1485 1229 1574 1255 sane

43 1270 267 1320 superfluam
310 1272 479 1324 adeoque
522 1277 558 1312 et
602 1274 750 1313 veritati
783 1275 856 1326 ipsi
899 1281 1169 1326 repugnantem
1214 1278 1422 1317 instituisse
1459 1280 1575 1318 videri

40 1339 179 1384 posset,
213 1336 244 1373 si
279 1340 316 1374 et
352 1349 486 1388 corpus
523 1351 630 1376 suum
666 1343 702 1378 et
738 1340 960 1390 sanguinem
996 1341 1109 1379 etiam
1145 1341 1284 1394 ubique
1319 1357 1463 1396 semper
1497 1359 1577 1383 esse

43 1402 78 1436 et
106 1400 232 1438 omnia
257 1400 411 1452 implere
439 1406 596 1442 constet.
641 1403 726 1441 Imo
755 1418 841 1443 vero
868 1405 988 1444 videri
1014 1410 1140 1457 posset
1168 1420 1322 1446 coenam
1348 1409 1467 1460 ipsam
1494 1411 1574 1448 fru-

40 1467 117 1500 stra
151 1463 371 1512 instituisse,
408 1479 492 1505 cum
528 1470 565 1505 et
598 1467 639 1506 in
675 1469 787 1506 nobis
822 1469 913 1521 ipsis
951 1483 1106 1522 semper.
1142 1476 1218 1509 tam
1254 1474 1433 1524 corporiS,
1460 1488 1572 1525 quam

40 1528 234 1577 sanguinis
263 1530 321 1568 sui
348 1531 528 1569 naturalis
556 1532 807 1571 substantiam
834 1546 913 1572 esse
939 1533 1013 1571 iarn
1041 1535 1189 1575 realiter
1217 1542 1417 1588 oporteret,
1444 1544 1572 1589 quate-

43 1592 126 1641 (fol.
165 1595 348 1642 1321»)nus
375 1608 560 1648 nusquam
589 1598 743 1636 omnino
772 1599 930 1650 amplius
960 1613 1036 1638 non
1064 1605 1181 1648 esset3
1209 1602 1283 1639 nisi
1311 1604 1342 1646 si
1370 1603 1408 1641 in
1437 1616 1574 1643 coenae

7 1654 10 1658 ’
43 1655 225 1695 duntaxat
253 1671 333 1705 usu,
361 1663 398 1698 et
425 1674 501 1699 non
540 1661 644 1706 alias,
680 1669 987 1714 πανταχουσὶκν
1025 1665 1122 1703 hanc
1159 1666 1307 1717 corpori
1333 1671 1369 1705 et
1397 1668 1577 1717 sanguini

44 1720 185 1759 Christi
220 1723 440 1764 tribuamus.
495 1726 585 1764 Non
612 1731 736 1778 potest
763 1733 888 1766 autem
915 1729 996 1768 sine
1020 1730 1212 1782 impietate
1240 1732 1410 1782 cogitari,
1438 1733 1574 1771 nedum

40 1789 84 1823 ut
118 1787 323 1826 absurdum
360 1802 438 1828 non
475 1790 535 1836 sit,
571 1791 762 1835 Christum
798 1793 1004 1833 Dominum
1037 1796 1095 1834 vel
1122 1797 1262 1834 frustra
1290 1810 1442 1837 coenam
1470 1812 1576 1837 suam

39 1851 260 1898 instituisse,
287 1854 345 1892 vel
372 1855 481 1906 signa
508 1856 625 1908 ipsius
655 1871 790 1897 coenae
818 1872 904 1898 suae
929 1860 1113 1898 eiusmodi
1139 1862 1366 1910 adhibuisse,
1393 1877 1486 1915 quae
1513 1865 1575 1902 fu-

39 1919 162 1954 turam
196 1917 293 1956 hanc
331 1921 497 1971 eorporis
533 1926 570 1960 et
596 1923 791 1973 sanguinis
819 1924 876 1962 sni
903 1931 1210 1977 πανταχουσὶκν
1239 1927 1483 1966 obscurarent
1516 1933 1574 1967 at·

39 1994 110 2032 que
136 1981 229 2020 adeo
256 1983 312 2021 illi
338 1985 450 2023 etiam
476 1992 739 2037 repugnarent.

89 2044 262 2083 Alterum
307 2060 392 2084 vero
438 2048 478 2086 in
522 2049 651 2087 eadem
695 2050 775 2101 ipsa
820 2051 1049 2103 ubiqueitate
1095 2054 1262 2104 eorporis
1307 2058 1342 2092 et
1378 2055 1572 2105 sanguinis

43 2109 184 2148 Christi
221 2111 427 2150 absurdum
454 2117 522 2158 est,
559 2114 661 2164 quod
696 2114 849 2154 Diaboli
882 2120 917 2154 et
945 2117 1165 2166 angelorum
1192 2118 1270 2155 eius
1297 2118 1464 2157 omnium
1492 2133 1573 2157 om-

41 2174 176 2226 nisque
203 2175 294 2214 adeo
323 2176 525 2227 impietatis
553 2178 904 2218 condemnationem
932 2193 1081 2218 omnem
1106 2181 1238 2219 tollere
1264 2182 1373 2233 plane
1392 2183 1574 2229 videatur,

41 2243 269 2290 renovetque
295 2240 406 2278 nobis
434 2254 594 2279 errorem
621 2243 800 2293 priscum,
827 2257 1011 2295 nusquam
1038 2245 1153 2283 ullam
1183 2245 1401 2297 cuiusquam
1419 2248 1572 2286 omnino

43 2303 393 2342 condemnationem
431 2305 530 2353 fore3
570 2307 674 2344 cuius
711 2308 898 2345 contraria
931 2308 972 2347 in
1010 2309 1211 2360 Scripturis
1243 2309 1439 2350 innumera
1466 2312 1572 2351 testi·

41 2369 168 2406 monia
195 2368 386 2408 babemus.
431 2368 594 2415 Etenim,
624 2370 655 2408 si
683 2372 848 2423 corporis
877 2372 1017 2411 Christi
1044 2374 1225 2411 naturalis
1252 2374 1461 2414 substantia
1486 2376 1570 2426 glo·

41 2431 96 2470 ria
134 2445 199 2470 sua
236 2434 388 2471 coelesti
423 2434 582 2485 amplius
610 2435 697 2473 exui
723 2449 799 2474 non
827 2440 951 2487 potest
978 2441 1014 2476 et
1040 2437 1081 2476 in
1107 2451 1150 2476 ea
1175 2438 1256 2488 ipsa
1282 2439 1404 2488 gloria
1432 2453 1498 2479 sua
1525 2440 1573 2479 sit

42 2497 193 2549 ubique,
211 2521 260 2546 φ
280 2512 369 2537 sane
394 2503 431 2537 et
457 2499 497 2537 in
526 2500 705 2538 Gehenna
731 2501 836 2540 illum
864 2502 904 2539 in
931 2502 1060 2540 eadem
1086 2502 1167 2553 ipsa
1196 2516 1261 2542 sua
1275 2505 1396 2555 gloria
1416 2518 1570 2557 corpore

43 2574 110 2600 suo
139 2576 218 2601 esse
245 2564 445 2614 oportebit.
475 2565 558 2603 Imo
588 2578 675 2603 vero
703 2570 832 2604 nostra
859 2580 1006 2618 quoque
1034 2581 1191 2619 corpora
1213 2569 1314 2614 olim,
1332 2574 1572 2623 posteaquam

43 2627 192 2678 corpori
228 2628 368 2667 Christi
405 2629 614 2668 conformia
650 2630 801 2675 suerint,
829 2631 868 2670 in
896 2631 1068 2681 gehenna
1094 2646 1174 2671 esse
1203 2646 1286 2672 cum
1315 2635 1465 2673 Christo
1493 2635 1572 2674 Do-

42 2690 145 2729 mino
180 2691 221 2730 in
258 2693 388 2732 eadem
421 2694 503 2745 ipsa
536 2695 638 2732 illius
665 2695 750 2743 (fol.
780 2697 889 2745 133³)
916 2696 1037 2747 gloria
1067 2698 1266 2749 oportebit.
1321 2700 1361 2738 Si
1390 2713 1475 2739 vero
1503 2712 1572 2755 no·

44 2759 206 2794 strorum
241 2770 441 2810 corporum
476 2759 598 2810 gloria
635 2773 718 2797 eum
755 2760 905 2799 Christo
941 2761 1106 2801 Domino
1134 2763 1174 2802 in
1201 2764 1373 2814 gehenna
1399 2779 1572 2817 praesens

40 2824 98 2858 est
132 2821 272 2869 futura,
305 2827 342 2862 et
375 2823 528 2875 quidem
554 2824 702 2863 realiter
727 2825 766 2864 in
795 2826 918 2877 specie
942 2826 1036 2878 ipsa,
1062 2832 1245 2879 quatenus
1266 2830 1416 2881 quidem
1443 2834 1572 2868 nostra

42 2890 79 2924 et
104 2884 185 2924 illic
211 2898 369 2938 corpora
395 2901 477 2928 esse
505 2889 706 2941 oportebit,
743 2903 860 2941 neque
887 2904 976 2929 sane
1001 2891 1040 2930 in
1068 2892 1240 2942 gehenna
1268 2894 1571 2933 condemnationi

94 2949 129 2992 I.
1372 2960 1417 2997 15
