1818 3178
203 152 272 187 166
549 154 599 180 DE
627 150 907 179 SACRAMENTIS
937 148 1150 175 ECCLESIAE
1177 148 1355 176 CHRISTI.

205 260 443 308 πληροφορίᾳ
470 254 600 291 adfert.
639 252 716 289 Qui
742 251 840 288 enim
868 249 1142 286 communionis
1170 253 1318 287 nostrae
1345 262 1430 287 eum
1457 249 1605 287 Christo
1633 249 1711 288 Do·

203 324 304 360 mino
342 318 557 357 beneficium
590 316 631 353 in
658 315 781 352 animo
811 327 875 351 suo
905 327 988 350 vere
1016 313 1128 350 sentit
1154 326 1197 351 ae
1223 318 1380 365 reputat,
1406 314 1439 351 is
1465 314 1711 364 proculdubio

201 385 388 433 intelligit,
424 383 468 420 ad
504 394 611 431 quem
645 379 796 416 modum
834 378 1003 415 Christus
1040 377 1223 415 Dominus
1250 378 1467 422 ambulavit,
1502 377 1570 426 (ut'
1589 378 1711 416 verbis

200 449 352 487 Ioannis
379 447 479 492 utar)
506 444 552 482 ad
579 443 735 481 eundem
763 454 909 492 quoque
935 440 1087 478 modum
1116 441 1188 478 sibi
1212 454 1279 492 pro
1309 455 1373 479 sua
1401 442 1499 479 virili
1518 441 1714 479 ambulan-

203 514 288 550 dum
316 523 405 548 esse.
1081 496 1089 503 ’

249 575 363 612 Hunc
398 586 485 610 sane
515 575 704 621 utrunque
738 568 1051 607 Sacramentariae
1086 568 1359 616 obsignationis
1386 569 1548 607 fructum
1574 571 1713 608 Paulus

200 639 307 677 nobis
340 638 381 674 in
409 636 592 686 baptismo
621 638 747 671 nostro
777 636 1055 674 commonstrat,
1084 631 1171 668 dum
1199 632 1418 682 baptizatos,
1444 633 1491 670 ad
1518 633 1712 671 stabilien-

199 703 280 739 dam
320 704 485 738 nostram
525 700 808 747 πληροφορίαν,
846 695 1036 733 Christum
1071 695 1191 745 ipsum
1225 695 1404 741 induisse,
1448 700 1558 748 atque
1592 699 1710 736 unum

197 767 286 804 adeo
316 778 383 803 nos
418 764 492 800 iam
519 775 646 799 omnes
673 762 713 798 in
738 761 803 798 illo
832 760 1021 797 hominem
1047 772 1126 796 esse
1153 760 1310 796 fatetur:
1346 772 1390 796 ac
1416 773 1543 798 rursus
1573 761 1713 812 baptis-

196 844 297 868 mum
323 827 573 866 renovationis
600 827 788 863 lavacrum
813 837 893 862 esse
918 827 1088 861 testatur.
1116 823 1274 860 Interim
1293 828 1418 861 tamen
1436 825 1713 863 renovationem

198 908 218 931 a
248 894 487 942 πληροφορῖιι
513 890 672 941 pendere
701 889 819 934 docet,
846 887 935 944 dum
960 887 1043 924 ideo
1071 887 1111 935 in
1141 887 1412 937 baptizatorum
1432 890 1713 927 conversatione

200 956 401 1005 imaginem
434 955 565 992 mortis
599 953 683 1001 (fol.
713 954 796 999 612)
833 952 1042 1002 sepulturae
1076 964 1120 987 ac
1155 951 1436 989 resurrectionis
1483 953 1623 990 Christi
1656 966 1714 991 re-

201 1020 333 1070 quirit,
373 1019 473 1070 quod
507 1019 548 1055 in
582 1021 740 1054 mortem
771 1016 901 1066 ipsam,
938 1016 1009 1052 hoc
1044 1020 1111 1059 est,
1146 1016 1187 1052 in
1222 1016 1354 1053 mortis
1390 1016 1529 1054 Christi
1562 1016 1717 1054 Domini

201 1079 497 1121 communionem
524 1082 769 1132 baptizemur.
1704 1117 1715 1127 .

249 1149 442 1185 Caeterum
476 1146 609 1183 mentis
645 1149 793 1182 nostrae
819 1143 1092 1194 affectuumque
1120 1143 1312 1181 renovatio
1346 1157 1410 1194 per
1447 1143 1566 1181 officia
1592 1144 1716 1182 decla-

198 1218 311 1255 ratur,
342 1211 445 1248 iuxta
482 1210 657 1259 cuiusque
684 1208 929 1253 vocationem,
956 1213 1106 1258 tamque
1132 1208 1205 1245 late
1232 1212 1333 1258 patet
1361 1207 1482 1245 nostri
1509 1209 1717 1254 renovatio,

198 1290 307 1326 quam
341 1276 414 1313 late
447 1279 547 1325 patet
583 1278 710 1311 nostra
747 1273 913 1310 omnium
941 1273 1150 1322 corruptela
1177 1277 1213 1310 et
1239 1272 1412 1310 instituta
1438 1286 1585 1310 rursum
1612 1274 1715 1311 verbi

197 1341 314 1378 divini
348 1341 387 1377 in
422 1340 588 1376 omnium
624 1339 862 1376 vocationum
897 1337 1024 1374 officiis
1060 1338 1291 1388 praestandis
1329 1328 1557 1382 obedientia,
1583 1344 1626 1376 ut
1653 1339 1711 1376 in-

199 1405 419 1453 telligamus,
455 1404 608 1440 alterum
645 1402 961 1439 Sacramentariae
995 1401 1269 1450 obsignationis
1305 1403 1467 1439 fructum
1503 1415 1565 1440 seu
1601 1416 1717 1440 mem-

202 1470 305 1505 brum
343 1482 421 1505 5555
446 1468 608 1517 positum
635 1467 672 1504 et
699 1465 749 1504 in'
766 1466 958 1503 frenandis
986 1467 1122 1503 nostris
1149 1466 1248 1503 intra
1276 1480 1344 1503 nos
1372 1466 1574 1512 affectibus,
1607 1467 1644 1504 et
1678 1467 1718 1504 in

198 1533 426 1583 praestandis
458 1532 545 1569 item
582 1532 709 1568 officiis
744 1531 892 1582 publice
927 1535 963 1568 et
994 1530 1179 1581 privatim,
1212 1536 1254 1568 ut
1293 1531 1470 1581 cuiusque
1503 1532 1542 1568 id
1572 1532 1716 1569 vocatio

201 1599 366 1649 requirit.

251 1663 362 1700 Unde
387 1664 620 1712 perspicuum
646 1665 701 1698 est
727 1660 849 1705 etiam,
878 1673 983 1697 usum
1009 1659 1217 1709 legitimum
1246 1659 1463 1709 disciplinae
1481 1660 1717 1698 Ecclesiasti-

203 1742 263 1764 cae
291 1727 337 1764 ad
362 1728 683 1763 Sacramentorum
710 1725 957 1762 ministerium
985 1725 1138 1761 omnino
1166 1725 1361 1774 pertinere,
1390 1725 1488 1774 quod
1508 1725 1610 1761 illam
1632 1725 1718 1763 finis

200 1792 262 1828 ille
296 1791 512 1842 praecipuus
548 1790 715 1827 omnium
751 1791 1076 1826 Saeramentorum
1114 1789 1309 1839 complecti
1337 1789 1531 1827 manifeste
1559 1790 1716 1828 videtur.

201 1857 348 1893 Etenim
392 1856 455 1905 qui
497 1855 568 1891 sibi
602 1854 789 1891 Ecclesiae
824 1854 1132 1902 gubernationem
1171 1853 1422 1890 concreditam
1458 1853 1607 1899 habent,
1643 1853 1718 1891 sive

200 1934 263 1971 per
300 1921 401 1958 verbi
436 1924 471 1957 ct
507 1924 832 1963 sacramentorum,
869 1919 944 1956 sive
977 1931 1042 1969 per
1077 1919 1192 1967 gladii
1220 1918 1479 1961 ministerium,
1515 1919 1623 1956 facile
1657 1919 1716 1956 in-

199 1984 371 2032 telligunt
414 1997 492 2021 esse
534 1984 573 2020 id
611 1983 725 2020 debiti
762 1983 941 2033 officiique
979 1983 1057 2025 sui,
1101 1987 1139 2019 ut
1175 1983 1355 2033 peccandi
1389 1982 1575 2020 licentiam
1611 1984 1716 2020 iuxta

200 2061 303 2086 suum
340 2048 486 2098 utrique
520 2048 766 2084 ministerium
796 2052 1006 2094 coerceant3
1049 2051 1160 2098 atque
1188 2047 1296 2084 huius
1326 2048 1383 2084 sui
1411 2060 1448 2084 se
1476 2047 1585 2084 officii
1613 2060 1716 2084 com-

200 2113 389 2150 monefieri
424 2113 587 2150 sentiunt
622 2112 880 2162 proculdubio,
918 2112 1099 2162 siquidem
1134 2113 1240 2161 signa
1269 2113 1352 2160 (fol.
1383 2114 1465 2160 61¹2)
1497 2114 1713 2149 Sacramen-

200 2183 323 2214 torum
358 2177 608 2214 renovationis
642 2182 790 2214 nostrae
824 2177 929 2225 signa
965 2190 1055 2221 esse,
1082 2190 1165 2214 vere
1191 2181 1227 2214 et
1255 2190 1300 2214 ex
1326 2178 1451 2214 animo
1480 2177 1651 2223 credunt;
1680 2180 1716 2213 et

201 2243 264 2292 qui
297 2242 334 2278 id
371 2255 492 2279 secum
526 2255 600 2278 non
636 2246 807 2291 reputant
844 2242 940 2278 circa
972 2255 1083 2279 usum
1111 2244 1451 2285 Sacramentorum,
1489 2242 1653 2292 adeoque
1680 2246 1716 2279 et

204 2306 295 2342 1111111
323 2306 430 2341 11111115
457 2306 501 2342 ad
531 2318 568 2342 sc
593 2306 777 2355 pertinere
804 2306 1044 2351 arbitrantur,
1079 2306 1117 2342 hi
1145 2306 1315 2356 equidem
1344 2305 1617 2342 communionis
1645 2318 1713 2341 no-

205 2376 298 2406 strae
336 2382 416 2405 511111
451 2370 595 2405 Christo
633 2369 861 2418 mysterium,
896 2375 958 2407 aut
997 2371 1165 2407 nondum
1191 2370 1419 2419 intelligunt,
1447 2374 1521 2412 aut,
1548 2370 1578 2406 si
1605 2369 1715 2407 intel-

202 2436 341 2473 lectum
377 2432 579 2479 negligunt,
614 2433 665 2469 rei
702 2433 943 2482 proculdubio
981 2435 1075 2471 fiunt
1103 2434 1268 2485 corporis
1290 2439 1331 2470 et
1358 2434 1550 2482 sanguinis
1579 2434 1717 2471 Christi

205 2496 243 2532 111
273 2509 340 2531 usu
370 2498 699 2541 Sacramcntorum,
726 2502 803 2533 tum
833 2498 929 2546 quod
959 2499 1175 2547 mysterium
1203 2499 1366 2548 ipsorum
1395 2511 1472 2534 non
1501 2497 1716 2541 diiudicent,

204 2565 244 2596 ut
285 2559 431 2601 debent,
467 2565 543 2594 tuln
579 2561 677 2608 quod
713 2561 910 2609 mysticum
948 2562 1086 2599 Christi
1129 2575 1274 2612 corpus,
1297 2561 1511 2598 'Ecclesiam
1552 2562 1719 2611 inquam-

203 2623 344 2660 incuria
383 2622 698 2678 negligentiaque
713 2637 776 2660 sua
813 2625 1046 2668 dedecorant,
1084 2626 1171 2662 dum
1205 2626 1310 2669 illud,
1346 2625 1478 2662 laxatis
1508 2625 1627 2662 omnis
1656 2626 1714 2663 di-

207 2686 382 2736 sciplinae
420 2686 583 2730 habenis,
624 2687 732 2723 variis
769 2688 992 2736 flagitiorum
1029 2691 1226 2738 generibus
1254 2690 1370 2741 pollui
1399 2690 1716 2740 contaminarique

201 2751 405 2801 patiuntur.
885 2791 892 2800 ·

255 2815 306 2851 Ut
331 2815 446 2863 igitur
472 2815 582 2851 finem
608 2815 841 2865 praecipuum
868 2819 1035 2855 omnium
1055 2820 1376 2858 Sacramentorum
1399 2833 1481 2857 cum
1501 2819 1576 2857 suis
1594 2833 1711 2857 mem-

206 2879 281 2918 bris
310 2892 373 2917 scu
400 2878 582 2916 fructibus
612 2880 907 2929 complectamur,
937 2882 1094 2920 dicimus
1122 2883 1221 2922 hune
1248 2897 1326 2923 5555
1346 2885 1579 2937 praecipuum
1602 2885 1713 2923 finem
