1818 3178
753 127 992 157 PRAEFATIO.
1487 129 1632 158 LXXVII

120 240 212 285 unt,
245 233 459 289 quoniam,
490 246 576 275 non
605 233 704 274 bona
725 247 774 274 ew
796 237 939 286 parte,
975 231 1326 287 quemadmodnm
1359 232 1426 276 hic
1445 233 1635 288 quuitur

119 312 275 355 noster,
321 303 392 348 sed
437 305 557 346 nulla
598 319 762 357 prorsus
803 310 924 357 parte
954 305 997 346 in
1028 305 1118 360 ipsa
1150 304 1554 348 confessionelocns
1585 306 1636 348 de

115 375 395 418 sacramentis
427 374 692 430 expenditur.
753 375 849 418 Non
881 382 942 417 est
973 375 1083 429 quod
1115 383 1338 432 propterea
1370 377 1633 426 contendam,

119 446 450 494 Confessionem‚
480 461 606 500 quam
637 445 776 495 edidit,
805 461 830 488 a
851 445 1112 487 Londinensi
1134 446 1408 490 Confessione
1429 449 1635 490 diversam

120 532 222 559 esse.
274 518 374 558 Acu
405 531 504 558 sane
535 532 623 558 rem
656 516 793 572 tetigit
823 515 1020 559 Vinkius.
1065 516 1191 568 Quod
1224 518 1331 570 volo,
1362 518 1441 561 hoc
1470 524 1637 561 tantum

115 594 198 629 est:
246 587 400 642 partim
442 588 686 644 perexegui,
717 587 869 643 partim
902 587 1064 629 nullius
1095 590 1219 644 pretii
1249 605 1336 631 esse
1367 598 1633 647 argumenta,

116 658 267 715 quibus
308 658 566 700 authentiam
612 659 735 700 huius
781 658 1049 700 confessionis
1095 660 1309 702 vindicare
1357 670 1528 704 conatus
1570 663 1636 704 sit.

117 729 390 772 Paucissimis
435 730 569 787 igitur
616 730 704 786 ipse
744 729 869 771 huius
917 727 1200 772 Confessionis
1246 731 1460 775 historiam
1508 733 1638 789 ipsius

121 801 382 857 potissimum
415 800 542 843 Lasci
574 800 709 841 verbis
741 800 906 841 tradere
936 807 977 841 et
1007 815 1086 842 cur
1116 800 1261 843 debilis
1291 802 1442 844 Vinkii
1472 804 1638 845 ratioci-

116 872 296 914 nationis
328 872 640 914 conclusionem
671 877 809 911 tamen
843 870 1060 926 accipiam,
1083 871 1215 914 obiter
1237 872 1420 916 indicare
1442 874 1638 917 conabor.

172 944 367 986 Primum
411 943 522 984 hanc
569 941 883 984 Confessionem
927 944 1058 985 latino
1098 958 1284 995 sermone,
1317 952 1364 986 ut
1394 954 1504 988 recte
1536 947 1640 990 vidit

118 1014 327 1070 Longius,
360 1012 547 1054 Londini
578 1027 615 1055 a.
649 1012 758 1054 1551
791 1012 912 1068 prelo
942 1020 1083 1055 noster
1102 1013 1305 1065 submisit,
1334 1018 1444 1071 quod
1468 1017 1529 1059 his
1549 1006 1639 1060 eius

121 1085 172 1127 ad
205 1083 507 1140 Bullingerum
538 1082 738 1125 docemur
768 1082 905 1125 verbis
934 1084 978 1125 in
1010 1084 1148 1139 ep.'d.
1183 1087 1205 1128 7
1238 1085 1426 1128 Ianuarii
1458 1103 1494 1130 a.
1528 1089 1637 1130 1551

117 1157 234 1199 data:
285 1178 307 1204 ll
327 1155 558 1198 Ecclesiam
591 1169 719 1211 porro
749 1155 807 1196 ita
838 1153 1091 1211 colligimus,
1124 1164 1170 1197 ut
1201 1157 1273 1211 qui
1303 1157 1344 1198 in
1377 1158 1450 1200 illa
1480 1160 1640 1202 censeri

118 1253 138 1278 η
164 1228 277 1279 velit,
322 1230 456 1270 editae
493 1242 566 1280 per
611 1242 679 1269 nos
724 1227 961 1282 confessioni
991 1232 1151 1269 nostrae
1181 1228 1413 1272 subscribat
1536 1233 1641 1273 Eius

117 1323 138 1348 ῃ
163 1314 290 1356 porro
321 1300 587 1354 consessionis
618 1302 775 1340 nostrae
806 1297 965 1354 aliquot
994 1298 1251 1353 exemplaria
1272 1300 1322 1342 ad
1343 1308 1382 1342 te
1402 1303 1641 1345 transmitto

119 1392 140 1417 η
169 1379 215 1412 ut
245 1377 410 1411 nostrae
432 1369 644 1410 doctrinae
667 1369 849 1410 rationes
871 1369 1059 1425 cognitas
1080 1369 1276 1414 habeatis.
1308 1372 1475 1415 Vellem
1500 1383 1640 1417 autem

122 1464 143 1489 ss
167 1449 208 1483 et
229 1442 283 1485 D.
304 1441 483 1484 Calvino
504 1455 634 1482 unum
654 1456 679 1482 a
697 1440 811 1481 vobis
828 1441 1063 1490 transmitti,
1082 1442 1150 1482 cui
1166 1451 1308 1485 nostra
1329 1445 1468 1487 omnia
1485 1446 1641 1502 alioqui

119 1537 140 1562 u
164 1513 334 1570 probari
366 1512 605 1569 cupimus.'’
630 1514 661 1567 ¹)
708 1511 780 1554 Ad
811 1511 1038 1554 Imannum
1071 1511 1324 1557 Ortzenium
1356 1531 1521 1573 quoque
1552 1520 1642 1561 eius

115 1585 332 1642 exemplar
362 1585 425 1627 his
458 1583 594 1626 verbis
625 1599 660 1625 a.
697 1585 805 1626 1551
846 1585 978 1627 misit:
1016 1607 1037 1632 u
1062 1584 1205 1640 thue
1238 1588 1445 1642 specimen
1469 1590 1640 1645 aliquod

117 1680 138 1705 η
163 1658 315 1700 habeas
346 1657 477 1699 nostri
507 1656 574 1698 hic
605 1656 836 1704 ministerii,
868 1656 986 1698 mitto
1008 1655 1080 1698 tibi
1101 1657 1189 1698 eius
1211 1657 1422 1701 doctrinae
1444 1676 1639 1718 compen-

117 1753 139 1778 η
162 1728 324 1772 dium.’'
346 1730 381 1785 Ξ)
416 1728 517 1769 Huc
539 1742 706 1783 quoque
728 1726 897 1776 faciunt,
921 1742 1028 1782 quae
1051 1742 1087 1771 a.
1113 1728 1223 1770 1555
1247 1728 1298 1770 ad
1320 1728 1639 1786 sigismundum

115 1806 277 1841 noster:
322 1820 343 1846 η
367 1798 473 1840 Mox
504 1797 717 1840 communi
747 1812 917 1838 assensu
949 1797 1136 1841 omnium
1169 1800 1392 1856 utriusque
1425 1801 1639 1847 Ecclesiae

118 1893 140 1918 ,Ι
165 1869 452 1912 ministrorum
497 1883 547 1910 ac
589 1868 802 1910 seniorum
843 1869 980 1910 aedita
1021 1874 1080 1911 est
1107 1872 1213 1926 fidei
1237 1873 1400 1924 publica
1424 1876 1640 1931 professio,

120 1963 140 1989 n
167 1941 288 1983 cuius
330 1940 589 1996 potissimum
622 1940 790 1982 nomine
823 1939 1034 1982 Ecclesiae
1065 1941 1179 1996 ipsae
1210 1942 1559 1999 colligerentur,’'
1601 1947 1632 2004 ³)

117 2019 157 2055 et
189 2012 332 2069 paullo
363 2019 453 2068 post
486 2035 507 2060 n
531 2010 574 2052 id
606 2010 716 2065 quod
740 2011 875 2053 aedita
897 2011 1052 2067 alioqui
1072 2020 1168 2054 ante
1190 2014 1527 2071 quinquennium
1547 2018 1636 2063 fere

118 2107 141 2133 ῃ
164 2085 372 2127 Ecclesiae
423 2093 584 2125 nos-brae
630 2083 832 2138 consessio
871 2082 1198 2125 luculentissime
1229 2087 1448 2128 testatur.’'
1479 2088 1511 2146 ⁴)
1573 2089 1643 2147 Ip-

115 2170 207 2197 sum
239 2154 418 2210 denique
448 2152 577 2195 libelli
609 2153 778 2195 titulum
809 2153 849 2195 in
883 2169 944 2203 ea,
980 2169 1105 2209 quam
1138 2170 1174 2196 a.
1201 2157 1393 2199 1551ad
1418 2159 1638 2206 Hardenb.·

113 2226 225 2268 dedit
254 2226 442 2282 epistola,
477 2225 535 2267 sic
566 2224 786 2267 describit:
823 2247 843 2272 n
861 2225 1037 2281 Alioqui
1058 2242 1222 2270 summa
1239 2228 1451 2273 doctrinae
1471 2241 1639 2277 nostrae

118 2319 141 2345 ι]
166 2305 333 2354 praeter
373 2311 541 2338 causam
575 2295 963 2339 Sacramentariam
994 2296 1173 2339 habetur
1204 2299 1244 2341 in
1279 2300 1506 2355 Compendio
1535 2306 1640 2348 Doe-

121 2390 142 2416 u
169 2369 302 2411 trinae
348 2369 626 2410 Ecclesiarum
672 2369 736 2409 scic
770 2373 1011 2421 nostrarum,
1044 2369 1156 2425 quod
1186 2370 1252 2412 hic
1283 2372 1487 2417 edidimus
1517 2383 1557 2418 et
1588 2377 1641 2420 ad

118 2464 140 2489 n
165 2447 204 2482 te
245 2437 599 2482 transmisimus.'’
632 2439 664 2495 ⁵)
727 2438 854 2490 Quod
900 2445 1040 2482 autem
1083 2456 1206 2483 omne
1246 2442 1365 2486 nobis
1395 2446 1538 2489 eximit
1568 2448 1643 2491 du-

117 2512 247 2564 bium,
279 2511 402 2553 huius
434 2511 662 2567 ipsissimae
693 2510 880 2553 editionis
911 2512 1127 2568 exemplar
1156 2521 1228 2565 est,
1253 2515 1293 2556 in
1318 2515 1568 2561 Dublinensi
1587 2520 1645 2562 bi-

116 2581 324 2624 bliotheca
349 2597 374 2623 a
402 2579 519 2622 nobis
542 2580 767 2630 detectum,
795 2596 879 2637 qua
900 2582 940 2623 in
975 2598 1020 2624 re
1052 2583 1229 2626 faustam
1262 2585 1472 2630 fortunam
1506 2605 1642 2633 meam

161 2676 186 2715 ¹)
212 2674 313 2706 LAsct
341 2675 447 2715 Opera,
472 2674 542 2706 Vol.
565 2674 609 2705 II.
634 2685 667 2715 p.
691 2674 763 2707 646.

157 2729 185 2767 ¹)
209 2727 346 2765 Ibidem,
370 2727 440 2759 Vol.
464 2728 507 2759 II.
533 2739 564 2769 p.
587 2727 658 2759 651.

155 2783 181 2821 ³)
206 2781 348 2821 Ibidem,
372 2781 444 2815 Vol.
467 2783 510 2814 ΙΙ.
534 2793 566 2824 p,
590 2782 640 2813 11.

155 2838 185 2877 ⁴)
207 2837 342 2876 Ibidem,
366 2837 436 2871 Vol.
459 2839 503 2871 ΙΙ.
526 2849 559 2880 p.
581 2838 631 2869 32.
657 2838 708 2869 Cf.
732 2838 828 2869 etiam
851 2838 921 2871 Vol.
944 2839 992 2872 11.
1015 2851 1046 2882 p.
1072 2841 1143 2874 690.

159 2893 188 2935 ὅ)
211 2893 345 2933 Ibidem,
369 2893 440 2927 Vol.
462 2894 507 2928 ΙΙ.
529 2905 561 2935 p.
585 2894 656 2926 663.
692 2893 742 2927 Cf.
765 2894 841 2926 ibid.
864 2905 896 2936 p.
919 2894 990 2928 645.
