1818 3178
637 117 683 142 nn
711 117 871 143 cnmsrx
902 115 1216 143 incARNArmNE.
1634 102 1678 142 27

174 216 268 254 licae
297 216 414 254 totius
451 216 498 253 ad
535 216 712 265 virginem
738 224 892 254 matrem
918 216 1114 265 legationis
1139 207 1405 266 interpretatio,
1429 225 1474 250 ex
1501 225 1573 263 qua
1599 224 1682 262 per-

175 280 343 330 spicuum
378 283 445 323 est,
479 280 519 316 in
555 281 664 317 inodo
702 281 933 331 concipiendi
970 280 1107 317 Christi
1134 280 1227 316 nihil
1253 277 1353 316 aliud
1378 290 1399 314 a
1424 277 1505 326 lege
1531 281 1683 313 naturae

175 349 367 394 exceptum
394 343 544 380 omnino
573 357 663 388 esse,
689 358 798 394 quam
825 344 925 394 quod
951 343 1055 392 virgo
1071 343 1228 393 ipsomet
1252 341 1391 392 Spiritu
1409 344 1536 378 sancto
1556 343 1684 376 autore

175 408 254 446 sine
279 408 356 445 ullo
384 407 454 444 viri
480 412 620 445 attactu
648 409 829 459 concepit,
855 408 956 458 quod
982 407 1151 457 equidem
1179 420 1253 444 non
1282 405 1400 449 efficit,
1426 403 1623 455 quominus
1638 416 1683 441 ex

175 484 240 509 sua
266 470 382 521 ipsius
410 471 617 508 substantia
644 472 746 520 virgo
776 470 994 521 conceperit,
1019 491 1068 497 —
1094 470 1168 507 imo
1190 482 1275 506 vero
1295 473 1469 506 testatur:
1489 467 1684 516 Virginem

173 539 328 572 matrem
363 534 498 571 virtute
533 534 669 572 Divina
697 534 912 572 naturaliter
939 533 1161 583 concepisse,
1190 532 1335 570 etiamsi
1361 532 1422 569 hie
1446 532 1504 569 lex
1532 536 1685 568 naturae

172 595 354 635 reclamet.
394 598 525 648 Neque
560 598 646 635 huic
678 597 974 648 interpretationi
1007 597 1105 633 ullus
1133 597 1335 647 scripturae
1362 597 1464 633 locus
1491 599 1684 645 repugnat,

174 659 205 696 si
239 660 428 710 proprium
466 660 641 711 cuiusque
675 673 827 711 scopum
861 659 1012 709 propius
1046 659 1268 704 intueamur,
1302 658 1339 696 id
1367 658 1467 709 quod
1493 671 1579 695 mox
1608 658 1684 695 suis

171 723 263 761 locis
292 724 424 760 clarius
452 724 653 773 apparebit.
682 723 809 762 Quare
836 735 919 759 cum
945 735 1014 759 nos
1040 721 1080 759 in
1099 722 1331 772 concipiendi
1350 724 1461 760 verbo
1480 723 1683 772 simplicem

173 801 216 825 ac
241 788 379 825 nudam
406 788 716 836 significationem
742 787 976 831 retineamus,
1002 786 1223 823 retineamus
1241 786 1330 823 item
1348 787 1463 824 totius
1483 787 1684 837 scripturae

174 865 405 898 consensum,
449 858 484 889 et
522 865 604 889 cum
641 851 836 900 Propheta,
873 849 1115 898 Evangelista
1149 853 1259 900 atque
1295 852 1454 899 Angelo,
1490 851 1684 899 Virginem

172 922 326 954 matrem
353 929 435 953 vere
462 920 497 953 et
524 915 741 953 naturaliter
766 914 894 951 matris
920 914 961 951 in
990 913 1233 963 concipiendo
1261 915 1432 961 officium,
1459 915 1559 965 quod
1584 915 1623 952 in
1646 927 1684 952 se

172 983 262 1025 erat,
293 980 476 1030 peregisse
514 979 721 1024 doceamus,
756 978 931 1015 efficiente
958 977 1134 1015 nimirum
1162 977 1303 1028 Spiritu
1329 984 1470 1025 sancto,
1497 980 1596 1030 quod
1623 980 1684 1017 lex

173 1051 324 1081 naturae
351 1044 530 1092 negabat3
546 1048 717 1079 —tuum
742 1042 817 1079 iam
844 1045 940 1079 esset
966 1041 1171 1087 ostendere,
1199 1054 1263 1079 cur
1284 1043 1418 1080 reiecta
1438 1043 1597 1094 simplici
1617 1044 1684 1080 hac

173 1112 299 1144 nostra
342 1107 656 1156 interpretatione,
698 1107 894 1154 figuratam
929 1111 1031 1142 tuam
1065 1105 1238 1155 amplecti
1273 1105 1325 1153 (D
1354 1106 1437 1154 viia)
1475 1107 1684 1145 debeamus.

174 1170 281 1208 Quae
307 1183 352 1207 ex
379 1170 571 1219 scripturis
598 1169 712 1206 veluti
738 1168 942 1218 pugnantia
970 1168 1114 1214 obiicis,
1139 1181 1181 1205 ea
1209 1169 1304 1206 nihil
1331 1174 1459 1207 contra
1479 1183 1547 1207 nos
1566 1171 1686 1208 facere

171 1234 260 1279 suis,
293 1238 336 1270 ut
363 1233 450 1278 dixi,
476 1233 568 1269 loeis
594 1231 824 1282 apertissime
849 1231 1111 1269 indicabimus.
1165 1231 1250 1278 Sed,
1274 1236 1316 1269 ut
1342 1232 1504 1282 aliquam
1530 1233 1600 1270 tibi
1627 1247 1684 1271 re-

170 1296 412 1346 pugnantiam
448 1295 639 1341 donemus,
673 1308 721 1332 an
748 1294 917 1345 protinus
944 1295 1104 1331 liberum
1130 1308 1209 1332 esse
1234 1295 1396 1345 putabis,
1422 1296 1580 1346 quodvis
1607 1302 1684 1334 tro-

169 1373 301 1409 porum
337 1372 454 1407 genus
489 1360 529 1396 in
566 1359 765 1409 scripturas
800 1363 836 1396 te
871 1371 979 1409 posse
1012 1359 1199 1404 invehere,
1225 1373 1272 1397 ne
1300 1360 1419 1397 dicam
1447 1361 1685 1409 confingere?

170 1426 247 1459 Aut
274 1435 346 1473 quo
374 1422 453 1459 iure
479 1422 517 1458 id
546 1421 614 1459 tibi
643 1421 794 1458 concedi
819 1422 1039 1471 postulabis,
1065 1427 1106 1459 ut
1133 1426 1274 1472 tropos,
1301 1435 1460 1472 quorum
1488 1423 1612 1460 nullus
1631 1428 1687 1460 est

168 1486 208 1523 in
246 1485 437 1535 scripturis
472 1498 574 1531 usus,
610 1484 656 1521 ad
684 1497 809 1522 earum
835 1485 1179 1535 interpretationem
1206 1498 1272 1536 pro
1302 1495 1365 1522 tuo
1393 1485 1547 1523 arbitrio
1576 1486 1684 1524 adhi-

171 1550 267 1592 beas,
294 1563 339 1586 ne
367 1549 486 1586 dicam
515 1550 732 1598 confingas?
772 1549 910 1596 Quare,
935 1557 977 1587 ut
1005 1549 1133 1587 demus
1159 1549 1199 1587 in
1226 1550 1339 1587 verbo
1369 1551 1602 1601 concipiendi
1620 1566 1684 1589 ex-

170 1613 341 1664 ponendo
377 1617 526 1664 tropum
552 1613 721 1650 adhiberi
748 1617 917 1663 oportere
943 1620 1094 1664 propter
1119 1618 1202 1651 tuas
1230 1613 1470 1659 obiectiones‚
1496 1616 1684 1653 undenam

167 1683 269 1714 tuam
311 1676 371 1713 hic
411 1676 519 1713 nobis
555 1676 897 1726 interpretationem
933 1676 1171 1727 approbabis,
1206 1690 1278 1727 qua
1316 1678 1437 1724 doces,
1474 1680 1687 1725 concepisse

170 1741 239 1777 hoc
273 1740 353 1777 loeo
388 1740 488 1777 idem
521 1753 610 1785 esse,
647 1740 748 1790 quod
783 1740 933 1777 aliunde
969 1747 1189 1791 conceptum
1222 1744 1411 1790 gestasse?
1467 1744 1547 1781 Nos
1586 1745 1684 1782 clara
1725 1750 1728 1754 ⁴

168 1806 304 1853 Angeli
330 1805 441 1842 verba
468 1804 708 1854 proferimus:
746 1804 844 1841 Ecce
871 1805 1055 1855 concipies
1080 1805 1120 1842 in
1146 1810 1251 1842 utero
1279 1806 1409 1852 filium,
1445 1812 1481 1843 et
1515 1808 1680 1844 ostendi-

167 1881 248 1904 mus
283 1880 325 1905 ea
361 1880 437 1905 non
463 1872 539 1904 tam
564 1868 613 1905 ad
638 1867 802 1913 modum,
830 1881 940 1917 quam
966 1868 1013 1905 ad
1041 1868 1235 1906 historiam
1262 1870 1515 1920 conceptionis
1543 1871 1682 1909 Christi

166 1932 348 1982 pertinere
373 1931 509 1981 potius,
543 1945 654 1982 quam
681 1931 850 1982 equidem
878 1933 1059 1982 explicato
1086 1946 1174 1970 mox
1202 1934 1435 1984 concipiendi
1460 1935 1571 1972 modo
1601 1938 1680 1973 An-

167 1997 270 2044 gelus
304 1996 383 2045 ipse
419 1996 625 2033 confirmat.
682 1996 785 2032 Haec
824 2009 900 2032 non
937 1997 1102 2046 negabis,
1130 1997 1275 2047 opinor,
1302 2004 1337 2035 ct
1365 1999 1520 2049 proinde
1548 2014 1682 2048 negare

166 2073 312 2110 quoque
349 2072 425 2096 non
461 2058 609 2109 poteris,
644 2058 826 2107 virgi-(D
857 2059 1028 2107 viib)nem
1065 2061 1288 2111 concepisse,
1326 2068 1360 2099 et
1388 2062 1537 2112 quidem
1563 2064 1681 2101 filium

166 2136 286 2165 suum,
313 2122 424 2172 idque
449 2122 489 2158 in
515 2126 620 2159 utero
649 2134 729 2159 SUO.
759 2122 808 2159 Et
834 2129 1075 2173 posteaquam
1101 2124 1342 2170 ostendimus,
1369 2131 1504 2162 inatres
1532 2126 1570 2163 in
1592 2135 1681 2164 co‘n-

168 2186 336 2236 cipiendo
372 2187 476 2222 foetu
510 2198 588 2222 non
625 2185 742 2222 solere
776 2197 928 2235 prorsus
964 2187 1107 2225 ociosas
1143 2200 1221 2224 esse
1248 2190 1287 2235 (a
1315 2201 1387 2238 qua
1416 2202 1503 2226 sane
1531 2197 1683 2229 naturae

167 2251 247 2298 lege
286 2249 377 2286 nibil
406 2249 465 2285 hic
492 2249 539 2285 ab
567 2249 698 2297 angelo
727 2254 922 2299 exceptum
947 2263 1026 2287 esse
1053 2251 1255 2299 videmus),
1282 2265 1355 2302 quo
1383 2262 1505 2302 pactO,
1534 2268 1682 2304 quaeso,

167 2314 283 2362 Virgo
311 2321 427 2350 mater
456 2312 666 2362 concepisse
693 2313 763 2350 tibi
789 2313 907 2350 filium
935 2327 1042 2351 suum
1069 2315 1222 2359 dicetur,
1250 2315 1281 2352 si
1309 2315 1353 2353 de
1380 2330 1445 2353 suo
1466 2317 1557 2355 nihil
1578 2332 1681 2369 pror-

168 2392 229 2416 sus
263 2378 302 2415 in
340 2376 582 2427 concipiendo
618 2376 753 2420 attulit,
780 2378 843 2414 sed
870 2378 1019 2416 aliunde
1046 2385 1265 2429 conceptum
1294 2380 1473 2431 duntaxat
1497 2384 1682 2430 gestavit?

168 2447 246 2480 Aut
281 2455 353 2492 quo
392 2448 499 2492 pacto
537 2440 706 2477 Christus
740 2441 828 2478 item
863 2442 963 2479 filius
998 2442 1098 2480 illius
1134 2443 1215 2488 erit,
1242 2444 1273 2481 si
1299 2445 1439 2481 nullam
1467 2446 1523 2482 sui
1549 2461 1593 2483 ex
1620 2448 1682 2485 illa

166 2507 347 2555 originem
375 2505 449 2542 ulla
476 2517 626 2554 prorsus
650 2517 693 2540 ex
720 2511 823 2553 parte
849 2505 1016 2555 accepit?
1053 2506 1238 2556 Equidem
1265 2507 1325 2544 hic
1352 2509 1544 2547 ostendere
1572 2512 1681 2548 ‹lebe-

167 2583 224 2608 res
251 2569 299 2607 ad
327 2568 605 2619 approbandam
632 2568 742 2605 nobis
768 2569 1110 2618 interpretationem
1136 2575 1250 2616 tuam,
1269 2555 1431 2609 ⁴ubinam
1457 2573 1495 2610 in
1525 2575 1682 2626 scriptu-

165 2634 215 2671 ris
252 2638 368 2670 mater
405 2631 615 2681 concepisse
641 2631 798 2679 legatur,
825 2646 919 2682 quac
944 2633 983 2670 in
1012 2634 1254 2684 concipiendo
1282 2636 1385 2673 foetu
1412 2636 1505 2673 nihil
1533 2651 1682 2687 prorsus

167 2695 213 2732 de
246 2707 312 2732 suo
340 2693 517 2738 attulerit,
545 2693 608 2730 sed
635 2693 784 2731 aliunde
813 2700 1033 2745 conceptum
1061 2696 1241 2735 duntaxat
1266 2699 1433 2748 gestarit,
1459 2705 1523 2737 aut
1549 2702 1682 2752 aliquis

164 2759 244 2797 eius
278 2758 408 2797 matris
443 2758 541 2795 filius
577 2770 656 2794 esse
693 2758 847 2804 dicatur,
884 2772 926 2796 ex
955 2773 1026 2809 qua
1055 2761 1206 2808 nullam,
1232 2767 1274 2799 ut
1301 2762 1390 2808 dixi,
1417 2763 1598 2812 originem
1627 2768 1684 2805 sui

165 2823 241 2860 ulla
268 2835 421 2873 prorsus
448 2835 493 2859 cx
522 2825 622 2872 parte
641 2822 876 2871 sumpsisset:
891 2822 931 2860 id
950 2836 1059 2874 porro
1080 2830 1267 2875 utrunque
1287 2825 1316 2862 si
1337 2838 1518 2876 nusquam
1538 2828 1684 2878 legitur,
