1818 3178
484 126 533 152 DE
562 127 843 154 sacmmnnrls
875 127 1091 154 ECCLESJAE
1120 128 1298 155 cnals'rI.
1586 120 1652 156 185

129 223 272 292 tibg‘em
309 229 386 267 sive
421 228 665 268 ablutionem.
719 229 786 267 Ait
822 230 919 267 enim
957 229 1103 276 diserte,
1138 242 1176 267 se
1212 243 1229 267 a
1269 229 1348 267 Deo
1385 230 1537 268 missum
1566 244 1658 276 esse,

130 298 170 331 ut
206 307 300 344 aqua
337 293 498 342 tingeret
535 293 611 330 sive
647 293 799 338 lavaret,
835 306 910 337 seu,
946 298 985 331 ut
1014 306 1103 331 voce
1131 293 1274 331 Graeca
1302 299 1463 340 utamur,
1491 294 1657 345 baptiza-

130 363 185 396 ret
207 359 249 406 ι).
289 358 422 394 Postea
451 369 536 393 vero
567 357 736 394 Christus
764 356 949 394 Dominus
977 357 1098 402 iussit,
1125 362 1166 394 ut
1193 357 1382 406 tingamur
1408 362 1472 395 aut
1490 357 1657 395 lavemur

131 435 226 472 aqua
252 421 292 458 in
320 434 453 458 nomen
482 421 604 458 Patris
632 421 719 458 Filii
747 427 781 459 et
811 422 970 472 Spiritus
998 422 1118 458 sancti
1140 423 1183 468 ²).
1223 422 1282 459 Ita
1313 434 1397 459 vero
1425 426 1461 459 et
1488 422 1534 459 ab
1553 423 1657 473 Apo-

130 486 234 524 stolis
269 486 411 523 factum
446 498 526 522 esse
562 485 731 534 legimus,
768 485 820 522 sic
856 489 897 523 ut
934 486 970 522 et
1007 498 1051 522 ex
1087 485 1279 535 Baptistae
1305 485 1519 523 testimonio
1547 490 1658 536 atque

130 551 310 600 exemplo,
347 549 384 587 et
421 562 463 586 ex
493 549 634 587 Christi
661 549 814 587 Domini
841 549 1090 594 institutione,
1117 549 1276 600 denique
1303 555 1338 588 et
1365 563 1410 588 ex
1437 551 1657 600 Apostolica

128 615 388 652 observatione
416 614 618 652 clarissime
647 620 804 659 constet,
829 615 913 662 (fol.
943 616 1026 662 842²)
1054 614 1200 663 signum
1235 628 1255 652 a
1284 614 1362 652 Deo
1389 615 1470 665 ipso
1500 615 1651 652 ordina-

126 683 206 716 tum
247 691 326 716 esse
360 678 582 717 tinctionem
617 679 658 716 in
692 691 788 729 aqua
824 691 889 716 seu
923 678 1167 724 ablutionem,
1204 692 1223 716 a
1260 692 1332 729 qna
1369 684 1403 718 et
1441 679 1655 731 Baptismus

130 745 297 787 vocatur,
323 743 536 793 etquidem
564 743 604 780 in
632 755 769 780 nomen
796 742 913 793 patris
941 746 976 779 et
1004 742 1073 779 filii
1100 746 1136 779 et
1164 742 1315 792 spiritus
1344 744 1475 782 sancti.

183 805 404 856 Mysterium
440 820 526 845 vero
565 807 740 858 baptismi
767 806 877 843 nobis
905 806 1047 843 indicat
1074 806 1230 856 ipsemet
1259 807 1430 845 Christus
1458 808 1656 854 Dominus,

129 869 219 908 dum
252 884 322 909 nos
356 872 397 909 in
433 885 569 909 nomen
604 871 720 921 patris
756 875 792 908 et
828 870 896 906 filii
931 875 968 907 et
1004 870 1155 920 spiritus
1185 871 1305 908 sancti
1333 871 1511 922 baptizari
1539 873 1656 919 iubet,

128 936 312 986 siquidem
348 936 460 974 verba
497 937 588 974 haec
622 935 726 973 iuxta
753 935 859 972 Pauli
885 934 1232 985 interpretationem
1259 936 1496 986 accipiamus,
1524 950 1654 989 nempe

127 1006 295 1039 nostram
332 1014 415 1039 cum
450 1005 555 1052 patre
590 1004 626 1038 et
661 1000 740 1037 filio
777 1004 812 1037 et
848 999 979 1050 spiritu
1013 1004 1141 1037 sancto
1175 1013 1240 1050 per
1278 1014 1315 1037 se
1343 1002 1657 1048 communionem,

127 1069 163 1103 et
198 1065 355 1116 proinde
390 1072 558 1103 nostram
595 1077 744 1116 quoque
778 1078 902 1102 secum
944 1065 1260 1105 communionem.
1316 1066 1517 1115 Quomodo
1555 1069 1654 1108 enim

129 1132 430 1169 communionem
467 1144 551 1168 eum
586 1130 665 1168 Deo
694 1135 799 1181 patre
825 1131 902 1167 filio
931 1134 966 1168 et
1002 1130 1133 1181 spiritu
1171 1136 1314 1178 sancto,
1351 1137 1386 1170 et
1414 1133 1563 1183 quidem
1591 1147 1654 1185 per

128 1196 321 1235 Christum
364 1196 582 1241 Dominum,
625 1195 761 1233 habere
805 1208 1011 1246 possemus,
1057 1196 1088 1233 si
1125 1209 1201 1234 non
1238 1197 1340 1247 prius
1378 1211 1459 1235 eum
1496 1199 1654 1249 ipsomet

129 1260 277 1299 Christo
305 1261 468 1298 Domino
497 1260 660 1311 aliquam
689 1260 991 1297 communionem
1018 1260 1265 1298 haberemus?

177 1326 293 1363 Porro
329 1329 370 1364 ut
405 1339 451 1363 ex
487 1326 602 1363 Paulo
641 1329 799 1371 constet,
836 1325 990 1376 perinde
1026 1339 1117 1371 esse,
1153 1326 1228 1364 sive
1257 1340 1325 1364 nos
1353 1326 1392 1364 in
1420 1340 1556 1365 nomen
1588 1328 1654 1366 Dei

125 1390 241 1440 patris
285 1393 321 1428 et
355 1389 424 1427 filii
460 1393 496 1427 et
542 1389 694 1440 spiritus
739 1389 871 1434 sancti,
911 1390 988 1427 sive
1024 1390 1063 1427 in
1110 1391 1410 1428 communionem
1455 1393 1573 1443 patris
1620 1397 1656 1431 et

125 1454 193 1492 filii
221 1458 256 1493 et
284 1455 437 1506 spiritus
465 1455 585 1492 sancti
614 1454 794 1506 baptizari
814 1454 994 1500 dieamus,
1013 1476 1063 1483 —-
1082 1455 1242 1506 primum
1265 1456 1352 1493 dum
1372 1457 1542 1506 legimus,
1557 1459 1653 1495 mul-

126 1524 184 1557 tos
219 1519 265 1557 ab
302 1519 393 1570 ipsis
428 1519 539 1557 etiam
576 1519 770 1570 Apostolis
806 1519 844 1556 in
875 1532 1011 1557 nomen
1039 1519 1181 1556 domini
1208 1520 1293 1557 Iesu
1323 1520 1503 1559 duntaxat
1532 1521 1653 1572 bapti-

125 1588 228 1621 zatos
264 1597 361 1621 esse:
399 1596 476 1621 non
513 1583 726 1621 dubitamus
754 1597 854 1624 sane.
880 1596 955 1626 eos,
983 1584 1047 1634 qui
1072 1583 1125 1621 ita
1154 1589 1240 1622 sunt
1270 1585 1458 1635 baptizati,
1486 1591 1583 1624 recte
1611 1599 1654 1623 ae

122 1648 288 1697 legitime
319 1648 524 1698 baptizatos
552 1647 678 1686 fuisse.
726 1648 844 1685 Nemo
875 1648 974 1685 enim
1001 1648 1048 1685 ad
1078 1648 1272 1686 dominum
1299 1649 1424 1686 Iesum
1453 1650 1536 1698 (fol.
1567 1652 1652 1699 841’)

127 1725 209 1749 vere
245 1712 428 1762 pertinere
462 1718 596 1762 potest,
629 1712 721 1763 quin
757 1718 792 1750 et
828 1713 875 1750 ad
912 1712 1032 1750 Deum
1068 1712 1179 1751 simul
1214 1719 1356 1764 patrem
1389 1718 1425 1751 et
1461 1714 1579 1753 filium
1618 1720 1654 1752 et

126 1776 297 1827 spiritum
334 1781 503 1814 sanctum
539 1776 692 1814 omnino
726 1778 838 1814 etiam
871 1777 1068 1828 pertineat.
1122 1777 1170 1815 Et
1204 1777 1362 1827 proinde
1398 1791 1443 1815 ne
1471 1778 1651 1829 baptizari

125 1841 274 1890 quidem
310 1841 422 1878 etiam
458 1854 542 1878 vere
577 1845 698 1891 potest
727 1841 925 1892 quisquam
950 1842 990 1879 in
1019 1855 1155 1880 nomen
1184 1842 1326 1879 domini
1354 1843 1455 1888 Iesu,
1481 1843 1571 1894 quin
1600 1844 1650 1881 si-

126 1907 204 1942 mul
239 1906 351 1943 etiam
386 1906 425 1943 in
454 1919 590 1943 nomen
617 1907 733 1956 patris
761 1911 796 1944 et
823 1907 892 1944 filii
918 1911 954 1944 et
983 1907 1134 1958 spiritus
1162 1907 1283 1945 sancti
1311 1907 1537 1958 baptizetur;
1567 1921 1650 1946 cum

126 1970 339 2022 praesertim
378 1970 422 2009 de
459 1976 642 2008 certorum
677 1971 717 2008 in
746 1972 930 2022 baptismo
961 1973 1157 2010 verborum
1184 1973 1506 2023 pronunciatione,
1532 1974 1582 2011 ita
1610 1979 1652 2012 ut

129 2036 263 2073 variari
299 2049 375 2073 non
411 2036 569 2086 possint,
606 2037 750 2074 nullum
788 2037 897 2087 plane
933 2051 1090 2088 usquam
1127 2037 1342 2075 mandatum
1379 2038 1419 2075 in
1459 2039 1653 2089 scripturis

126 2106 250 2139 extare
278 2101 480 2139 videamus.

179 2166 220 2203 Si
256 2178 340 2204 vero
378 2165 543 2214 legitime
580 2166 758 2216 baptizati
796 2171 894 2211 sunt,
930 2167 994 2217 qui
1029 2167 1069 2204 in
1106 2179 1241 2204 nomen
1271 2167 1413 2204 domini
1442 2168 1527 2205 Iesu
1555 2168 1650 2206 (lun-

128 2235 232 2268 taxat
269 2236 354 2267 sunt
392 2229 580 2280 b.·ptizati‚
616 2230 799 2280 equidem,
838 2231 883 2268 ad
922 2244 1030 2281 quem
1059 2232 1212 2268 moduni
1238 2231 1375 2269 Paulus
1404 2233 1555 2283 exponit
1584 2247 1652 2272 nos

128 2294 167 2331 in
205 2307 342 2331 nomen
379 2293 521 2330 domini
557 2294 642 2330 Iesu
673 2294 863 2345 baptizari,
900 2296 947 2332 ad
983 2295 1139 2332 eundem
1168 2308 1314 2345 quoque
1342 2297 1494 2334 modum
1521 2304 1557 2335 et
1587 2311 1653 2336 nos

128 2359 240 2396 verba
275 2359 339 2395 illa
374 2358 582 2407 intelligere
618 2359 807 2402 debemus,
844 2360 932 2396 dum
968 2372 1035 2396 nos
1071 2360 1111 2396 in
1147 2373 1281 2397 nomen
1320 2361 1435 2411 patris
1463 2367 1498 2399 et
1525 2362 1592 2399 filii
1618 2367 1654 2400 ct

126 2423 279 2474 spiritus
307 2422 427 2460 sancti
456 2422 636 2472 baptizari
664 2422 846 2461 audimus.

180 2487 261 2524 Iam
300 2499 382 2523 cum
420 2486 555 2523 Paulus
594 2486 704 2530 dicat,
740 2500 815 2532 eos,
851 2487 912 2537 qni
950 2487 989 2524 in
1017 2499 1152 2524 nomen
1182 2487 1336 2525 Domini
1363 2489 1448 2526 Iesu
1478 2489 1654 2540 baptizati

128 2556 227 2596 sunt,
268 2551 307 2588 in
335 2551 533 2601 ipsummet
572 2550 773 2588 Dominum
809 2551 932 2588 Iesum
970 2550 1159 2588 Christum
1196 2551 1404 2602 baptizatos
1441 2566 1519 2590 esse
1547 2555 1591 2600 ³),
1619 2559 1654 2590 et

129 2630 290 2660 rursum,
317 2616 381 2666 qui
408 2616 447 2652 in
477 2615 666 2652 Christum
694 2615 818 2653 Iesum
849 2616 1024 2666 baptizati
1053 2620 1151 2660 sunt,
1179 2616 1218 2653 in
1247 2623 1400 2655 mortem
1422 2618 1538 2668 ipsius
1563 2619 1652 2668 bap-

129 2682 261 2719 tizatos
298 2694 399 2727 esse3
434 2680 480 2717 ad
517 2689 719 2717 extremuni
758 2693 856 2725 ver0,
892 2681 928 2717 in
970 2686 1124 2717 mortem
1163 2681 1303 2718 Christi
1342 2682 1547 2732 baptizatos
1575 2695 1655 2719 esse

127 2745 279 2796 perinde
316 2759 395 2782 esse
437 2750 600 2794 exponat
626 2750 737 2794 atquc
765 2745 803 2781 in
833 2745 1130 2782 communionem
1162 2745 1290 2783 mortis
1320 2746 1458 2783 Christi
1489 2746 1652 2796 baptiza-

173 2875 196 2912 ¹)
220 2874 267 2906 10.
293 2874 319 2905 l.
447 2874 473 2912 2)
498 2874 576 2904 Mat.
601 2872 655 2903 ult.
786 2871 812 2911 ³)
838 2873 925 2904 Rom.
950 2873 977 2903 6.
