1818 3178
207 138 252 173 12
662 142 713 168 DE
740 140 905 167 cnmsrr
934 137 1250 167 INCARNATIONE.

204 260 224 285 e
251 246 381 297 spiritu
408 244 712 293 (commutatione
739 241 915 291 quadam)
941 241 1080 277 factum
1108 252 1187 276 esse
1214 252 1374 287 carnem,
1388 254 1505 292 neque
1521 241 1623 280 aliud
1637 255 1718 281 esse

203 310 257 348 ais
294 309 483 347 Christum
515 307 554 343 in
583 318 702 350 carne,
728 318 839 355 quam
866 303 1019 341 verbum
1048 303 1294 349 incarnatum,
1321 305 1421 355 quod
1448 305 1536 342 olim
1565 305 1716 356 spiritus

202 377 290 410 erat.
320 372 394 408 Hic
418 370 530 419 igitur
554 368 710 405 Paulum
735 367 894 405 iudicem
921 367 1128 404 audiamus.
1156 366 1195 403 Is
1222 380 1308 404 vero
1337 368 1526 406 Christum
1545 369 1716 419 spiritum

202 435 370 485 appellat,
398 433 570 471 nimirum
598 430 702 468 verbi
729 434 897 468 naturam
915 430 953 467 in
975 430 1040 466 illo
1060 429 1222 474 intuens,
1240 443 1309 467 nos
1327 431 1374 467 ad
1390 431 1591 480 imaginem
1614 445 1717 470 suam

202 497 334 533 virtute
371 508 434 531 sua
469 493 808 531 transformantem.
865 492 1063 537 Dominus,
1099 490 1232 541 inquit,
1269 493 1421 542 spiritus
1447 498 1514 532 est.
1569 494 1716 533 Quodsi

200 560 351 597 verbum
387 559 425 595 in
463 570 608 595 carnem
636 557 796 597 transiit.
824 569 896 607 quo
923 563 1031 606 pacto
1061 555 1232 593 Christus
1259 569 1279 593 a
1306 556 1422 594 Paulo
1449 562 1602 596 vocatur
1631 559 1716 610 Spi-

199 622 316 658 ritus?
369 621 445 657 Aut
482 619 512 656 si
539 619 742 656 etiamnum
772 619 931 669 Spiritus
958 622 1026 662 est,
1053 630 1125 667 quo
1153 621 1262 668 pacto
1293 623 1463 657 constare
1489 621 1626 670 poterit
1652 626 1716 659 tua

200 686 244 723 de
270 685 368 722 illius
394 683 650 721 incarnatione
678 683 874 720 doctrina?
912 682 993 719 Nos
1021 681 1136 730 igitur
1163 681 1232 719 Dei
1258 682 1375 732 ipsius
1403 696 1531 721 vocem
1561 686 1717 735 sequuti,

199 749 342 799 sequuti
361 752 395 786 et
414 747 519 785 Pauli
540 747 760 790 doctrinam,
778 759 896 796 neque
915 746 1053 783 factum
1074 758 1164 789 esse,
1185 759 1303 796 neque
1314 747 1364 794 (B
1376 746 1451 794 iiia)
1463 748 1717 799 fieripotuisse

200 814 386 856 docemus,
412 816 451 849 ut
479 810 631 848 verbum
659 810 764 855 illud,
791 810 891 860 quod
918 809 1018 846 Deus
1045 812 1112 852 est,
1140 809 1214 846 ulla
1236 822 1400 859 uuquam
1422 812 1716 850 commutatione

198 879 336 915 factum
379 877 426 914 sit
463 889 560 914 carc.
613 876 755 912 Locum
792 873 946 912 Ioannis
981 874 1087 910 illum
1119 890 1136 906 a
1151 873 1316 910 Verbum
1356 887 1440 911 caro
1469 875 1609 913 sactum
1636 877 1716 915 est'’
1761 914 1764 917 Δ

196 945 324 992 postea
351 940 611 991 expendemus,
639 941 703 990 qui
731 938 868 976 nullam
897 937 1006 975 nobis
1035 938 1339 984 commutationis
1368 939 1625 977 necessitatem
1644 941 1715 977 im-

196 1005 313 1056 ponit.
368 1004 480 1041 Nunc
523 1003 623 1054 quod
660 1002 844 1053 coepimus
880 1014 1155 1052 prosequemur,
1192 1001 1263 1038 hoc
1300 1005 1367 1046 est,
1403 1015 1563 1052 quonam
1604 1003 1715 1041 modo

197 1068 362 1106 Verbum
382 1069 521 1106 factum
537 1068 584 1104 sit
603 1080 699 1112 caro,
717 1066 795 1103 sine
813 1066 887 1103 ulla
898 1065 1058 1102 Divinae
1079 1078 1164 1102 suae
1182 1065 1401 1103 existentiae
1413 1068 1714 1106 commutatione.

247 1133 293 1169 Id
329 1145 414 1169 vero
452 1131 561 1169 nobis
594 1130 838 1181 pulcherrime
873 1129 1026 1180 exponit
1060 1129 1209 1173 Paulus,
1236 1129 1382 1167 etiamsi
1408 1134 1448 1167 tu
1476 1128 1587 1168 verba
1615 1131 1716 1169 illius

201 1197 382 1234 invertere
411 1196 567 1233 conaris.
623 1195 802 1237 Christus,
828 1193 963 1243 inquit,
993 1205 1075 1231 cum
1103 1194 1142 1231 in
1171 1194 1290 1231 forma
1316 1193 1387 1231 Dei
1414 1198 1522 1239 esset,
1550 1208 1626 1233 non
1654 1209 1716 1233 ra-

201 1262 325 1312 pinam
362 1260 561 1298 arbitratus
596 1263 663 1304 est,
698 1262 736 1296 ut
765 1261 861 1295 esset
887 1257 1051 1308 aequalis
1079 1257 1171 1302 Dec,
1199 1257 1263 1294 sed
1291 1259 1526 1308 semetipsum
1555 1259 1717 1298 inanivit

203 1326 320 1362 forma
348 1325 443 1362 servi
471 1328 628 1374 sumpta.
655 1322 851 1366 Audimus,
877 1334 973 1363 ecee,
1000 1321 1269 1358 incarnationis
1289 1322 1462 1359 modum:
1479 1323 1714 1374 semetipsum

200 1389 359 1426 inanivit
394 1388 562 1438 (inquit),
598 1389 722 1433 forma
759 1389 855 1423 servi
888 1393 1046 1435 sumpta.
1102 1386 1220 1430 Quid,
1264 1385 1432 1430 obsecro,
1477 1387 1612 1424 clarius
1641 1388 1715 1425 dici

200 1453 345 1502 potest?
381 1451 545 1489 Dubium
574 1464 661 1488 sane
688 1463 764 1487 non
792 1454 847 1487 est
875 1449 1067 1486 inaniendi
1094 1462 1185 1487 voce
1212 1449 1399 1498 designari
1419 1450 1478 1487 hic
1498 1451 1715 1500 mysterium

201 1517 417 1554 Dominicae
462 1514 743 1552 incarnationis.
797 1514 938 1564 Estque
982 1513 1194 1550 huiusmodi
1230 1514 1385 1550 Paulina
1421 1516 1714 1563 argumentatio:

201 1594 268 1619 nos
304 1581 434 1618 debere
469 1593 554 1629 erga
582 1592 650 1616 nos
676 1578 837 1616 invicem
864 1578 915 1615 ita
943 1578 1091 1615 affectos
1119 1591 1209 1622 esse,
1246 1578 1557 1628 quemadmodum
1585 1579 1714 1620 Chris-

199 1649 277 1682 tum
312 1644 513 1682 Dominum
549 1657 634 1692 erga
671 1656 739 1680 nos
773 1641 943 1679 affectum
976 1642 1090 1679 fuisse
1127 1641 1304 1679 videmus.
1360 1641 1450 1679 Non
1489 1655 1567 1680 esse
1604 1643 1740 1681 nobis-

200 1707 397 1758 spectanda
417 1720 509 1757 quae
529 1713 655 1744 nostra
676 1706 949 1756 sunt,sedquae
960 1706 1270 1756 aliorum‚resque
1280 1706 1441 1756 proximi
1453 1707 1591 1744 nostris
1601 1708 1713 1745 rebus

199 1771 475 1822 anteponendas
495 1783 635 1820 semper
655 1771 705 1818 (B
724 1769 801 1817 iiib)
821 1783 919 1815 esse3
940 1769 1014 1807 imo
1037 1781 1135 1813 vero,
1155 1769 1299 1807 etiamsi
1319 1770 1408 1820 quid
1429 1770 1525 1808 forte
1545 1770 1582 1807 in
1603 1771 1714 1809 nobis

199 1852 308 1889 quam
334 1837 373 1874 in
400 1836 482 1873 aliis
508 1836 752 1886 praestantius
781 1835 981 1879 videamus,
1007 1834 1261 1872 infirmitatem
1282 1834 1392 1871 nobis
1409 1838 1533 1871 tamen
1554 1835 1713 1872 aliorum

198 1902 316 1951 magis
343 1900 571 1943 intuendam,
598 1913 708 1950 quam
735 1899 917 1936 donorum
947 1905 1159 1936 nostrorum
1186 1899 1465 1945 excellentiam3
1494 1903 1604 1949 atque
1620 1899 1710 1936 adeo

198 1966 294 2003 hanc
329 1964 632 2002 dissimulandam
665 1964 801 2013 potius,
836 1963 937 2000 illam
975 1976 1059 2000 vero
1094 1962 1368 2012 quodammodo
1405 1960 1646 2007 induendam,
1673 1966 1713 2000 ut

197 2041 258 2067 eos
293 2027 357 2078 qui
391 2026 592 2064 imbecilles
630 2030 726 2069 sunt,
752 2025 798 2062 ad
826 2031 1037 2063 nostrorum
1064 2026 1174 2062 etiam
1204 2025 1387 2062 donorum
1415 2025 1712 2063 communionem

197 2091 406 2130 istiusmodi
448 2090 742 2128 dissimulatione
784 2090 1040 2140 perducamus.
1105 2089 1423 2140 Quandoquidem
1467 2094 1502 2127 et
1540 2089 1711 2127 Christus

198 2158 379 2195 Dominus
415 2160 541 2193 nostra
576 2155 694 2204 magis
730 2168 837 2204 quam
874 2167 938 2191 sua
966 2159 1129 2205 spectare
1157 2155 1287 2199 voluit,
1313 2159 1348 2192 et
1374 2154 1549 2192 maiorem
1579 2168 1616 2192 se
1644 2155 1711 2192 ha-

198 2221 282 2258 bere
309 2219 507 2257 declaravit
533 2223 681 2256 nostrae
708 2218 887 2262 miseriae,
914 2231 1024 2268 quam
1052 2218 1198 2255 divinae
1227 2231 1311 2256 suae
1337 2218 1453 2269 ipsius
1472 2218 1711 2256 excellentiae

196 2285 387 2322 rationem.
443 2284 606 2333 Cumque
641 2283 740 2319 Deus
775 2295 817 2319 ac
854 2281 1036 2320 Dominus
1063 2287 1157 2320 esset
1184 2283 1364 2325 omnium,
1391 2282 1622 2319 dissimulata
1649 2282 1709 2319 in-

198 2348 304 2386 terim
347 2361 387 2385 ea
432 2347 499 2384 Dei
536 2347 668 2391 forma,
712 2346 782 2383 boc
818 2350 884 2389 est,
928 2346 1106 2383 ineffabili
1149 2347 1215 2383 illo
1252 2346 1369 2383 divini
1406 2345 1614 2396 splendoris
1652 2346 1709 2382 sui

196 2416 357 2461 aspectu,
392 2423 463 2461 quo
501 2423 538 2448 sc
572 2410 693 2447 omnis
728 2410 868 2457 gloriae
904 2409 1104 2447 Dominum
1140 2411 1186 2447 ab
1224 2410 1373 2448 aeterno
1409 2410 1449 2446 in
1478 2410 1560 2446 sinu
1587 2409 1709 2447 Patris

197 2476 250 2514 sui
289 2488 367 2512 esse
402 2474 612 2519 declaravit,
638 2478 674 2511 et
700 2477 884 2523 assumpta
911 2473 950 2510 in
978 2478 1144 2511 nostram
1170 2474 1329 2523 gratiam
1357 2473 1452 2510 servi
1479 2473 1610 2517 forma,
1637 2473 1709 2510 hoc

196 2545 264 2584 est,
297 2538 427 2575 humili
465 2537 584 2574 carnis
621 2541 768 2575 nostrae
804 2541 965 2588 aspectu,
1001 2538 1120 2575 nostri
1147 2538 1279 2575 similis
1306 2551 1385 2575 esse
1414 2537 1543 2577 voluit,
1570 2541 1612 2574 ut
1638 2550 1708 2574 nos

196 2607 253 2641 sui
289 2602 426 2639 similes
461 2601 640 2644 redderet,
674 2605 932 2651 assumptaque
966 2601 1005 2638 in
1042 2614 1079 2639 se
1115 2615 1224 2639 carne
1260 2606 1386 2639 nostra
1423 2614 1570 2638 omnem
1598 2601 1707 2639 simul

196 2670 361 2704 nostram
388 2665 639 2702 infirmitatem
666 2664 798 2709 induit,
826 2670 864 2702 ut
892 2665 1000 2702 nobis
1021 2679 1122 2702 suam
1140 2666 1345 2716 impertiret
1364 2666 1534 2714 gloriam,
1554 2679 1662 2716 quam
1685 2681 1705 2704 a

194 2732 302 2768 Patre
329 2743 394 2767 suo
423 2729 569 2767 caelesti
589 2729 707 2765 factus
726 2728 835 2766 homo
855 2730 1007 2780 accepit.
1036 2731 1117 2767 Iam
1138 2730 1167 2767 si
1187 2731 1376 2781 propo-(B
1396 2730 1543 2777 iv³)sit0
1566 2731 1707 2769 Christi

196 2795 346 2832 Domini
381 2794 545 2843 exemplo
575 2793 742 2830 hortatur
768 2807 836 2830 nos
863 2794 998 2831 Paulus
1027 2794 1072 2831 ad
1099 2794 1388 2832 assimulandam
1414 2794 1574 2845 proximi
1600 2794 1706 2832 infir·

197 2858 373 2902 mitatem,
408 2869 479 2907 quo
508 2857 612 2893 illum
639 2856 925 2901 lucril'acianms,
954 2863 1051 2895 certo
1079 2858 1118 2896 in
1145 2860 1335 2909 proposito
1366 2861 1532 2910 exemplo
1560 2860 1707 2910 impleri
