1818 3178
209 106 283 143 414·
708 108 924 138 REsPoNslo
952 109 1047 137 anu.
1078 109 1242 137 aosmM.

209 229 380 267 quaeque
414 214 585 265 loquutio
611 210 812 263 peculiaris
837 211 965 249 nescio
993 223 1087 261 quae
1115 211 1242 262 opinio
1271 213 1433 248 vocetur.
1487 209 1594 248 Haec
1620 210 1732 248 nimi-

207 294 291 318 rum
327 281 379 318 ita
406 279 447 316 in
475 277 616 315 Albero
643 279 818 327 operatus
846 276 933 323 (56)
961 274 1115 325 spiritus
1142 275 1218 321 ille,
1244 275 1306 325 qui
1335 288 1355 311 a
1384 274 1570 312 calumnia
1596 287 1731 312 nomen

209 344 334 382 habet.
377 344 495 381 Porro
523 354 592 391 ego
619 344 793 391 expertus
819 339 896 377 iam
923 339 1039 376 didici
1065 339 1133 387 (sit
1161 339 1239 377 Deo
1267 339 1422 389 gratial)
1451 338 1519 376 has
1538 352 1618 376 esse
1635 339 1733 376 eius-

209 409 292 446 dem
320 407 439 459 ipsius
467 405 618 457 spiritus
646 408 757 450 artes,
783 408 825 442 ut
852 417 894 441 ea
923 403 1032 441 nobis
1060 408 1236 454 perpetuo
1264 403 1456 448 obtrudat,
1483 403 1620 454 quibus
1647 416 1734 454 pro-

207 486 358 523 gressus
387 476 537 509 nostros
565 471 606 508 in
633 468 864 507 restituenda
892 476 978 506 vera
1005 468 1188 517 religione
1215 472 1451 506 remorentur
1470 468 1736 519 quoquomodo

208 542 319 588 atque
344 535 564 586 impediant.
619 534 746 572 Quare
782 536 938 571 conatus
975 532 1088 570 hosce
1114 532 1232 583 ipsius
1258 533 1369 583 plane
1396 537 1644 579 contemnam,
1669 546 1736 571 ne·

208 614 281 652 que
324 600 364 638 in
410 600 488 637 eius
532 598 756 651 obsequium
804 597 919 635 ullam
954 597 1133 647 temporis
1167 596 1350 634 iacturam
1390 597 1564 649 deinceps
1599 598 1734 635 faciam

210 663 420 702 scribendis
456 662 502 700 ad
537 666 615 700 tam
655 661 805 713 putidas
833 659 1040 698 calumnias
1067 660 1379 711 responsionibus
1406 661 1507 699 ullis.
1562 661 1739 699 Habeant

210 729 283 767 sibi
322 728 594 766 calumniarum
629 726 808 777 plaustra,
844 725 909 775 qui
935 724 1011 762 illis
1042 738 1120 762 sese
1147 725 1337 763 oblectare
1365 725 1510 764 volunt.
1563 726 1651 763 Pios
1679 726 1738 764 vel

211 793 288 830 sola
321 792 533 829 libellorum
573 795 787 828 nostrorum
822 790 934 827 lectio
971 789 1081 826 facile
1118 790 1164 826 ab
1202 789 1254 826 eis
1291 789 1480 828 liberabit.
1535 790 1633 827 Satis
1670 791 1741 828 erit

209 861 361 906 gustum
399 868 502 893 nunc
543 855 689 893 dedisse
725 854 963 892 Pharisaicae
1000 853 1114 891 Hosii
1149 854 1325 897 malitiae,
1352 858 1406 899 ut,
1431 867 1542 904 quam
1570 854 1643 891 tibi
1671 853 1740 891 du-

213 922 299 959 dum
338 920 482 971 alioqui
521 920 712 969 cognitam
749 931 827 955 esse
862 922 967 968 putO,
1002 931 1082 955 eam
1112 917 1358 955 nihilominus
1394 917 1518 954 adhuc
1545 922 1580 955 et
1606 917 1678 955 tibi
1705 922 1741 955 et

212 986 283 1038 piis
321 985 390 1022 sub
427 990 492 1022 tuo
530 984 682 1022 nomine
718 983 895 1020 omnibus
936 983 1057 1031 magis
1084 995 1128 1019 ac
1155 982 1274 1032 magis
1303 983 1542 1033 conspicuam
1570 983 1744 1027 facerem,

214 1065 261 1089 ne
295 1064 362 1088 sua
397 1049 587 1100 hypocrisi
616 1047 910 1099 simplicioribus
938 1047 1121 1097 imponat.
1176 1047 1310 1084 Finem
1334 1047 1451 1095 igitur
1479 1047 1613 1084 faciam
1641 1060 1744 1084 meae

217 1115 263 1152 ad
300 1114 493 1152 Articulos
531 1112 744 1164 praedictos
771 1110 1044 1162 responsioniS,
1080 1111 1298 1161 praesertim
1327 1123 1411 1148 cum
1438 1124 1485 1148 ex
1511 1110 1649 1148 libellis
1676 1122 1745 1148 no-

216 1179 317 1222 stris,
350 1191 445 1230 quae
480 1178 528 1216 ad
565 1175 990 1227 com-(57⁷)probandam
1027 1180 1194 1213 nostram
1226 1175 1480 1213 innocentiam
1516 1175 1595 1212 ullo
1633 1175 1743 1212 modo

216 1245 405 1296 pertinent
432 1243 575 1294 reliqua
603 1242 731 1280 omnia
758 1242 870 1279 facile
895 1241 972 1292 peti
998 1241 1157 1292 possint.

270 1307 400 1346 Venio*
415 1307 490 1345 iam
518 1307 566 1344 ad
592 1320 673 1345 eum
704 1305 817 1343 Hosii
842 1305 959 1355 ipsius
985 1304 1168 1351 libellum,
1195 1317 1305 1355 quem
1327 1304 1371 1342 de
1391 1317 1568 1356 oppresso
1588 1306 1670 1355 (per
1690 1306 1747 1352 se)

219 1373 355 1418 verius,
390 1385 501 1423 quam
528 1372 573 1409 de
600 1383 775 1421 expresso
803 1369 873 1407 Dei
901 1369 1013 1406 verbo
1041 1369 1177 1414 emisit,
1209 1369 1249 1406 in
1277 1382 1351 1419 quo
1380 1382 1438 1406 me
1466 1369 1609 1419 alioqui
1635 1369 1744 1406 etiam

219 1450 322 1475 more
368 1449 432 1474 suo
469 1434 699 1473 mendaciter
735 1447 779 1471 ac
813 1433 1006 1471 maliciose
1041 1433 1273 1483 perstringit.
1329 1433 1462 1484 Neque
1499 1446 1583 1470 vero
1620 1445 1749 1483 prose-

220 1513 314 1550 quar
353 1499 513 1548 singula,
548 1510 643 1548 quae
679 1497 720 1534 in
756 1509 798 1533 eo
835 1496 934 1533 libro
971 1495 1168 1541 habentur,
1213 1495 1277 1533 sed
1313 1495 1531 1546 praecipuas
1569 1495 1750 1533 duntaxat

221 1563 416 1601 doctrinae
452 1574 539 1600 suae
575 1561 739 1598 rationes
776 1559 898 1597 obiter
934 1559 1131 1608 attingam,
1167 1563 1214 1604 et,
1242 1571 1400 1610 quorum
1429 1571 1488 1595 me
1515 1558 1628 1596 etiam
1654 1559 1750 1596 falso

221 1630 384 1673 accusat,
412 1639 454 1664 ea
480 1640 501 1664 a
529 1638 587 1663 me
614 1624 743 1675 paucis
771 1623 966 1674 depellam.
1019 1623 1136 1661 Quod
1162 1622 1279 1671 igitur
1306 1622 1353 1659 ad
1380 1622 1570 1673 publicam
1598 1622 1751 1671 religio·

224 1692 283 1729 nis
312 1704 462 1728 causam
488 1688 674 1740 imprimis
701 1688 849 1733 attinet,
885 1687 924 1725 in
953 1687 1025 1724 hoc
1051 1687 1291 1738 potissimum
1320 1687 1469 1724 cardine
1499 1687 1753 1725 controversia

222 1760 302 1794 tota
329 1755 423 1793 verti
452 1755 608 1800 videtur,
637 1753 737 1804 quod
767 1752 994 1803 Scripturas,
1021 1765 1114 1802 quas
1142 1752 1263 1789 nostri
1290 1752 1337 1789 ad
1365 1751 1661 1803 oppugnandum
1681 1753 1754 1789 Pa-

224 1821 387 1872 pismum
423 1819 598 1857 adferunt
634 1823 670 1856 et
708 1831 776 1869 pro
804 1817 1020 1855 indubitato
1049 1817 1119 1854 Dei
1148 1818 1261 1854 verbo
1291 1817 1440 1862 habent,
1469 1817 1531 1854 ille
1560 1818 1756 1855 contendit

225 1900 302 1925 non
338 1900 418 1924 esse
454 1885 607 1923 verbum
635 1883 716 1927 Dei,
753 1883 815 1921 sed
854 1882 1007 1920 Diaboli
1039 1882 1175 1934 potiuS.
1231 1883 1291 1919 Ita
1320 1883 1419 1920 enim
1447 1882 1613 1933 loquitur
1644 1883 1756 1921 homo

226 1948 470 1992 verecundus,
505 1952 548 1984 ut
585 1946 695 1984 nobis
722 1946 893 1996 exemplo
922 1958 1009 1982 suae
1035 1943 1240 1982 modestiae
1266 1945 1480 1995 praeluceat
1508 1945 1650 1982 scilicet
1678 1958 1757 1982 ma-

225 2011 629 2061 ledicen-(58)tiaeque
664 2023 733 2048 nos
761 2023 848 2060 prae
876 2022 914 2046 se
941 2013 1101 2046 accuset.
1159 2008 1285 2046 Huius
1313 2013 1437 2046 autem
1467 2021 1555 2046 suae
1582 2009 1758 2047 assertio·

228 2077 285 2115 nis
312 2090 373 2114 eas
402 2075 642 2127 potissimum
669 2074 834 2112 rationes
863 2074 996 2112 adfert.

905 2202 1077 2241 Prima.

281 2335 394 2373 Quod
433 2334 625 2385 Scriptura
661 2333 701 2370 in
738 2346 776 2370 se
811 2333 891 2383 ipsa
928 2345 1003 2369 non
1040 2332 1088 2369 sit
1126 2344 1252 2369 verum
1290 2331 1380 2368 illud
1409 2335 1520 2382 atque
1547 2344 1758 2382 expressum

230 2400 298 2437 Dei
335 2399 502 2444 verbum,
539 2398 599 2449 cui
635 2411 704 2435 nos
740 2397 892 2434 obedire
919 2401 1100 2447 oporteat,
1129 2397 1201 2434 nisi
1228 2396 1332 2434 iuxta
1363 2409 1511 2435 sensum
1538 2400 1575 2433 et
1601 2409 1759 2433 cousen-

230 2479 311 2503 sum
342 2464 557 2502 Catholicae
585 2462 776 2500 Ecclesiae
804 2466 1026 2514 exponatur.

883 2589 1119 2628 Secunda.

282 2720 411 2765 Quod,
441 2733 523 2758 cum
553 2733 681 2758 sensus
709 2726 745 2757 et
774 2732 976 2757 consensus
1005 2719 1187 2757 duntaxat
1214 2719 1405 2756 Ecclesiae
1433 2718 1480 2754 sit.
1511 2730 1635 2754 verum
1653 2722 1764 2768 atque

233 2799 448 2837 expressum
486 2784 650 2822 Verbum
681 2784 761 2830 Dei,
795 2788 875 2822 tum
903 2798 991 2822 sane
1020 2797 1093 2822 nou
1125 2784 1243 2835 possit
1273 2784 1383 2821 etiam
1415 2782 1581 2819 Verbum
1612 2781 1679 2819 Dei
1708 2783 1763 2833 ip-

234 2864 315 2888 sum
344 2850 417 2887 nisi
444 2849 540 2886 intra
571 2848 775 2886 Ecclesiam
804 2849 945 2887 haberi.
