1818 3178
790 161 1035 191 PRAEFATIO.
1494 159 1575 191 Lxx
1583 158 1636 190 XV

95 281 164 308 een
196 267 447 323 ionylaelc'nek
474 283 547 322 syn
577 269 692 310 leuen
723 270 980 327 oustrcqffelye
1010 271 1176 324 hydam
1210 274 1275 311 ten
1305 285 1348 326 sy
1380 270 1452 310 dab
1481 269 1525 311 ki
1555 270 1627 311 dat

93 340 212 381 stelle
241 354 294 381 na
324 340 399 381 den
428 341 542 395 eyselo
573 356 625 382 we
655 343 832 384 woordts.
882 340 1084 384 Glaedrucc
1114 347 1171 384 tot
1204 343 1375 392 houden,
1404 342 1451 396 by
1481 341 1626 383 Sbeuen

96 412 377 468 Myerdmann.
410 427 449 454 a.
483 411 609 454 1551.

153 481 383 525 Utenhovii
427 483 755 539 praemonitoria
802 482 979 540 epistola
1020 483 1115 526 data
1148 492 1209 526 est
1241 483 1292 526 ad
1323 483 1432 526 diem
1467 485 1487 526 1
1521 482 1627 526 Maii

97 570 133 596 a.
183 554 309 596 1551.
370 553 766 612 Interrogationum
795 556 963 598 numeri
995 555 1286 599 desiderantur
1319 565 1358 599 et
1390 557 1624 614 scripturae

95 626 189 678 loci,
222 642 244 669 e
274 626 404 670 latere
435 627 646 685 adscripti,
679 629 859 671 rariores
890 634 1001 671 sunt.
1056 628 1251 685 Repetita
1281 629 1383 672 haec
1414 629 1537 671 editio
1567 636 1627 672 est

93 699 277 742 Londini
308 715 346 744 a.
380 701 504 751 1553,
539 701 660 743 titulo
689 701 732 743 in
765 700 879 743 hunc
909 701 1080 743 modum
1112 701 1307 757 paullum
1339 702 1582 745 immutato:

150 773 215 814 De
264 773 543 821 Cateebismzw,
590 776 661 828 ost
703 774 981 821 Kinderleere.
1028 773 1180 814 cliemen
1227 778 1265 815 le
1297 774 1472 826 Londen,
1505 775 1547 815 in
1578 776 1625 817 de

92 845 320 899 Daisdtsche
355 847 603 902 Ghomeynte,
632 846 961 901 qkebruyelcende
993 845 1040 887 is.
1076 870 1129 875 —
1162 846 1279 887 Psal.
1314 847 1410 895 119,
1442 847 1530 888 Hoe
1560 849 1626 888 sal

92 931 162 957 een
208 917 458 970 ionqhelc‘nok
488 932 559 972 syn
592 918 706 958 leuen
739 918 994 973 olestrqffelyc
1026 917 1193 972 leyden;
1227 922 1340 974 tenzy
1372 919 1443 959 alat
1472 919 1523 974 ky
1554 919 1625 960 dat

90 989 224 1038 stelle,
269 1004 323 1030 na
363 990 439 1030 den
471 989 582 1044 eyselo
615 1003 668 1029 208
699 989 902 1030 wordts.
967 986 1184 1030 Gedruet
1215 993 1285 1030 tot
1319 988 1536 1041 houden,
1569 989 1625 1046 by

92 1061 306 1117 Nycolas
336 1076 426 1102 van
454 1062 541 1102 den
571 1061 781 1114 Beque.
813 1076 935 1102 anno
969 1060 1095 1103 1553.

151 1134 193 1174 A
223 1132 362 1188 prima
392 1131 581 1174 versione
611 1131 796 1174 secunda
830 1132 980 1188 passim
1013 1131 1165 1184 differt,
1198 1131 1260 1173 uti
1288 1130 1462 1174 crebrae
1485 1133 1624 1175 variae

92 1203 288 1246 lectiones
326 1202 487 1253 docent,
519 1218 625 1259 quas
657 1203 710 1246 ad
740 1204 975 1260 marginem
1008 1210 1148 1245 textus
1179 1204 1309 1246 nostri
1341 1202 1495 1260 ubique
1517 1183 1625 1246 loco-

92 1290 186 1317 rum
235 1273 526 1317 adnotavimus
571 1284 612 1316 et
657 1274 726 1316 hic
772 1274 962 1331 singulos
1009 1289 1229 1317 recensere
1287 1275 1456 1332 longius
1502 1284 1619 1318 esset.

94 1345 193 1389 Uno
233 1353 373 1388 tamen
417 1345 547 1388 verbo
593 1345 760 1388 lectoris
806 1346 992 1388 animum
1044 1346 1095 1388 ad
1138 1362 1234 1389 eum
1268 1346 1430 1389 adverti
1460 1354 1625 1404 oportet

89 1417 247 1469 locum,
292 1418 364 1473 qui
405 1416 456 1459 de
496 1417 596 1459 Iesu
640 1417 692 1460 ad
734 1416 891 1460 inferos
922 1416 1126 1460 descensu
1157 1418 1259 1475 agit,
1292 1427 1332 1461 et
1362 1418 1434 1461 ubi
1464 1426 1623 1476 septem

89 1488 276 1546 integras
323 1488 677 1545 interrogationes
726 1489 767 1531 in
822 1497 980 1531 textum
1032 1489 1209 1532 inseruit
1253 1496 1397 1533 noster
1428 1490 1477 1548 ¹).
1538 1490 1625 1547 Ipsi

91 1576 273 1618 namque
312 1560 450 1603 Lasco
490 1561 570 1603 hoc
601 1560 933 1603 additamentum
964 1560 1120 1612 deberi,
1153 1562 1345 1618 quamvis
1375 1561 1453 1604 sub
1484 1562 1618 1606 Uten-

91 1632 202 1675 hovii
233 1632 426 1690 auspiciis
447 1632 558 1691 typis
579 1647 757 1675 excusus
778 1633 830 1675 sit
850 1632 972 1684 liber,
998 1642 1220 1690 propterea
1242 1634 1452 1677 affirmare
1474 1635 1622 1684 ausim,

86 1704 202 1761 quod
246 1705 334 1762 ipse
378 1705 421 1747 in
468 1704 729 1747 Londinensi
776 1704 967 1747 Ecclesia
1013 1705 1246 1748 tristissime
1287 1713 1378 1749 erat
1407 1715 1619 1763 expertus,

89 1793 207 1820 suam
254 1777 305 1820 de
353 1778 431 1820 hoc
475 1778 569 1820 loco
613 1778 859 1821 sententiam
907 1776 1020 1821 haud
1067 1779 1163 1821 satis
1192 1778 1389 1822 sollerter
1420 1780 1546 1823 fuisse
1576 1781 1619 1823 in

91 1850 356 1894 Catechismo
385 1865 612 1907 expensam
644 1850 695 1907 ²),
726 1865 859 1906 quare
893 1850 1133 1893 uberiorem
1167 1851 1293 1894 huius
1323 1851 1406 1895 loci
1436 1853 1618 1910 explica-

90 1923 247 1964 tionem
286 1922 329 1964 in
377 1922 573 1964 reiterata
612 1921 792 1964 editione
833 1938 931 1964 eum
962 1922 1241 1980 adscripsisse,
1274 1939 1479 1981 perquam
1513 1925 1619 1967 veri·

88 1993 222 2036 simile
254 2000 327 2037 est.
359 1991 508 2036 Obiter
541 2001 704 2036 tantum
737 1993 913 2036 observo
943 1994 985 2036 in
1028 1994 1262 2038 Utenhovii
1292 1996 1466 2053 epistola
1496 2012 1617 2054 prae-

93 2065 314 2108 monitoria
359 2065 436 2108 sub
466 2065 592 2108 finem
625 2080 727 2122 pro:
760 2067 898 2108 datum
925 2080 981 2108 xv
1015 2068 1127 2109 Maii
1164 2068 1289 2117 1551,
1320 2069 1525 2126 scriptum
1557 2084 1619 2111 re·

90 2138 235 2196 periri:
268 2139 406 2180 datum
436 2151 493 2179 xv
523 2138 636 2180 Maia·
668 2137 793 2189 1553,
828 2138 940 2195 quod
973 2137 1025 2181 ab
1055 2139 1144 2196 ipso
1166 2139 1408 2183 Utenhovio
1430 2140 1616 2185 additum

88 2225 189 2263 esse,
222 2210 264 2252 in
296 2216 497 2266 promptu
528 2215 589 2252 est
620 2211 672 2265 ³).

147 2282 316 2325 Tertiae
356 2281 544 2324 editionis
591 2282 738 2325 titulus
769 2297 793 2325 a
823 2281 1043 2334 secundae,
1079 2283 1212 2340 magis
1243 2285 1366 2327 etiam
1399 2300 1526 2341 quam
1558 2302 1619 2329 se·

88 2353 250 2397 eundae
280 2352 471 2396 editionis
501 2368 525 2396 a
557 2354 717 2410 primae
749 2353 870 2396 titulo
904 2354 1058 2397 differt.
1118 2353 1189 2399 Sic
1219 2371 1261 2398 se
1291 2355 1439 2399 habet:

148 2429 210 2471 De
254 2427 537 2478 catechismus,
583 2428 648 2484 oft
687 2426 949 2469 Kinderleere
989 2427 1142 2470 diemen
1188 2433 1227 2471 te
1269 2428 1442 2482 london,
1485 2431 1527 2473 in
1567 2433 1615 2473 de

88 2499 366 2555 Duydtssclze
411 2499 647 2555 Glcemeynte
677 2513 770 2540 was
795 2499 1129 2555 qkebruyckende.
1166 2524 1214 2529 —-
1252 2501 1366 2544 Psal.
1402 2502 1498 2544 119.
1530 2502 1617 2544 Hae

86 2570 152 2610 sal
189 2583 258 2610 een
298 2569 546 2622 ionylcehnclc
575 2567 670 2623 zijn
703 2569 818 2610 leuen
849 2570 1142 2626 onstrafelick
1173 2571 1341 2628 Zeyclmm
1375 2576 1441 2614 ten
1471 2588 1514 2629 sy
1544 2574 1617 2614 dat

85 2644 136 2697 hy
180 2642 252 2683 dat
296 2641 414 2683 stelle
459 2656 512 2683 na
561 2641 635 2682 den
682 2642 797 2697 oysell
842 2641 970 2698 dijns
1016 2643 1193 2686 woordts.
1260 2639 1540 2686 Ghedr'uekt
1571 2648 1615 2687 te

130 2830 154 2869 ¹)
178 2828 259 2861 Vide
280 2829 384 2862 LAscr
410 2830 521 2871 Opera,
546 2830 616 2862 Vol.
638 2829 682 2862 II.
705 2831 777 2864 424.

125 2885 152 2924 ²)
177 2884 228 2916 Cf.
251 2884 307 2925 Ep.
329 2885 374 2916 ad
398 2885 625 2927 Bullinyerum.
650 2885 752 2917 LAsct
779 2886 879 2927 Opera
903 2887 972 2918 Vol.
998 2887 1042 2920 H.
1066 2887 1138 2922 677.

126 2941 152 2982 ⁸)
177 2940 228 2975 Cf.
248 2940 346 2974 luae
369 2950 411 2973 u:
433 2941 540 2981 Loxe,
567 2941 811 2980 Kruiskerclcmn
834 2953 865 2985 p.
889 2942 939 2976 33.
