1818 3178
1577 82 1648 121 327

122 205 275 240 naturae
310 199 537 243 affinitatem,
573 197 637 235 sed
672 197 912 248 corporaliter
945 196 1056 234 ctiam
1090 199 1240 247 propter
1276 195 1459 232 humanae
1495 196 1646 231 nostrae

118 266 160 304 in
198 278 308 303 carne
344 267 474 302 nostra
502 268 656 300 naturae
683 262 944 300 identitatem?
999 261 1040 298 Si
1066 264 1191 310 negat,
1218 259 1393 298 ostendat
1419 271 1645 309 corpora·

118 331 211 368 lem
239 328 379 367 Christi
406 327 602 365 nobiscum
630 326 668 364 in
698 326 881 363 humanae
905 330 1052 363 nostrae
1079 329 1232 362 naturae
1257 323 1452 361 identitate
1479 334 1644 359 commu-

119 394 270 432 nionem
304 397 407 429 extra
451 390 589 428 verbi
630 390 939 434 incarnationem,
974 390 1048 426 imo
1094 402 1179 426 vero
1226 389 1409 434 ostendat,
1456 386 1644 438 quomodo

119 470 187 495 nos
225 456 297 493 sibi
333 455 502 492 Christus
539 455 788 505 qualicunque
823 455 973 492 tandem
1012 454 1187 491 socictate
1215 453 1483 499 coniunxisset,
1511 452 1542 490 si
1570 465 1646 489 non

117 521 220 572 prius
257 519 367 557 nobis
404 519 482 569 ipse
528 526 683 556 naturae
719 519 902 556 humanae
939 524 1088 556 nostrae
1122 517 1408 568 participatione
1441 530 1506 568 per
1541 529 1646 554 suam

116 584 259 635 alioqui
292 583 590 621 incarnationem
625 583 847 623 coniunctus
891 583 1037 620 fuisset.
1090 582 1178 620 Quo
1213 586 1337 632 pacto,
1372 582 1539 632 inquam,
1576 593 1644 618 nos

119 661 265 686 carnem
293 661 313 685 e
341 660 451 684 carne
479 660 546 684 sua
573 647 734 690 fecisset,
762 646 792 683 si
821 659 894 684 non
915 646 1016 696 prius
1039 646 1117 696 ipse
1141 658 1225 682 caro
1247 645 1291 682 de
1309 659 1419 683 carne
1437 650 1564 683 nostra
1582 658 1647 695 per

118 725 222 750 suam
257 712 556 749 incarnationem
592 712 713 748 factus
750 710 930 757 fuis-(fol.
961 710 1111 756 95)set?
1166 709 1254 747 Quo
1298 714 1408 760 pacto
1445 722 1514 747 nos
1541 710 1580 746 in
1609 722 1647 746 se

118 776 166 813 ad
193 776 307 813 vitam
344 780 528 813 aeternam
558 775 761 813 transferre
788 778 899 824 atque
927 773 974 810 ad
1003 773 1190 810 dexteram
1219 773 1341 810 Patris
1369 773 1428 809 sui
1455 785 1580 810 secum
1606 773 1646 809 in

118 841 221 879 coelo
259 841 444 878 collocare
480 839 674 890 potuisset,
710 838 784 876 nisi
818 838 920 888 prius
948 837 995 874 ad
1022 850 1092 874 nos
1117 837 1197 888 ipse
1228 837 1480 875 descendisset
1508 841 1645 874 morte-

118 917 189 956 que
224 917 288 942 sua
323 903 633 942 innocentissima
673 915 822 939 omnem
857 901 1000 953 peccati
1036 901 1157 939 nostri
1184 902 1331 952 culpam
1357 906 1393 939 et
1420 902 1648 939 condemna·

116 970 258 1008 tionem
285 969 496 1020 expiasset?
524 967 584 1005 Ad
612 972 831 1011 extremum,
859 966 1032 1004 ostendat
1062 965 1312 1016 Westphalus,
1336 979 1410 1016 quo
1426 971 1533 1017 pacto
1548 966 1646 1003 mori

115 1039 261 1086 poterat
300 1034 481 1078 Christus,
514 1037 558 1070 ut
591 1045 659 1069 nos
696 1031 769 1068 sibi
803 1031 841 1068 in
880 1031 955 1068 vita
994 1030 1189 1080 gloriaque
1226 1044 1292 1067 sua
1327 1030 1581 1079 coniungeret,
1617 1030 1649 1068 si

117 1112 207 1142 non.
236 1103 274 1137 ut
300 1098 397 1136 mori
424 1101 563 1148 posset,
589 1109 738 1133 carnem
766 1099 935 1132 nostram
961 1107 1004 1134 ex
1033 1099 1152 1131 matre
1179 1094 1324 1143 virgine
1341 1094 1537 1134 induisset.
1565 1094 1648 1132 Sci·

114 1164 202 1201 licet
236 1163 340 1200 iuxta
379 1161 631 1212 Westphalum
670 1159 893 1197 descendere
928 1172 1004 1196 non
1045 1158 1242 1209 oportebat
1269 1158 1472 1205 Christum,
1497 1162 1540 1196 ut
1566 1171 1651 1196 rur-

116 1241 198 1265 sum
235 1226 477 1265 adscenderet
514 1237 655 1275 nosque
698 1236 824 1261 secum
850 1236 925 1260 una
954 1223 993 1260 in
1021 1223 1136 1260 altum
1166 1221 1408 1266 subverteret,
1434 1207 1555 1273 neque
1580 1222 1651 1260 itc-

117 1305 200 1329 rum
239 1290 336 1328 mori
362 1290 468 1327 illum
497 1301 647 1327 necesse
674 1293 764 1333 erat,
790 1292 832 1325 ut
860 1300 928 1325 nos
958 1300 979 1324 a
1004 1291 1125 1325 morte
1152 1286 1331 1324 liberatos
1359 1300 1482 1324 secum
1509 1300 1584 1324 una
1611 1287 1651 1325 in

115 1357 275 1406 gloriam
312 1355 525 1393 adduceret.
581 1353 654 1391 Sed
691 1352 794 1390 aliud
829 1353 972 1403 profert
1011 1351 1265 1403 Westphalus,
1299 1365 1431 1403 nempe
1468 1351 1650 1402 Cyrillum

116 1421 188 1459 hoc
222 1421 306 1458 loco
344 1433 452 1469 agere
489 1419 534 1456 de
561 1432 602 1457 ea
631 1422 760 1456 nostra
789 1431 872 1455 cum
902 1417 1053 1455 Christo
1084 1417 1364 1463 communione,
1391 1431 1465 1468 qua
1490 1418 1547 1455 illi
1575 1418 1650 1455 vir-

116 1489 196 1523 tute
233 1484 416 1535 Mysticae
446 1482 719 1521 benedictionis
746 1483 785 1519 in
815 1482 940 1519 Coena
969 1481 1232 1531 coniungimur
1259 1482 1411 1532 ipseque
1438 1481 1583 1520 habitat
1610 1482 1649 1519 in

116 1550 240 1588 nobis.
282 1549 331 1587 Et
361 1549 421 1586 hic
447 1548 564 1596 igitur
594 1547 884 1599 Westphalicam
912 1547 951 1584 in
980 1547 1102 1585 verbis
1132 1547 1264 1597 Cyrilli
1292 1547 1550 1584 collectionem
1579 1547 1647 1584 ob-

117 1627 317 1653 servemus„
357 1613 519 1663 Cyrillus
547 1616 628 1650 toto
656 1625 698 1650 eo
729 1611 847 1663 capite
873 1611 913 1650 id
940 1611 1178 1663 potissimum
1205 1611 1296 1661 agit,
1325 1615 1363 1648 ut
1393 1611 1536 1655 doceat,
1563 1611 1649 1648 vitis

117 1685 153 1719 et
180 1679 374 1731 palmitum
401 1678 648 1716 similitudine
676 1677 930 1715 commendari
957 1676 1068 1715 nobis
1096 1681 1131 1714 et
1160 1676 1388 1735 spirzitualem
1418 1680 1453 1714 et
1475 1689 1649 1727 corpora-

117 1745 192 1782 lem
219 1743 362 1782 Christi
387 1743 585 1788 nobiscum
611 1742 652 1780 in
681 1755 790 1780 carne
817 1745 947 1779 nostra
975 1741 1290 1785 communionem,
1320 1744 1432 1791 utque
1459 1740 1498 1777 id
1523 1753 1650 1777 verum

117 1823 198 1848 esse
233 1808 419 1851 ostendat,
451 1800 573 1846 adfert
606 1807 871 1858 probationem
897 1806 1064 1845 eiusdem
1090 1805 1220 1857 ipsius,
1243 1819 1320 1843 nou
1348 1810 1471 1843 autem
1498 1805 1650 1843 alterius

118 1874 231 1912 ullius
267 1873 471 1917 doctrinae,
505 1886 551 1911 ex
591 1873 738 1910 Coenae
775 1871 996 1910 Dominicae
1021 1871 1273 1915 institutione,
1300 1884 1431 1922 nempe
1459 1870 1650 1908 Christum

121 1939 340 1982 Dominum,
373 1942 415 1976 ut
452 1937 527 1975 iam
554 1942 610 1975 est
637 1937 792 1981 dictum,
819 1942 856 1975 et
882 1937 1127 1988 spiritualiter
1155 1941 1191 1974 et
1219 1936 1460 1988 corporaliter
1487 1949 1567 1974 esse
1594 1935 1650 1972 vi-

120 2010 196 2043 tem
230 2008 398 2042 nostram
437 2007 473 2040 et
517 2015 586 2040 nos
620 2002 793 2053 palmites
826 2002 955 2053 ipsius,
990 2001 1063 2039 hoc
1097 2004 1165 2047 est,
1201 2014 1279 2038 non
1316 2000 1467 2051 spiritus
1503 2003 1648 2038 tautum

119 2069 403 2121 participatione
438 2067 671 2118 Divinaeque
706 2070 862 2104 naturae
899 2066 1036 2104 donata
1070 2066 1182 2103 nobis
1210 2065 1398 2109 affinitate,
1426 2064 1490 2103 sed
1519 2077 1651 2116 corpo-

119 2134 190 2172 rali
216 2134 329 2172 etiam
355 2136 510 2170 naturae
535 2135 686 2169 nostrae
713 2131 898 2168 humanae
924 2131 1123 2169 identitate
1148 2131 1189 2168 in
1218 2143 1328 2167 carne
1354 2133 1496 2167 nostra.
1526 2129 1651 2167 West-

121 2199 255 2251 phalus
281 2201 406 2235 autem
431 2210 509 2235 non
532 2196 633 2234 hanc
660 2196 870 2234 doctrinam
898 2196 1113 2235 confirmari
1140 2209 1160 2233 a
1187 2195 1329 2245 Cyrillo
1359 2194 1564 2240 contendit,
1590 2194 1650 2232 in-

123 2265 234 2302 ducta
272 2262 351 2300 eius
378 2261 463 2309 (sol.
493 2262 560 2309 96)
599 2261 884 2299 confirmatione
910 2274 955 2299 ex
983 2261 1129 2298 Coenae
1156 2259 1378 2298 Dominicae
1402 2259 1654 2306 institutione,

122 2329 187 2367 sed
223 2327 334 2365 aliam
370 2340 524 2377 eamque
560 2326 743 2364 diversam
781 2325 893 2365 tradi.
946 2326 1013 2363 Ait
1048 2325 1161 2370 enim,
1196 2325 1269 2363 hoc
1306 2325 1438 2375 Cyrilli
1462 2326 1546 2363 loco
1575 2339 1651 2364 non

123 2393 185 2443 agi
221 2391 266 2430 de
302 2391 489 2442 corporali
532 2390 596 2427 illa
633 2390 899 2428 coniunctione
944 2389 1084 2428 Christi
1121 2389 1319 2427 nobiscum
1355 2389 1462 2428 iuxta
1498 2393 1654 2428 naturae

123 2457 308 2495 humanae
342 2456 459 2506 ipsius
496 2455 694 2492 nobiscum
729 2454 769 2492 in
807 2467 917 2492 carne
944 2457 1073 2491 nostra
1099 2454 1347 2498 identitatem,
1372 2454 1587 2492 institutam
1613 2455 1652 2491 in

126 2521 263 2560 verbi
297 2519 568 2566 incarnatione,
605 2519 750 2557 etiamsi
792 2519 895 2556 illam
934 2518 1096 2569 Cyrillus
1133 2518 1255 2555 verbis
1292 2519 1476 2569 expressis
1512 2522 1655 2568 urgeat,

126 2587 189 2625 sed
225 2586 352 2624 doceri
388 2586 582 2630 duntaxat,
618 2583 720 2635 quod
757 2583 968 2621 communio
1007 2583 1173 2634 corporis
1209 2587 1245 2621 et
1281 2583 1475 2632 sanguinis
1504 2583 1656 2625 Christi,

127 2651 265 2702 sumpti
299 2651 339 2688 in
376 2663 503 2694 coena,
538 2649 578 2687 in
607 2648 716 2686 nobis
744 2649 887 2694 efficiat,
913 2648 1059 2686 etiamsi
1087 2648 1177 2686 haec
1206 2648 1318 2686 verba
1345 2648 1445 2699 apud
1472 2648 1650 2698 Cyrillum

128 2716 239 2754 citato
267 2716 364 2761 loco,
390 2715 430 2753 in
459 2728 567 2752 sensu
593 2714 811 2765 praesertim
839 2713 1105 2764 WestphalicO,
1132 2727 1316 2764 nusquam
1341 2714 1528 2762 legantur.
1575 2711 1654 2749 Ne-

129 2792 199 2829 que
233 2779 331 2816 enim
360 2779 519 2816 hahetur
547 2779 641 2829 apud
672 2778 854 2827 Cyrillum
881 2778 971 2821 illic,
999 2777 1089 2828 quid
1117 2778 1266 2828 sumpti,
1292 2777 1332 2814 in
1359 2790 1454 2827 pane
1481 2777 1562 2826 ipso
1591 2780 1656 2814 aut

131 2844 198 2881 sub
234 2857 328 2894 pane
357 2857 420 2881 seu
448 2857 512 2894 per
538 2856 671 2894 panem
700 2855 718 2880 e
745 2842 908 2880 ministri
934 2841 1049 2892 ipsius
1076 2842 1116 2879 in
1146 2843 1282 2889 Coena,
1310 2841 1476 2891 corporis
1503 2845 1539 2877 et
1567 2853 1652 2877 san-
