1818 3178
611 116 663 144 m:
690 118 854 146 cnms‘ri
883 118 1201 146 INCARNATIONE.
1511 156 1516 159 Ι
1615 107 1659 143 55

137 230 318 268 personae
350 217 608 264 commutati03
645 220 770 257 omnia
807 221 907 258 enim
941 220 1136 271 participia
1169 220 1216 258 ab
1252 219 1331 270 ipso
1367 218 1445 255 eius
1481 217 1658 255 Paulinae

137 282 342 321 sententiae
370 295 484 332 usque
511 282 619 320 initio
648 283 694 320 ad
721 284 877 322 eandem
902 298 1101 336 personam
1128 285 1351 329 referuntur,
1378 295 1507 333 nempe
1532 282 1655 319 Patris

136 347 225 394 Dei3
255 347 326 385 nisi
353 346 453 397 quod
479 347 599 384 activa
627 348 811 386 indefiniti
837 350 1015 399 temporis
1041 349 1236 399 participia
1264 349 1377 386 latine
1404 348 1509 385 aliter
1536 346 1655 405 efferri

135 425 212 449 non
238 415 408 462 possunt,
435 424 546 461 quam
574 425 638 462 per
663 414 812 450 tertiam
837 413 1027 463 praeteriti
1055 413 1251 450 indicativi
1281 412 1336 449 sui
1362 424 1559 462 personam
1586 410 1653 447 ad-

134 475 212 512 dito
247 475 400 512 relativo
440 476 579 525 '‘qui'’,
616 482 654 513 ut
692 481 833 525 τύψας,
861 477 924 527 qui
953 477 1179 523 vcrberavit3
1209 481 1377 526 γράψεις,
1405 476 1467 526 qui
1495 475 1655 525 scripsit.

132 537 324 588 Docetque
350 538 497 582 Paulus,
525 553 593 576 nos
623 553 704 577 Cum
734 540 881 578 Christo
910 540 1019 577 simul
1055 554 1075 577 a
1102 545 1222 577 morte
1249 541 1295 577 ad
1324 542 1436 578 vitain
1465 544 1653 577 aeternam

131 602 333 640 surrexisse
376 616 440 653 per
476 603 586 641 fidem
622 604 780 641 inditam
816 604 925 640 nobis
962 617 982 640 a
1019 604 1126 640 Patre
1163 603 1255 649 Deo,
1291 609 1326 641 ct
1370 603 1459 640 facit
1506 603 1653 640 Patrem

131 665 252 703 Deum
287 665 510 717 ἐγείρκντκ,
547 668 616 704 hoc
652 672 718 713 cst,
755 680 839 704 eum
873 668 937 717 qui
965 666 1140 704 excitavit
1173 668 1374 712 Christum,
1402 680 1542 717 nosque
1571 680 1654 704 cum

129 729 215 775 illo;
245 730 535 779 ἐξαλείψειντει,
562 745 645 768 eum
666 731 729 782 qui
751 731 884 768 delevit
905 730 1213 781 chirographum3
1235 734 1555 780 xpm-mda-xwrx,
1570 745 1653 769 eum

130 794 194 844 qui
227 794 318 832 illud
347 796 461 833 affixit
489 797 527 833 in
557 809 701 833 crucem
730 796 786 832 sui
812 795 899 841 filii;
928 796 1259 845 ἀπεκδυσάμενω,
1285 809 1368 833 eum
1396 797 1459 846 qui
1486 797 1652 846 expolia-

129 857 181 895 vit
213 858 445 909 principatus
473 860 512 908 (Ι
539 860 629 907 iiiia)
657 873 700 897 ac
726 863 947 910 potestates3
976 864 1011 897 et
1038 865 1365 910 θριαμβεύσαντκ
1394 863 1554 907 αὐτούς,
1571 874 1654 898 eum

127 922 190 973 qui
217 924 461 974 triumphavit
488 925 573 962 illos
601 925 636 961 in
666 925 760 975 ipso,
788 924 965 961 nimirum
993 924 1154 970 Christo,
1181 938 1290 975 quem
1317 939 1361 962 ex
1388 926 1544 963 mortuis
1572 939 1653 963 sus-

129 987 270 1033 citavit,
298 1001 440 1038 nosque
468 1001 550 1025 cum
577 988 664 1034 illo;
693 988 769 1025 sive
797 1001 860 1038 per
880 988 1015 1038 ipsum,
1034 1001 1164 1038 nempe
1184 988 1386 1027 Christum.
1416 989 1526 1026 Hanc
1541 1003 1651 1040 porro

125 1049 469 1101 interpretationem
507 1065 589 1089 cum
629 1053 738 1089 verba
781 1052 885 1089 Pauli
913 1053 993 1103 ipsa
1021 1065 1172 1103 poscere
1199 1053 1351 1089 omnino
1383 1054 1587 1097 videantur,
1615 1060 1651 1091 et

125 1127 234 1152 nemo
262 1128 398 1164 negare
424 1115 543 1166 possit
571 1116 883 1166 simplicissimam
912 1129 1003 1160 esse,
1031 1130 1100 1154 nos
1130 1116 1190 1153 hic
1218 1117 1328 1154 ctiam
1357 1118 1466 1154 nobis
1495 1131 1652 1168 sequen-

124 1178 209 1215 dam
246 1192 325 1217 esse
360 1185 544 1230 putamus,
571 1180 787 1230 praesertim
816 1180 866 1216 ita
894 1179 1014 1217 adiuti
1043 1179 1271 1218 Graecorum
1300 1181 1577 1231 exemplarium,
1604 1187 1652 1227 ct,

123 1256 280 1293 quorum
310 1243 557 1289 meminimus,
583 1244 822 1293 interpretum
853 1244 1064 1282 autoritate.
1117 1245 1222 1282 Adeo
1253 1242 1337 1282 vcro
1367 1258 1442 1282 non
1470 1250 1652 1296 repugnat

124 1306 230 1344 Pauli
257 1307 318 1343 hic
345 1307 448 1345 locus
477 1311 625 1345 nostrae
653 1307 856 1352 doctrinae,
883 1312 1105 1358 nostraeque
1132 1309 1201 1345 tibi
1229 1308 1386 1346 traditae
1413 1314 1650 1357 argumenta-

121 1369 228 1416 tioni,
261 1374 303 1407 ut
330 1370 431 1408 illam
462 1371 559 1408 haud
586 1371 708 1414 aliter,
735 1384 845 1421 quam
874 1372 976 1422 prior
1004 1372 1066 1410 ille
1093 1373 1216 1417 etiam,
1244 1376 1265 1410 2
1295 1374 1379 1411 Cor.
1411 1387 1444 1419 v,
1471 1374 1645 1412 adversus

120 1438 155 1472 te
192 1435 385 1472 confirmet
421 1434 524 1472 iuxta
559 1440 725 1472 nostram
761 1435 1119 1485 interpretationem,
1145 1448 1239 1485 quae
1267 1449 1355 1473 sane
1383 1435 1487 1473 reiici
1515 1437 1582 1474 abs
1609 1444 1645 1474 te

120 1512 197 1536 non
241 1504 375 1549 potest,
420 1499 493 1536 nisi
538 1499 725 1545 ostendas,
761 1512 874 1549 quare
911 1500 1114 1538 consistere
1152 1514 1227 1537 non
1263 1501 1392 1550 possit,
1420 1514 1502 1538 cum
1532 1502 1646 1539 totius

121 1563 333 1614 Scripturae
362 1576 545 1601 consensu
575 1565 848 1614 comprobetur.
880 1564 965 1607 Sed,
992 1564 1060 1601 etsi
1090 1565 1244 1601 alteram
1271 1565 1373 1601 illam
1403 1570 1564 1602 veterum
1584 1566 1645 1603 in-

117 1628 421 1678 terpretationem
456 1627 691 1678 recipiamus,
719 1640 739 1664 a
767 1628 902 1678 quibus
931 1628 1072 1678 alioqui
1101 1642 1284 1678 nusquam
1312 1629 1471 1667 libenter
1500 1630 1644 1667 dissen-

118 1691 243 1735 timus,
279 1691 372 1729 nihil
401 1705 442 1729 ea
470 1698 506 1729 te
534 1691 779 1728 nihilominus
807 1692 1001 1730 adiuvabit
1027 1693 1067 1729 in
1094 1693 1232 1730 tuenda
1261 1693 1430 1730 doctrina
1457 1699 1532 1739 tua,
1561 1707 1644 1731 cum

118 1755 174 1791 illi
210 1755 323 1803 longe
358 1755 466 1793 aliter
504 1756 658 1792 Paulum
695 1762 897 1806 exponant,
933 1770 1042 1807 quam
1071 1761 1112 1794 tu
1139 1758 1401 1807 interpreteris.
1456 1758 1520 1795 Illi
1546 1760 1645 1796 enim

120 1819 310 1856 Christum
338 1832 420 1856 cum
448 1820 530 1857 aliis
558 1820 772 1857 hominibus
801 1821 975 1858 collatum
1006 1821 1076 1858 hoc
1103 1822 1254 1858 nomine
1283 1824 1434 1859 caeteris
1453 1823 1642 1869 o-(Iiiiib)

120 1884 269 1921 mnibus
313 1889 558 1934 anteponunt,
602 1886 703 1935 quod
748 1886 811 1922 alii
847 1899 911 1936 per
948 1899 1026 1924 sose
1066 1886 1160 1923 nihil
1196 1888 1354 1937 possint,
1382 1888 1455 1925 nisi
1482 1889 1643 1933 aliunde,

120 1961 250 1999 nempe
287 1962 306 1984 a
344 1948 435 1991 Deo,
461 1948 703 1995 adiuventur;
745 1950 916 1988 Christus
944 1964 1029 1988 vero
1060 1951 1243 1989 Dominus
1273 1965 1337 1989 sua
1364 1953 1514 2003 propria
1543 1954 1642 1991 intra

118 2025 197 2050 sese
232 2012 368 2050 virtute
403 2013 598 2060 (nimirum
628 2013 726 2050 Deus
753 2014 890 2064 pariter
920 2027 961 2051 ae
990 2015 1120 2062 bomo)
1149 2016 1354 2066 potentiam
1381 2030 1484 2054 suam
1510 2018 1550 2054 in
1577 2031 1642 2055 ex-

117 2075 303 2127 poliendis
340 2076 686 2127 triumphandisquo
722 2078 996 2128 principatibus
1024 2081 1260 2116 tenebrarum
1287 2081 1450 2128 gloriose
1478 2081 1641 2118 declara-

117 2141 187 2187 rit;
215 2162 266 2169 —-
292 2144 333 2178 tu
360 2154 446 2177 vcro
475 2141 547 2178 huc
575 2142 729 2178 Paulum
757 2142 975 2193 detorquere
1004 2144 1163 2189 conaris,
1185 2148 1222 2181 ut
1242 2145 1340 2194 quod
1361 2145 1423 2182 ille
1441 2145 1519 2182 Deo
1540 2146 1642 2184 Patri

115 2205 263 2249 tribuit,
298 2204 336 2242 id
373 2209 413 2242 tu
438 2205 484 2242 ad
512 2205 632 2242 filiurn
658 2206 710 2242 ita
737 2206 888 2243 interim
916 2208 1130 2253 transferas,
1158 2213 1211 2252 ut,
1238 2222 1332 2258 quae
1360 2208 1404 2246 de
1430 2210 1572 2247 abolito
1599 2211 1639 2247 in

117 2282 225 2307 cruce
262 2269 510 2318 chirographo
547 2275 689 2315 nostro,
715 2271 985 2321 expoliatisque
1012 2284 1054 2308 ac
1083 2272 1365 2323 detriumphatis
1393 2275 1640 2323 potestatibus

117 2338 334 2384 sequuntur,
361 2347 437 2370 non
465 2333 635 2383 equidem
664 2334 732 2371 toti
762 2334 922 2380 Christo,
950 2335 1028 2373 Deo
1057 2336 1166 2373 simul
1193 2350 1236 2374 ac
1264 2336 1419 2382 homini,
1446 2339 1564 2388 (quod
1583 2344 1639 2377 ta-

118 2412 202 2437 men
239 2395 377 2436 veteres
413 2411 541 2435 omnes
579 2398 746 2436 unanimi
783 2412 967 2437 consensu
1001 2403 1230 2449 agnoscunt)
1267 2402 1331 2439 sed
1367 2403 1515 2440 divinae
1543 2403 1638 2441 dun-

116 2467 219 2502 taxat
254 2463 354 2501 illius
383 2468 548 2508 naturae,
574 2463 724 2500 excluso
754 2463 995 2502 humanitatis
1024 2478 1111 2502 suae
1137 2465 1176 2502 in
1205 2479 1314 2503 carne
1342 2472 1468 2504 nostra
1495 2469 1640 2514 merito,

115 2527 319 2566 adscribas.
375 2527 421 2564 Id
457 2539 568 2577 porro
606 2527 716 2575 longe
753 2527 940 2564 diversum
966 2534 1022 2565 est
1048 2528 1095 2565 ab
1123 2542 1179 2575 eo,
1206 2530 1304 2580 quod
1334 2535 1471 2568 veteres
1499 2531 1537 2568 in
1565 2532 1638 2568 loci

116 2591 224 2629 huius
251 2591 556 2642 interpretatione
584 2590 839 2641 prodiderunt,
866 2591 1011 2628 etiamsi
1035 2605 1275 2642 personarum
1299 2595 1640 2641 commutationem,

116 2670 227 2707 quam
263 2656 320 2693 illi
349 2656 409 2692 hic
437 2655 638 2697 adducunt,
676 2654 906 2704 recipiamus.
962 2655 1049 2692 Non
1078 2662 1133 2693 est
1160 2657 1285 2706 igitur,
1314 2671 1377 2694 cur
1404 2659 1510 2695 Pauli
1538 2659 1637 2697 huno

115 2719 240 2757 locum
276 2732 341 2770 pro
378 2725 412 2757 te
449 2720 570 2756 faeere
604 2718 796 2756 arbitreris
823 2718 926 2755 iuxta
955 2726 1118 2757 veterum
1144 2721 1497 2772 interpretationem,
1524 2736 1636 2772 quam

115 2787 240 2822 tamen
276 2783 507 2821 ostendimus
533 2797 553 2820 a
581 2787 703 2819 mente
732 2781 838 2818 Pauli
864 2794 943 2819 esse
971 2783 1145 2822 nonnihil
1171 2785 1342 2823 alienam.
1400 2785 1477 2822 Iam
1505 2786 1536 2824 si
1564 2787 1634 2825 hoc
