1818 3178
207 67 278 102 558
860 74 920 101 ΕΡ.
953 73 1094 103 nocrn.

205 175 309 213 modi
336 179 391 213 est
416 174 550 218 adhuc,
577 177 619 211 ut
646 187 704 211 me
731 186 808 211 non
834 173 996 223 patiatur
1015 173 1089 210 nisi
1108 186 1150 210 ex
1169 174 1375 214 intervallis
1392 175 1595 226 quidquam
1609 188 1728 223 agere,

206 239 345 277 nedum
372 238 417 275 ad
445 242 482 275 te
510 250 577 288 pro
605 250 647 274 eo
676 250 721 274 ac
749 237 880 275 vellem
908 237 1072 274 scribere
1099 239 1362 287 quoquomodo
1390 240 1544 290 possim.
1595 238 1645 276 Et-
1672 243 1729 276 ta-

206 316 291 340 men
327 304 448 339 facere
482 300 643 351 amplius
681 300 798 345 nolui,
835 300 927 351 quin
954 300 1026 338 tibi
1052 304 1254 350 utcumque
1280 302 1430 340 tandem
1457 302 1731 353 responderem,

205 366 306 417 quod
341 365 513 416 equidem
549 365 676 410 malui,
711 378 823 415 quam
861 370 896 402 te
933 365 970 402 in
1007 365 1054 402 iis
1082 378 1177 415 quae
1205 365 1251 402 ad
1279 379 1337 403 me
1365 367 1546 418 scripsisti
1573 366 1730 404 nimium

207 430 272 467 diu
300 430 519 480 suspensum
548 434 685 467 tenere.
715 429 774 466 Tu
803 442 887 466 vero
918 427 1104 477 cogitabis
1132 442 1211 465 mea
1233 428 1324 466 haec
1343 429 1389 466 ab
1411 431 1559 468 homine
1577 435 1730 479 aegroto

205 494 252 532 ad
287 498 322 531 te
357 493 476 530 amice
504 500 539 531 et
567 493 800 530 confidenter
828 492 966 543 scripta
996 506 1075 530 esse
1103 497 1137 530 et
1167 492 1375 530 valetudini
1402 507 1503 533 meae
1532 495 1563 533 si
1590 509 1663 546 qua
1689 494 1730 532 in

206 563 308 609 parte
342 558 415 595 tibi
445 571 520 595 non
548 557 762 595 satisfecero
793 557 1007 607 imputabis.
1062 557 1230 594 Primum
1258 557 1373 606 igitur
1400 559 1500 609 quod
1528 559 1573 596 ad
1601 559 1731 597 amici-

206 621 295 659 tiam
333 626 499 658 nostram
537 620 683 666 attinet,
720 633 787 669 ego
827 633 901 657 non
939 620 1065 657 minus
1103 619 1147 657 dc
1185 626 1246 657 tua
1285 620 1377 658 mihi
1404 622 1586 670 gratulor,
1611 635 1732 673 neque

206 685 364 723 minoris
392 685 494 723 illam
519 685 694 735 equidem
723 684 836 729 facio,
863 698 974 735 quam
1003 689 1046 722 tu
1073 697 1190 722 meam
1220 690 1256 722 te
1284 685 1405 723 facere
1433 685 1550 736 deque
1569 687 1632 724 illa
1647 700 1732 735 gra-

205 750 319 788 tulari
345 750 416 788 tibi
445 750 591 787 scribis.
645 749 735 787 Non
764 754 819 786 est
846 762 950 786 amor
979 749 1076 787 ullus
1105 750 1162 786 vel
1189 750 1327 787 arctior
1357 750 1412 787 vel
1448 750 1642 797 sincerior,
1676 752 1733 789 vel

206 814 325 863 magis
361 814 561 851 diuturnus
598 813 722 859 etiam,
758 826 870 863 quam
904 813 968 863 qui
1005 826 1048 851 ex
1086 812 1296 850 diuinorum
1333 813 1373 851 in
1409 814 1519 851 nobis
1546 813 1732 851 donorum

207 878 509 917 consideratione
537 879 667 917 oritur.
716 878 754 916 Is
783 878 883 915 enim
913 891 995 915 cum
1025 890 1100 916 non
1128 882 1203 915 tarn
1232 878 1421 916 hominem
1448 879 1569 930 ipsum
1597 879 1637 918 in
1665 879 1733 916 ho·

207 943 319 988 mine,
354 956 466 993 quam
505 942 622 980 Deum
652 942 776 993 potius
812 942 990 989 intuetur,
1027 941 1141 979 nullis
1177 942 1350 993 equidem
1387 943 1557 981 humanis
1587 943 1734 982 casibus

207 1009 383 1058 nullaque
420 1021 543 1045 rerum
573 1007 836 1045 vicissitudine
865 1007 1021 1044 dissolvi
1050 1020 1214 1058 unquam
1241 1012 1377 1058 potest,
1404 1013 1514 1059 atque
1542 1008 1633 1045 adeo
1662 1008 1734 1045 hoc

208 1072 328 1121 magis
364 1077 521 1121 augetur
555 1072 681 1117 etiam,
714 1085 788 1122 quo
823 1070 1002 1109 maiorem
1039 1071 1078 1108 in
1106 1071 1217 1109 nobis
1246 1076 1377 1109 mutuo
1405 1072 1588 1110 donorum
1615 1072 1735 1110 indies

208 1137 458 1175 accessionem
486 1137 668 1186 agnoscit,
695 1136 734 1173 id
762 1136 861 1187 quod
890 1149 978 1173 saue
1007 1141 1145 1174 veteres
1174 1149 1251 1173 non
1279 1136 1435 1174 obscure
1462 1136 1584 1183 nobis,
1610 1138 1733 1188 posito

208 1203 307 1240 inter
334 1207 519 1239 terrenam
548 1206 587 1238 ut
616 1200 717 1238 nosti
745 1205 781 1238 et
809 1200 1006 1237 coelestem
1035 1213 1206 1237 venerem
1228 1200 1455 1245 discrimine,
1476 1201 1733 1249 designarunt.

209 1266 272 1303 Sic
300 1279 368 1315 ego
395 1271 431 1303 te
458 1278 582 1303 amare
611 1265 716 1315 coepi
743 1269 895 1315 propter
925 1264 1128 1313 singularia
1158 1264 1227 1302 Dei
1255 1264 1294 1302 in
1322 1270 1358 1302 te
1386 1265 1496 1309 dona,
1524 1265 1560 1303 h.
1590 1278 1633 1310 e.,
1660 1265 1732 1302 lin-

208 1343 365 1379 guarum
411 1333 446 1367 et
495 1329 778 1380 disciplinarum
817 1329 1085 1378 cognitionem,
1120 1334 1155 1366 et
1192 1342 1291 1366 nunc
1327 1330 1444 1367 multo
1482 1330 1601 1379 magis
1637 1343 1737 1376 a1n0,

210 1399 452 1445 posteaquam
489 1393 586 1431 dona
623 1393 714 1430 haec
750 1398 810 1430 tua
841 1394 1010 1430 conferre
1038 1398 1074 1431 te
1102 1393 1194 1430 velle
1223 1393 1329 1431 video
1357 1393 1403 1431 ad
1432 1394 1637 1431 ornandam
1665 1408 1732 1432 au-

209 1459 303 1496 toris
330 1458 482 1496 illorum
510 1458 683 1507 gloriam,
713 1471 844 1508 nempe
872 1457 952 1496 Dei.
1009 1457 1076 1495 Est
1105 1471 1192 1495 sane
1222 1460 1292 1495 hoc
1321 1458 1526 1496 Christiani
1555 1459 1733 1509 cuiusque

210 1523 374 1561 hominis
391 1523 563 1561 officium.
593 1522 676 1560 Hac
689 1522 756 1559 fini
766 1521 864 1560 enim
876 1535 945 1560 nos
956 1522 1002 1559 ab
1014 1522 1249 1572 ignorantiae
1265 1523 1427 1561 tenebris
1438 1523 1482 1560 ad
1496 1524 1590 1561 lucis
1603 1523 1733 1572 cogni-

209 1588 351 1627 tionem
387 1593 560 1626 evocatos
596 1601 675 1625 esse
712 1587 819 1625 docet
847 1587 990 1633 Petrus,
1017 1592 1058 1625 ut
1085 1587 1124 1625 in
1153 1587 1371 1625 enarrandis
1400 1588 1509 1625 donis
1538 1587 1607 1625 Dei
1633 1588 1734 1626 illius

209 1654 352 1704 gloriae
381 1654 595 1692 serviamus.
625 1652 696 1690 Sed
725 1657 765 1690 ut
794 1652 889 1690 nihil
917 1658 971 1690 est
999 1652 1070 1690 hoc
1101 1657 1235 1690 conatu
1253 1652 1458 1704 pulchrius,
1486 1652 1579 1690 nihil
1600 1653 1734 1691 decen-

209 1717 300 1764 tius,
333 1716 427 1755 nihil
463 1717 583 1765 magis
616 1715 888 1770 Christianum,
923 1715 975 1752 ita
1012 1715 1107 1753 nihil
1141 1728 1290 1766 quoque
1331 1715 1516 1753 difficilius
1553 1720 1589 1753 et
1617 1716 1734 1764 magis

211 1782 382 1820 arduum.
434 1780 548 1818 Nosti
574 1779 667 1817 illud
698 1786 869 1830 χαλεπὰ
899 1786 952 1820 τΞι
980 1787 1106 1820 καλά.
1161 1779 1287 1817 Quare
1314 1780 1499 1831 praesenti
1527 1779 1588 1817 hic
1615 1780 1645 1818 si
1672 1794 1736 1818 us-

211 1860 323 1897 quam
362 1846 453 1883 alias
489 1844 614 1883 animo
644 1858 737 1896 opus
765 1848 833 1889 est,
861 1843 974 1895 idque
1001 1857 1044 1882 eo
1072 1844 1192 1893 magis
1220 1858 1294 1895 quo
1323 1844 1447 1895 plures
1473 1844 1573 1882 intra
1612 1848 1735 1882 extra·

211 1924 283 1962 que
324 1924 392 1949 nos
422 1910 621 1957 habemus,
657 1909 721 1961 qui
758 1922 827 1947 nos
861 1909 900 1946 in
939 1922 1047 1947 cursu
1083 1910 1155 1946 hoc
1182 1910 1294 1959 longe
1320 1909 1570 1960 pulcherrimo
1599 1910 1733 1960 partim

211 1981 459 2020 remorentur,
494 1975 630 2026 partim
667 1988 753 2012 vero
792 1975 831 2012 in
869 1975 975 2012 devia
1004 1975 1187 2025 quaedam
1215 1974 1385 2026 abripere
1413 1974 1533 2012 modis
1561 1974 1736 2012 omnibus

212 2044 407 2078 conentur.
439 2040 576 2077 Cavere
603 2038 716 2088 igitur
744 2043 830 2076 ante
859 2038 983 2076 omnia
1011 2038 1201 2082 debemus,
1227 2052 1273 2076 ne
1301 2042 1363 2076 aut
1385 2038 1556 2076 distineri
1577 2038 1637 2075 hic
1657 2051 1736 2084 nos,

211 2109 276 2142 aut
312 2108 525 2142 transverse
562 2103 651 2141 item
689 2117 710 2141 a
748 2104 804 2141 via
841 2103 942 2152 regia
978 2116 1276 2154 quaquaversum
1312 2103 1373 2152 agi
1399 2104 1595 2154 patiamur.
1651 2103 1738 2141 Alia

212 2173 391 2219 parantur
430 2168 615 2206 industria
652 2168 780 2205 labore
817 2181 900 2212 usu,
937 2172 1122 2205 caeterum
1169 2168 1258 2205 haec
1295 2181 1411 2211 sacra,
1447 2167 1547 2218 quod
1586 2167 1736 2210 dicitur,

211 2234 323 2282 longe
359 2233 466 2271 aliter
501 2237 686 2271 constant.
729 2232 820 2271 Non
856 2232 916 2269 hic
952 2232 1086 2283 pendet
1122 2246 1179 2270 res
1207 2232 1253 2269 ab
1282 2232 1452 2269 acumine
1478 2231 1633 2281 ingenii,
1660 2245 1736 2270 non

210 2311 232 2336 a
260 2298 482 2335 dexteritate
517 2296 660 2339 iudicii,
695 2309 773 2334 non
809 2310 828 2334 a
856 2297 998 2334 laboris
1027 2296 1233 2334 sedulitate.
1287 2295 1440 2334 Habent
1470 2295 1558 2333 haec
1586 2295 1735 2346 quidem

211 2376 318 2400 suum
353 2362 498 2413 pondus
535 2375 578 2400 ac
615 2362 752 2407 locum,
780 2366 867 2399 sunt
894 2361 994 2399 enim
1023 2360 1121 2398 dona
1151 2361 1230 2405 Dei,
1259 2361 1323 2398 sed
1351 2366 1437 2398 sunt
1465 2360 1579 2398 veluti
1607 2373 1738 2398 secun-

212 2426 339 2464 dariae
375 2426 555 2478 quaedam
593 2439 728 2477 operae
766 2439 860 2476 quae
887 2425 1016 2476 pietati
1046 2426 1178 2463 cedant
1207 2438 1356 2463 necesse
1383 2431 1450 2469 est,
1477 2438 1586 2476 quam
1615 2424 1738 2474 graeci

212 2494 441 2540 θεοσεβεῖκν
481 2495 628 2529 vocant.
685 2490 791 2527 Haec
819 2503 891 2527 una
920 2493 988 2536 est,
1015 2503 1109 2540 quae
1136 2490 1174 2527 in
1206 2489 1275 2526 hoc
1304 2502 1414 2527 cursu
1442 2494 1570 2527 nostro
1598 2488 1737 2539 princi·

211 2567 294 2605 pem
331 2567 473 2605 semper
510 2555 634 2591 locum
672 2553 843 2592 obtinere
871 2554 968 2605 apud
997 2567 1066 2591 nos
1094 2553 1216 2598 debet,
1242 2559 1278 2591 et
1305 2566 1417 2604 quam
1445 2553 1516 2591 nisi
1543 2553 1641 2590 intra
1670 2565 1739 2590 nos

210 2619 283 2670 ipsi
311 2619 349 2656 in
378 2618 502 2656 cordis
530 2619 652 2656 nostri
680 2619 933 2670 penetralibus
962 2618 1179 2663 sentiamus,
1206 2618 1302 2656 nihil
1332 2618 1392 2655 hic
1408 2617 1552 2667 agimus
1570 2629 1733 2667 prorsus,

210 2683 357 2721 etiamsi
385 2682 495 2720 nobis
523 2684 639 2720 multa
669 2696 777 2733 agere
805 2683 1006 2721 videamur.
1037 2683 1150 2721 Nosti
1178 2688 1300 2721 autem
1327 2696 1411 2720 eum
1441 2694 1520 2719 esse
1544 2680 1737 2731 proprium

212 2761 317 2786 verae
345 2747 493 2798 pietatis
521 2759 686 2798 scopum,
715 2753 754 2785 ut
781 2748 932 2785 redacto
960 2747 1000 2785 in
1018 2747 1272 2798 captivitatem
1293 2747 1395 2784 omni
1416 2744 1571 2783 rationis
1589 2748 1739 2782 nostrae

210 2812 347 2852 iudicio
376 2812 447 2850 sub
478 2811 580 2850 verbi
610 2811 727 2850 divini
756 2812 1020 2858 obedientiam,
1047 2816 1158 2863 atque
1195 2811 1388 2860 abnegatis
1416 2814 1602 2860 praeterea
1631 2808 1739 2847 affec·
