1818 3178
230 556 737 616 EPITOME
814 555 1475 617 DOCTRINAE

88 731 655 810 ECCLESJARUM
701 755 1084 810 PHRISIAE
1132 754 1619 809 ORIENTALIS.

145 1158 209 1206 (1)
237 1155 408 1195 INTER
436 1170 477 1194 ea
505 1169 600 1208 quae
628 1156 674 1194 ad
703 1153 797 1194 bene
824 1155 1026 1206 regendam
1055 1154 1197 1194 Christi
1224 1155 1432 1194 Ecclesiam
1454 1155 1627 1193 videntur

91 1223 302 1261 necessario
339 1221 526 1273 pertinere
563 1221 756 1260 doctrinae
793 1225 880 1260 ante
914 1221 1043 1259 omnia
1080 1221 1266 1259 rationem
1306 1220 1436 1259 haberi
1464 1225 1625 1271 oportet.

94 1294 135 1327 ut
162 1301 204 1326 ea
233 1288 281 1326 sit
309 1291 409 1326 certa.
436 1291 473 1325 et
501 1287 679 1326 dilucida.
736 1288 832 1325 Sunt
859 1286 957 1324 enim
988 1285 1182 1324 doctrinae
1209 1285 1471 1324 demoniorum
1499 1299 1627 1337 quem-

93 1352 298 1391 admodum
333 1352 474 1390 Paulus
511 1351 633 1397 docet,
661 1365 681 1389 a
710 1351 848 1401 quibus
877 1351 907 1389 si
936 1364 1102 1402 unquam
1129 1352 1223 1389 alias
1250 1364 1353 1389 nunc
1381 1355 1480 1389 certe
1507 1351 1626 1388 maxi-

92 1430 152 1455 me
188 1417 331 1455 Christi
366 1416 538 1454 Ecclesia
576 1415 649 1453 sibi
687 1429 817 1454 cavere
852 1415 975 1454 debet.
1031 1415 1161 1454 Quare
1187 1415 1223 1452 id
1255 1415 1428 1466 inprimis
1458 1418 1629 1453 statuen-

95 1483 183 1520 dum
219 1485 289 1525 est,
325 1494 508 1532 quaenam
539 1480 587 1519 sit
616 1480 789 1518 doctrina
816 1480 965 1532 propria
995 1479 1188 1518 Ecclesiae
1229 1480 1371 1518 Christi
1399 1479 1563 1531 quidque
1590 1479 1629 1517 in

94 1547 160 1585 illa
188 1545 316 1585 doceri
344 1546 490 1585 debeat.

655 1610 670 1659 ᾗ
701 1611 736 1649 1.
791 1612 849 1648 De
875 1610 1062 1649 doctrina.

146 1739 250 1779 Quid
291 1739 332 1777 in
360 1739 531 1777 Ecclesia
559 1739 771 1778 docendum
808 1738 974 1790 quidque
1013 1737 1272 1776 dedocendum
1301 1738 1362 1785 sit,
1388 1737 1533 1776 indicat
1562 1751 1631 1775 no-

95 1804 169 1850 bis,
197 1805 263 1856 qui
291 1804 373 1842 falli
401 1809 437 1842 et
464 1804 595 1842 fallere
622 1817 699 1842 non
728 1808 852 1855 potest
880 1804 959 1855 ipse
987 1802 1104 1842 Deus.
1151 1803 1313 1854 Spiritus
1341 1815 1459 1850 meus,
1485 1802 1550 1854 qui
1578 1807 1633 1840 cst

95 1869 136 1907 in
173 1872 224 1915 te,
251 1868 376 1919 inquit
402 1867 448 1906 ad
481 1868 687 1905 Ecclesiam
716 1881 821 1906 suam
850 1867 1051 1914 Dominus,
1076 1872 1113 1905 et
1139 1867 1253 1905 verba
1281 1880 1375 1912 mea,
1401 1880 1497 1918 quae
1523 1866 1635 1918 posui

95 1933 136 1971 in
171 1946 237 1971 ore
273 1937 351 1979 tuo,
389 1945 464 1970 non
504 1932 679 1970 recedent
717 1932 762 1970 de
790 1945 854 1970 ore
881 1939 946 1970 tuo
977 1936 1013 1969 et
1040 1931 1086 1969 de
1113 1944 1178 1969 ore
1206 1930 1361 1969 seminis
1389 1931 1445 1969 tui
1473 1944 1492 1968 a
1521 1931 1634 1968 modo

95 2005 216 2048 usque
244 1996 526 2048 sempiternum.
556 1996 662 2034 Idem
693 2009 780 2034 vcro
808 1996 938 2046 gravia
967 1995 1219 2033 comminatur
1245 1995 1306 2040 iis,
1334 1994 1401 2046 qui
1427 1995 1634 2045 loquuntur

97 2061 251 2113 quidem
279 2066 314 2099 et
343 2061 493 2107 docent,
522 2061 585 2099 sed
615 2074 691 2099 non
721 2074 766 2098 ex
795 2074 858 2098 ore
888 2060 1056 2100 Domini.
1095 2060 1156 2099 Ad
1185 2060 1344 2098 eundem
1374 2072 1523 2110 quoque
1551 2072 1635 2097 mo-

100 2126 191 2164 dum
219 2125 393 2164 Christus
422 2126 537 2164 etiam
568 2126 762 2177 Apostolis
792 2125 869 2163 suis
896 2125 1013 2171 iubet,
1040 2129 1082 2163 ut
1110 2138 1188 2163 non
1220 2125 1293 2162 alia
1322 2124 1496 2171 doceant,
1523 2137 1637 2175 quam

99 2203 196 2241 quae
230 2203 274 2228 ex
314 2204 352 2228 se
389 2191 595 2237 audissent,
633 2191 833 2237 Docentes,
860 2190 996 2242 inquit,
1023 2190 1162 2236 omnia,
1189 2203 1435 2241 quaecunque
1462 2190 1635 2242 praecepi

100 2253 223 2292 vobis.
276 2253 326 2292 Et
361 2254 514 2298 Paulus,
550 2254 674 2292 bonus
708 2254 839 2305 optimi
873 2254 1045 2303 magistri
1073 2254 1293 2305 discipuluS,
1324 2254 1524 2292 anathema
1554 2255 1634 2292 vult

99 2331 193 2364 esse,
229 2318 412 2369 quidquid
449 2319 561 2357 modo
599 2323 858 2370 praeterquam
895 2319 996 2370 quod
1033 2320 1259 2370 accepimus,
1295 2319 1494 2358 doceamus
1522 2333 1637 2371 quare

102 2396 145 2421 ea
184 2383 422 2434 potissimum
459 2384 627 2423 docenda
666 2389 753 2423 sunt
788 2384 828 2422 in
871 2389 1001 2422 nostra
1041 2384 1225 2429 Ecclesia,
1266 2397 1358 2435 quae
1401 2389 1506 2423 extra
1546 2398 1636 2422 con-

101 2448 324 2488 troversiam
363 2449 473 2487 claris
509 2462 552 2487 ac
589 2449 764 2487 dilucidis
801 2450 1006 2501 scripturae
1041 2449 1270 2488 testimoniis
1308 2449 1523 2488 confirmari
1549 2463 1637 2501 pos-

105 2517 206 2552 sunt.
261 2513 400 2552 Contra
444 2527 531 2552 vero
570 2514 786 2552 dcdoccnda
824 2527 901 2552 non
938 2528 979 2552 ea
1016 2515 1136 2553 solum
1174 2528 1268 2566 quae
1304 2514 1418 2553 verbo
1457 2514 1526 2553 Dei
1559 2528 1639 2553 ma-

104 2578 241 2617 nifeste
284 2592 493 2630 repugnare
539 2580 725 2626 videntur,
781 2580 844 2617 sed
889 2584 926 2618 et
971 2579 1042 2617 alia
1080 2579 1206 2618 omnia
1251 2593 1346 2631 quae
1390 2579 1640 2630 undecunque

106 2643 272 2689 invecta,
308 2644 517 2695 quamlibet
545 2658 587 2683 ea
616 2650 739 2683 vetera
777 2649 998 2696 receptaque
1028 2645 1116 2689 sint,
1142 2645 1327 2696 expressis
1355 2644 1561 2696 scripturae
1587 2649 1642 2681 te-

105 2707 294 2746 stimoniis
322 2713 386 2747 aut
414 2708 503 2747 inde
530 2709 658 2760 petitis
686 2709 898 2747 rationibus
936 2709 1174 2761 comprobari
1204 2722 1280 2748 non
1310 2713 1461 2761 queant.
1507 2709 1643 2759 Neque

104 2772 204 2810 enim
233 2773 284 2811 ait
312 2774 453 2812 Paulus
482 2774 683 2812 anathema
711 2788 803 2821 esse,
831 2775 862 2813 si
891 2774 981 2825 quid
1007 2775 1208 2813 manifeste
1236 2779 1368 2813 contra
1396 2787 1508 2825 quam
1536 2786 1642 2811 acce-

105 2835 229 2886 pimus
264 2836 478 2884 doceamus,
517 2839 579 2876 sed
617 2838 649 2876 si
677 2838 767 2890 quid
798 2838 901 2877 aliud
930 2839 1131 2878 doceamus
1158 2843 1304 2891 praeter
1331 2839 1370 2876 id
1398 2838 1499 2890 quod
1529 2837 1640 2876 nobis

105 2901 218 2940 semel
246 2901 318 2940 iam
347 2903 527 2942 traditum
555 2903 839 2954 accepissemus.
884 2903 972 2943 Huc
999 2904 1161 2955 pertinet
1189 2904 1392 2944 discrimen
1419 2903 1518 2941 inter
1546 2902 1643 2941 divi-

1419 2968 1493 3006 32*
