1818 3178
172 132 245 168 448
669 138 888 166 RESPONSIO
917 139 1012 165 ADV.
1044 138 1209 166 HoanM.

170 241 311 290 signari
347 253 456 291 posse
493 240 679 282 docemus,
714 252 834 289 neque
869 238 931 275 hic
964 251 1152 275 moramur
1187 251 1228 276 ea
1265 239 1444 289 exempla,
1480 238 1519 276 in
1556 239 1694 289 quibus

168 318 240 343 vox
286 304 363 355 ipsa
399 303 574 353 faciendi
610 315 675 353 pro
710 301 980 340 sacrificatione
1016 307 1230 353 usurpatur,
1273 303 1438 354 loquitur
1481 296 1586 340 enim*
1616 303 1694 340 illic

169 369 358 418 Scriptura
405 367 449 404 de
496 366 681 404 institutis
727 381 746 404 a
786 365 948 404 Domino
992 366 1071 403 sine
1109 366 1494 414 contro-(157)vcrsia
1531 366 1692 417 puhlicis

170 432 381 476 Sam-isiciis,
418 444 512 482 quae
554 445 618 482 per
644 431 851 468 Levitioum
890 431 1071 468 duntaxat
1107 430 1357 468 Ministerium
1396 431 1543 468 imolari
1579 431 1690 468 debe-

170 498 271 534 bant.
324 496 403 533 Ubi
432 509 520 533 sane
549 509 632 532 cum
661 509 752 546 opus
779 496 994 533 Levitarum
1022 495 1123 532 aliud
1152 508 1225 533 non
1255 501 1361 537 esset,
1388 509 1498 547 quam
1526 495 1692 533 Domino

168 561 333 607 imolare,
358 561 451 599 nihil
480 560 590 598 etiam
619 560 753 597 mirum
783 565 852 604 est,
879 561 1110 611 Scripturam
1140 572 1230 596 voce
1248 561 1424 608 faciendi
1451 561 1569 611 ipsam
1594 560 1691 597 imo-

167 628 346 665 lationem
375 626 538 663 Domino
568 625 727 663 subinde
756 625 986 674 designasse.
1016 627 1066 662 At
1095 637 1180 661 vero
1210 624 1284 661 iam
1312 625 1554 671 ostendimus,
1582 626 1694 673 longe

167 692 274 729 aliam
313 696 347 728 et
382 690 471 727 olim
509 689 625 728 fuisse
661 690 700 727 in
735 689 886 727 Israelis
921 689 1102 734 Ecclesia,
1130 693 1166 726 et
1194 702 1294 726 nunc
1321 688 1439 726 multo
1468 689 1586 738 magis
1615 702 1693 726 esse

168 758 508 798 Sacramentorum,
547 767 657 805 quam
695 754 948 791 Leviticorum
989 752 1264 790 Sacrificiorum
1304 753 1500 796 rationem,
1536 757 1571 789 et
1606 767 1693 803 pro-

166 819 254 858 inde
280 819 403 870 inepte
430 819 474 855 ad
506 819 832 855 Sacramentorum
860 817 1136 854 institutionem
1174 816 1399 867 detorqueri,
1426 830 1518 867 quae
1546 817 1590 854 de
1620 817 1691 854 Le-

167 884 288 921 viticis
317 882 508 920 sacrificiis
536 882 574 919 in
606 881 808 932 Scripturis
835 882 1022 931 leguntur.
1070 880 1149 918 Ubi
1176 887 1262 918 sunt
1288 881 1405 929 igitur
1433 885 1488 917 tot
1515 881 1579 917 illa
1608 886 1690 918 tan-

165 952 277 998 taque
310 947 408 984 inter
445 960 513 984 uos
550 956 585 984 et
621 946 856 983 Lutheranos
895 945 938 982 de
966 945 1047 996 ipso
1078 946 1225 983 Coenae
1253 946 1495 982 Sacramento
1524 944 1691 990 dissidia,

166 1017 305 1062 quanta
333 1025 412 1049 esse
441 1011 584 1048 Hosius
611 1010 731 1061 plenis
760 1009 887 1047 buccis
917 1009 1065 1053 clamat,
1093 1022 1250 1060 quorum
1281 1022 1349 1046 nos
1378 1009 1525 1060 quidem
1545 1015 1691 1046 autores

165 1090 244 1114 esse
287 1075 417 1113 merito
467 1075 541 1112 dici
572 1075 787 1125 possimus?
842 1074 990 1112 Quodsi
1029 1074 1173 1111 dissidii
1210 1079 1319 1111 autor
1353 1080 1420 1119 est,
1454 1073 1518 1124 qui
1554 1087 1692 1111 novum

165 1141 317 1192 aliquod
357 1141 491 1189 dogma
528 1145 563 1178 et
603 1139 806 1190 Scripturis
833 1138 973 1189 alioqui
1010 1139 1100 1189 ipsis
1138 1143 1173 1176 et
1212 1139 1422 1176 Catholicae
1451 1139 1590 1176 Christi
1619 1139 1690 1175 Ec·

166 1207 296 1244 clesiae
330 1205 566 1255 incognitum
604 1205 642 1242 in
680 1204 847 1242 Ecclesia
885 1204 1069 1242 invectum
1110 1204 1358 1254 reprehendit,
1386 1208 1526 1254 quanto
1555 1204 1692 1240 maiore

164 1270 316 1308 excitati
352 1269 498 1307 dissidii
529 1270 635 1319 culpa
665 1270 775 1316 (158)
804 1268 1044 1314 tenebuntur,
1072 1268 1137 1318 qui
1165 1281 1241 1305 non
1270 1281 1357 1305 sane
1387 1281 1522 1304 novum
1553 1267 1690 1316 dogma

165 1335 294 1378 ullum,
322 1334 419 1385 quod
449 1334 590 1384 alioqui
617 1333 822 1370 examinari
849 1333 887 1370 in
916 1333 1083 1370 Ecclesia
1112 1345 1254 1382 semper
1282 1337 1440 1383 oportet.
1459 1332 1520 1370 sed
1542 1345 1689 1369 sacrum

162 1399 374 1437 testamenti
402 1398 489 1435 Filii
519 1397 588 1435 Dei
614 1397 795 1446 sigillum,
824 1410 899 1434 non
928 1397 1039 1434 modo
1068 1396 1356 1447 reprehendunt,
1384 1396 1459 1438 sed,
1487 1396 1581 1433 servi
1611 1396 1689 1432 Do-

163 1463 265 1500 mino
311 1475 377 1500 suo
423 1462 594 1504 maiores,
641 1461 782 1498 violant
827 1465 973 1497 mutant
1018 1461 1220 1511 profanant
1268 1460 1519 1511 sacrilegaque
1564 1459 1690 1497 calicis

162 1527 394 1577 surreptione
422 1525 466 1563 ad
496 1525 715 1575 erigendum
754 1524 1140 1575 propugnandumque
1168 1524 1424 1575 blasphemum
1454 1537 1561 1561 suum
1581 1524 1690 1561 Chri·

162 1596 292 1642 stoque
327 1590 489 1628 Domino
527 1590 635 1641 plane
673 1589 925 1626 adversarium
963 1589 1211 1626 sacerdotium
1249 1589 1360 1626 simul
1397 1594 1432 1626 et
1469 1589 1689 1626 sacrificium

161 1655 427 1693 nefandissime
456 1654 676 1692 abutuntur.
735 1653 809 1690 Hic
836 1653 952 1702 igitur
981 1666 1018 1690 56
1045 1653 1207 1704 primum
1235 1653 1424 1690 intueatur
1453 1652 1594 1690 Hosius
1623 1667 1690 1690 an-

161 1724 309 1770 tequam
346 1732 414 1756 nos
451 1718 690 1756 dissidiorum
725 1722 939 1755 nostrorum
967 1721 1128 1759 accuset,
1172 1722 1206 1754 et
1242 1716 1345 1767 prius
1383 1730 1420 1754 se
1447 1717 1642 1767 apostatici
1671 1730 1691 1754 a

162 1783 310 1821 Christo
340 1782 501 1820 Domino
532 1782 677 1819 dissidii
705 1786 741 1819 et
769 1781 990 1819 defectionis
1018 1795 1036 1818 a
1067 1781 1258 1818 Catholica
1287 1781 1365 1818 eius
1398 1781 1563 1819 Ecclesia
1586 1781 1691 1830 culpa

165 1847 309 1891 liberet,
336 1860 448 1897 quam
477 1859 546 1884 nos
573 1846 621 1883 ab
650 1846 753 1883 omni
782 1845 996 1883 Christiana
1025 1845 1226 1882 dilectione
1254 1844 1448 1889 excidisse,
1474 1857 1517 1882 ac
1535 1845 1692 1896 proinde

166 1925 185 1949 a
216 1910 318 1948 verbi
346 1910 475 1947 Divini
504 1910 675 1947 doctrina
703 1923 814 1960 quam
843 1910 1061 1959 longissime
1089 1909 1218 1947 abesse
1245 1908 1357 1947 dicat.
1403 1909 1485 1947 Nos
1511 1909 1622 1955 enim,
1653 1915 1692 1947 nt

164 1974 238 2011 iam
275 1973 527 2025 exposuimuS,
563 1987 681 2024 neque
710 1973 756 2010 ab
787 1973 1028 2024 Apostolicae
1056 1972 1303 2011 confessionis
1340 1973 1583 2011 fundamento
1622 1975 1692 2011 Ca-

164 2038 372 2076 tholicaeve
406 2038 596 2075 Ecclesiae
631 2037 788 2083 unitate,
822 2043 906 2088 post
941 2038 1109 2075 relictam
1140 2037 1335 2075 Haeresim
1364 2037 1600 2087 Papisticam.
1629 2037 1692 2074 de-

166 2104 342 2142 scivimus
378 2117 547 2155 usquam,
583 2116 701 2154 neque
731 2103 902 2153 Symboli
940 2103 1149 2154 Apostolici
1178 2108 1287 2154 caput
1315 2103 1534 2140 violavimus
1563 2102 1694 2149 ullum,

166 2168 228 2206 sed
263 2172 298 2206 et
334 2168 609 2217 nul·(l59)lius
648 2168 735 2205 novi
772 2167 971 2216 dogmatis,
1009 2167 1113 2204 cuius
1151 2167 1274 2204 fontes
1300 2167 1446 2217 aliquos
1475 2167 1692 2204 manifestos

166 2231 204 2268 in
242 2231 444 2283 Scripturis
481 2236 517 2269 et
553 2231 769 2269 Catholicae
806 2231 1211 2269 Ecclesiae·Patribus
1239 2244 1314 2268 non
1345 2236 1692 2277 commonstremus,

166 2305 313 2334 autores
350 2310 489 2340 sumus,
514 2296 829 2347 quemadmodum
859 2296 1080 2346 gravissima
1107 2297 1265 2333 istorum
1294 2295 1458 2333 omnium
1487 2296 1592 2346 culpa
1623 2297 1692 2334 Pa·

166 2359 319 2410 pisticos
347 2359 529 2397 Doctores
556 2372 686 2397 omnes
713 2359 830 2397 teneri
859 2358 1105 2396 ostendimus.
1136 2358 1183 2396 Et
1210 2359 1249 2396 in
1279 2363 1408 2396 nostra
1437 2371 1520 2395 cum
1548 2358 1690 2396 Luthe·

167 2422 268 2459 ranis
304 2421 348 2459 de
383 2422 547 2473 corporis
584 2426 619 2459 et
657 2421 851 2470 sanguinis
889 2421 1030 2459 Christi
1068 2434 1149 2458 cum
1187 2421 1391 2459 Elementis
1427 2423 1574 2459 Coenae
1602 2434 1691 2458 con-

167 2486 479 2525 substantiatione
516 2487 770 2525 controversia
806 2487 908 2524 nulla
944 2500 1096 2537 prorsus
1124 2500 1169 2524 ex
1196 2491 1299 2537 parte
1326 2486 1456 2523 violari
1498 2486 1690 2523 docuimus

168 2551 242 2589 vim
288 2551 404 2602 ipsam
444 2564 486 2588 ac
524 2551 746 2601 dignitatem
785 2552 1017 2589 Sacramenti
1053 2551 1091 2588 in
1130 2545 1267 2596 Coena,
1301 2555 1542 2602 posteaquam
1577 2550 1693 2592 illam,

167 2628 286 2667 neque
322 2615 367 2652 ad
407 2615 604 2665 Mysticam
645 2616 790 2652 Coenae
826 2629 845 2652 a
885 2616 1035 2653 Christo
1067 2615 1228 2653 Domino
1267 2615 1459 2653 institutae
1494 2613 1691 2656 actionem,

168 2679 377 2729 symbolum
414 2679 560 2716 Coenae
595 2679 762 2729 inquam,
801 2679 874 2717 nisi
910 2684 1094 2730 quatenus
1131 2679 1324 2716 Elementa
1361 2691 1508 2729 quoque
1545 2678 1691 2714 Coenae

166 2745 207 2782 in
242 2744 324 2795 ipsa
362 2742 508 2780 actione
544 2743 614 2780 sub
653 2748 754 2794 parte
791 2744 961 2794 Symboli
997 2749 1207 2790 censentur,
1236 2756 1354 2794 neque
1379 2743 1467 2779 item
1495 2741 1541 2778 ad
1569 2741 1689 2792 ipsum

169 2809 315 2846 Coenae
354 2807 575 2857 Mysterium
612 2807 798 2857 pertinere
835 2808 1188 2851 demonstravimus,
1216 2812 1381 2844 nostram
1410 2805 1581 2842 videlicet
1611 2818 1692 2842 cum

169 2872 318 2910 Christo
358 2871 534 2915 Domino,
570 2870 644 2908 iam
681 2870 828 2909 demum
862 2876 1048 2909 aeternam
1088 2877 1122 2908 et
1159 2872 1357 2909 salutarem
1395 2868 1693 2907 communionem
