1818 3178
1549 91 1621 126 321

93 203 205 242 nobis
240 207 296 242 est
333 204 377 242 de
413 204 580 254 corporis
617 202 772 242 humani
806 203 1032 255 proprietate
1066 201 1108 240 in
1144 201 1315 241 Christo..
1364 200 1473 238 Nihil
1506 201 1622 250 igitur

92 266 288 306 adversum
326 280 395 306 nos
430 268 508 316 agit
546 267 798 318 Westphalus,
834 267 923 305 dum
964 266 1151 304 Christum
1182 265 1387 303 Dominum
1416 279 1559 316 semper
1586 271 1624 304 et

91 330 232 382 ubique
266 332 306 370 in
343 331 502 368 duorum
537 335 600 369 aut
636 332 749 370 trium
776 333 836 370 vel
861 331 1025 382 plurium
1056 330 1179 368 medio
1208 343 1336 368 revera
1362 330 1491 368 adesse
1519 330 1622 369 dicit.

96 395 220 434 Multo
246 396 371 434 minus
397 400 523 434 autem
550 400 680 434 contra
707 410 777 434 nos
804 397 907 443 facit,
933 395 1036 447 quod
1064 395 1182 441 addit,
1210 395 1403 433 Christum
1419 394 1625 433 Dominum

93 462 134 498 in
172 460 434 498 communione
468 461 626 508 Coenae,
661 461 878 511 ubicunque
905 461 975 499 rite
1001 460 1203 511 peragitur,
1230 460 1318 498 dare
1345 461 1421 498 suis
1449 460 1625 498 omnibus

95 537 228 574 corpus
264 527 300 562 et
337 525 559 574 sanguinem
593 538 701 564 suum
736 526 938 576 adesseque
975 537 1130 575 corpore
1168 524 1249 575 ipso
1286 527 1322 562 et
1350 524 1533 574 sanguine
1560 536 1625 562 suo

93 601 221 626 revera
255 601 342 626 suae
378 590 525 628 Coenae
560 594 596 628 et
630 603 781 641 pascere
820 603 924 628 suam
950 589 1175 628 Ecclesiam.
1230 589 1436 640 Nunquam
1463 590 1564 627 enim
1588 589 1629 627 id

94 653 325 702 negavimus,
359 654 424 692 sed
459 654 517 692 his
553 655 729 693 omnibus
766 668 840 693 non
878 654 971 693 effici
1007 667 1049 692 ea
1086 653 1266 701 dicimus,
1292 667 1453 704 quorum
1481 654 1633 692 nomine

94 730 326 765 accusamur,
359 731 492 770 nempe
526 723 568 757 ut
603 719 723 770 ipsam
761 719 927 770 corporis
963 721 1000 755 et
1037 717 1233 767 sanguinis
1268 717 1413 756 Christi
1452 718 1633 755 naturalis

96 783 344 821 substantiam
378 783 419 821 in
454 797 550 835 pane
584 783 666 835 ipso
703 788 767 822 aut
803 783 873 821 sub
912 796 1009 834 pane
1045 783 1191 820 Coenae
1227 795 1318 825 esse,
1352 795 1521 833 paneque
1547 782 1629 833 ipso

95 861 160 898 per
186 861 320 886 manus
350 847 517 887 Ministri
543 849 714 887 exhiberi
738 848 955 900 porrigique
982 851 1094 898 atque
1120 860 1184 884 ore
1213 847 1354 884 carnali
1381 860 1401 884 a
1427 848 1500 897 piis
1528 847 1629 897 pari-

96 916 152 949 ter
178 916 293 963 atque
329 912 454 964 impiis
489 912 644 964 percipi,
679 912 884 951 credamus.
939 911 1091 949 Horum
1127 911 1235 957 nihil,
1261 910 1428 961 inquam,
1455 924 1476 948 a
1505 910 1630 948 West-

95 977 208 1028 phalo
246 977 374 1015 doceri
405 977 529 1015 adhuc
555 977 737 1024 videmus,
763 977 910 1015 etiamsi
936 976 1062 1014 nescio
1090 988 1184 1026 quos
1210 975 1422 1026 triumphos
1449 975 1524 1013 iam
1552 974 1626 1012 sibi

97 1045 134 1079 et
163 1041 289 1080 nescio
317 1055 413 1093 quae
439 1041 610 1080 encomia
636 1041 792 1092 ipsemet
821 1041 1009 1080 decernat.

1253 1102 1385 1142 Ioan.
1413 1101 1437 1140 ὲ.
1461 1101 1633 1140 Lasco.

605 1172 666 1208 32.
1230 1166 1373 1205 Mirum
1400 1166 1519 1205 videri
1545 1179 1634 1217 pos-

474 1234 800 1285 Westphalus.
1234 1236 1289 1270 set
1312 1231 1547 1280 haeca(fol.
1567 1232 1634 1275 85)

150 1299 260 1336 Haec
296 1300 428 1337 docere
464 1306 497 1336 et
529 1300 679 1337 eredere
707 1306 760 1337 est
785 1300 865 1336 istis
893 1298 1173 1335 calumniatori·
1227 1295 1446 1346 Westphalo
1474 1295 1526 1333 ita
1549 1295 1637 1341 dici,

100 1364 179 1406 bus,
214 1376 350 1412 corpus
392 1361 534 1400 C'lzrz‘stz‘
560 1364 773 1411 expandere
801 1376 866 1400 seu
894 1363 1086 1400 extendere
1108 1375 1181 1410 per
1235 1359 1310 1398 nisi
1346 1373 1451 1397 suam
1477 1358 1634 1410 ipsemet

98 1429 237 1464 coelam
290 1434 323 1465 ec
350 1434 500 1465 terram.
555 1427 703 1466 Scimus
731 1440 810 1464 eum
837 1428 947 1464 semel
973 1438 1179 1475 expansum
1231 1423 1501 1475 impudentiam
1524 1427 1635 1474 atque

100 1497 133 1528 et
160 1498 344 1528 eoetensum
372 1491 411 1528 in
438 1503 562 1535 cruce,
589 1504 663 1528 non
691 1492 853 1540 amplius
882 1491 1049 1540 expandi
1066 1503 1183 1539 neque
1236 1487 1431 1527 effrontem
1482 1500 1635 1538 prorsus

99 1556 246 1593 extendi
272 1567 408 1604 corpus
436 1556 515 1593 eius
543 1556 747 1594 immortale
766 1561 800 1594 et
817 1556 1035 1604 fior-imum,
1054 1555 1183 1592 sedens
1235 1552 1444 1591 mentiendi
1503 1551 1634 1589 libidi-

102 1621 156 1657 ad
182 1621 371 1658 dexteram
398 1619 488 1659 Dei.
1232 1631 1317 1656 nem
1334 1616 1408 1655 toti
1426 1616 1510 1654 orbi
1519 1620 1635 1654 testa-

1230 1686 1307 1721 tam
1327 1681 1477 1720 abunde
1488 1681 1635 1732 scriptis

104 1748 181 1786 suis
216 1748 451 1788 reddidisset.
506 1749 566 1786 Ita
593 1761 676 1786 cum
704 1748 800 1786 nihil
825 1748 927 1786 aliud
954 1747 1016 1786 hic
1043 1752 1141 1797 agat,
1168 1760 1279 1798 quam
1306 1746 1509 1784 mentiatur
1536 1746 1635 1796 ipse-

104 1816 179 1850 met
206 1817 242 1850 et
269 1813 462 1850 calumniis
491 1814 565 1851 suis
593 1813 794 1863 depravare
821 1816 950 1850 nostra
978 1812 1104 1850 omnia
1133 1816 1301 1857 conetur,
1332 1810 1538 1848 calumniae
1566 1823 1634 1848 nos

104 1881 265 1916 accusat.
320 1877 447 1915 Toties
482 1878 556 1915 iam
592 1878 719 1915 testati
755 1891 896 1922 sumus,
931 1890 1000 1915 nos
1036 1881 1073 1914 et
1100 1876 1300 1914 credidisse
1328 1889 1471 1926 semper
1497 1880 1533 1912 et
1561 1875 1630 1912 do-

107 1942 227 1979 cuisse
261 1955 304 1979 ea
337 1941 475 1987 omnia,
512 1955 672 1993 quorum
708 1941 860 1980 nomine
889 1955 926 1979 se
952 1955 973 1979 a
1000 1941 1111 1979 nobis
1140 1941 1200 1978 hic
1227 1954 1292 1991 per
1321 1940 1547 1977 calumniam
1573 1952 1636 1977 ac-

106 2005 228 2043 cusari
253 2005 376 2054 fingit,
404 2010 455 2050 ut,
482 2006 548 2056 qui
574 2006 685 2043 modo
713 2010 844 2043 nostra
869 2006 1052 2055 legerunt,
1080 2006 1189 2043 facile
1209 2005 1333 2042 videre
1354 2004 1510 2055 possint,
1523 2005 1636 2053 longe

106 2070 219 2108 aliam
256 2083 336 2108 esse
363 2083 525 2116 causam,
550 2074 702 2121 propter
729 2084 841 2121 quam
869 2084 938 2109 nos
964 2071 1012 2108 ab
1039 2071 1120 2121 ipso
1151 2070 1292 2108 Christi
1321 2070 1474 2107 Domini
1502 2083 1638 2120 corpus

106 2135 147 2173 in
183 2135 405 2173 immensum
440 2135 602 2185 expandi
638 2134 809 2174 dicimus.
866 2136 997 2186 Neque
1032 2136 1132 2174 enim
1168 2140 1363 2186 propterea
1400 2134 1439 2171 id
1468 2135 1638 2181 facimus,

107 2198 208 2249 quod
233 2199 313 2250 ipse
340 2198 532 2238 Christum
558 2198 763 2237 Dominum
789 2199 828 2237 in
857 2200 980 2237 medio
1009 2200 1169 2237 duorum
1194 2199 1355 2236 triumve
1382 2203 1445 2237 aut
1461 2199 1638 2250 plurium,

107 2264 148 2301 in
192 2264 345 2302 nomine
388 2264 465 2301 eius
517 2263 770 2310 collectorum,
813 2277 942 2302 revera
976 2265 1118 2308 adesse.
1153 2263 1253 2314 quod
1288 2263 1379 2301 item
1415 2276 1570 2314 corpore
1602 2268 1639 2301 et

109 2328 292 2378 sanguine
328 2341 395 2366 suo
431 2329 537 2366 illum
563 2328 603 2366 in
632 2330 757 2366 Coena
784 2343 849 2367 sua
877 2333 1108 2380 praesentem
1135 2342 1215 2366 esse
1241 2332 1277 2366 et
1303 2328 1433 2366 eodem
1452 2329 1532 2379 ipso
1555 2342 1638 2367 cor·

107 2405 197 2443 pore
233 2405 276 2430 ac
303 2392 484 2441 sanguine
510 2405 578 2429 suo
606 2392 812 2431 Ecclesiam
840 2407 944 2431 suam
971 2406 1122 2444 pascere
1148 2394 1313 2437 affirmet,
1341 2393 1403 2430 sed
1432 2393 1535 2444 quod
1562 2399 1638 2432 sta-

108 2460 213 2494 tuere
250 2469 335 2493 cum
369 2457 445 2494 suis
480 2460 637 2494 conatur
674 2457 895 2495 immensam
940 2457 1129 2508 quandam
1166 2457 1332 2507 corporis
1369 2461 1406 2494 et
1443 2457 1638 2506 sanguinis

112 2520 254 2558 Christi
289 2521 329 2558 in
364 2533 461 2571 pane
497 2524 561 2558 aut
596 2521 665 2558 sub
703 2535 798 2571 pane
841 2522 986 2559 Coenae
1014 2522 1320 2567 delitescentiam,
1347 2526 1384 2560 et
1413 2534 1638 2572 corpora-

108 2584 199 2622 lem
234 2598 363 2622 eorum
397 2598 462 2636 per
497 2599 631 2623 manus
680 2585 848 2624 Ministri
883 2587 1168 2636 porrectionem,
1206 2587 1513 2637 corporalem
1551 2587 1639 2624 item

110 2652 147 2686 et
182 2648 252 2699 piis
288 2649 427 2699 pariter
464 2654 499 2687 et
531 2649 670 2700 impiis,
704 2663 724 2688 e
762 2649 931 2688 Ministri
965 2650 1153 2695 manibus,
1181 2664 1261 2688 ore
1289 2650 1485 2688 carnali
1512 2663 1639 2687 eorum

110 2714 447 2766 participationem.
501 2714 608 2752 Haec
643 2714 743 2753 enim
779 2715 858 2753 sine
890 2716 1106 2770 prodigiosa
1140 2716 1218 2763 illa,
1254 2715 1358 2753 cuius
1387 2715 1641 2753 Tertullianus

112 2791 259 2829 quoque
293 2779 477 2824 meminit,
513 2779 598 2827 (fol.
627 2780 693 2827 86)
722 2779 887 2830 corporis
916 2779 1057 2817 Christi
1083 2780 1123 2818 in
1149 2780 1372 2817 immensum
1400 2778 1642 2816 distractione

113 2856 178 2881 seu
205 2843 432 2894 expansione
460 2843 639 2882 constitui
665 2856 743 2882 non
768 2847 939 2895 possunt.
971 2845 1098 2883 Quare
1117 2845 1149 2883 si
1166 2845 1257 2882 haec
1277 2844 1384 2882 docet
1404 2842 1642 2893 Westphalus

165 2907 199 2948 I.
1445 2909 1493 2947 21
