1818 3178
182 111 252 147 110
590 116 643 141 AD
671 113 771 140 PIUM
798 110 1010 139 LECTOREM
1038 108 1277 136 PRAEFATIO.

179 225 242 258 aut
285 218 484 257 involucris
526 216 700 266 profiteor
744 217 778 251 et
826 211 996 256 defendo,
1041 222 1153 260 quam
1197 208 1297 260 quod
1334 222 1376 246 ea
1402 207 1478 246 vim
1511 207 1686 246 meritum

178 297 221 320 ac
257 284 471 331 dignitatem
505 278 634 316 mortis
662 282 696 314 et
725 275 921 313 sacerdotii
950 273 1089 312 Christi
1117 273 1285 310 omnium
1311 272 1472 310 maxime
1500 284 1688 310 commen·

179 347 258 384 dari
293 344 539 393 illustrarique
573 342 609 379 in
648 339 726 378 eius
759 338 926 376 Ecclesia
961 337 1174 374 indubitato
1212 336 1334 382 credo,
1361 339 1511 386 paratus
1537 335 1689 373 interim

178 412 315 448 discere
349 408 509 449 meliora,
546 418 638 455 quae
676 403 783 441 claris
811 416 853 440 ae
879 407 1009 439 mutuo
1038 401 1110 438 sibi
1139 401 1457 438 consentientibus
1485 400 1690 450 scripturae

175 472 393 511 testimoniis
430 469 768 519 comprobarentur.
825 466 901 504 Qui
939 478 1023 503 vero
1053 468 1218 514 receptas
1246 464 1391 515 pridem
1420 463 1602 514 quasdam
1631 463 1688 500 di-

177 536 280 573 cendi
316 534 492 572 formulas
528 533 566 570 in
604 545 713 569 causa
748 531 818 568 hac
847 529 1142 567 Sacramentaria
1165 529 1217 566 ita
1243 533 1392 578 urgent,
1418 532 1458 566 ut
1486 528 1559 566 sibi
1586 528 1689 566 nulla

174 613 322 650 prorsus
357 599 499 635 ratione
526 597 573 634 ab
600 596 674 633 illis
703 595 965 633 discedendum
992 607 1070 631 esse
1097 593 1346 631 arbitrentur:
1374 606 1436 631 eos
1463 606 1531 642 ego
1560 593 1689 643 utique

176 663 362 700 doctrinae
407 661 505 698 illius
553 659 790 710 Apostolicae
833 658 1016 696 rationem
1062 657 1257 694 habituros
1300 670 1378 694 esse
1421 670 1497 694 non
1543 657 1688 694 diffido:

174 727 405 777 Prophetiam
450 738 495 762 ne
530 724 797 774 aspernemini3
834 723 957 760 omnia
993 722 1214 765 examinate,
1239 744 1290 750 —
1326 722 1425 772 quod
1460 726 1514 759 est
1551 722 1602 770 (B
1629 723 1689 770 3³)

175 793 321 836 bonum,
348 790 513 827 retinete.
568 789 657 826 Non
693 793 748 826 est
785 788 932 838 quidem
959 791 1096 825 temere
1122 787 1371 824 recedendum
1397 801 1419 823 a
1445 787 1602 837 receptis
1629 787 1688 824 lo-¹

173 854 425 905 quutionibus‚
470 865 563 903 quae
604 856 639 889 et
683 853 801 889 lucem
838 851 977 902 alioqui
1013 851 1205 888 doctrinae
1240 850 1312 901 ipsi
1347 850 1503 897 addunt,
1538 854 1574 888 et
1609 850 1687 888 eius

173 931 390 956 consensum
428 917 538 954 veluti
575 917 679 953 frena
715 916 896 966 quaedam
932 916 1115 961 retinent3
1153 915 1214 953 sed
1244 919 1298 953 est
1325 928 1453 952 rursus
1483 914 1687 952 cavendum

171 983 291 1026 etiam,
325 995 369 1019 ne
395 981 446 1018 ita
474 984 641 1017 nostrum
669 980 832 1029 ipsorum
862 993 1083 1016 consensum
1109 992 1400 1030 propugnemus,
1426 983 1467 1016 ut
1495 979 1577 1016 aliis
1603 982 1688 1030 post

171 1060 237 1084 nos
273 1046 414 1083 aditum
450 1058 595 1082 omnem
623 1045 669 1081 ad
696 1044 957 1081 illustrandam
984 1043 1107 1081 adhuc
1132 1043 1252 1093 inagis
1280 1057 1323 1081 ac
1349 1044 1469 1093 magis
1498 1044 1689 1081 doctrinae

170 1111 366 1160 puritatem
400 1108 634 1159 praecludere
661 1108 752 1145 velle
779 1108 981 1145 videamur.
1037 1108 1095 1145 Ex
1121 1112 1227 1159 parte
1255 1108 1431 1145 nimirum
1458 1107 1580 1145 adhuc
1607 1121 1687 1145 om-

172 1189 235 1212 nes
264 1174 530 1223 cognoscimus,
556 1185 600 1210 ex
627 1176 730 1222 parte
756 1176 792 1209 et
819 1172 1095 1222 prophetamus.
1121 1194 1172 1200 ——
1199 1176 1235 1210 et
1261 1172 1418 1223 proinde
1444 1186 1603 1223 aequum
1622 1176 1688 1218 est,

173 1243 210 1276 ut
247 1242 282 1276 et
316 1238 397 1275 aliis
432 1242 515 1288 post
552 1249 619 1274 nos
659 1236 875 1286 Prophetiae
911 1236 1077 1286 ipsorum
1104 1240 1248 1287 partem
1276 1250 1322 1274 ne
1348 1236 1595 1283 invideamus,
1623 1250 1687 1275 ne-

172 1303 258 1339 dum
292 1301 569 1352 praeripiamus.
628 1300 800 1337 Videmus
836 1313 874 1337 re
910 1300 1002 1350 ipsa,
1038 1301 1156 1338 multa
1183 1314 1282 1338 nunc
1309 1300 1409 1338 tradi
1435 1301 1547 1350 longe
1576 1314 1687 1351 quam

171 1371 278 1404 antea
313 1366 493 1408 foelicius,
528 1365 679 1402 mutatis
717 1364 887 1402 videlicet
924 1377 1000 1402 non
1036 1365 1162 1416 paucis
1200 1369 1366 1403 veterum
1390 1366 1690 1416 loquutionibus,

171 1444 262 1481 quae
295 1431 409 1479 longo
437 1429 575 1480 alioqui
601 1433 765 1479 tempore
792 1428 1010 1466 observatae
1036 1429 1075 1466 in
1103 1428 1272 1467 Ecclesia
1300 1430 1471 1476 fuerunt3
1500 1442 1572 1479 qua
1600 1442 1688 1467 sane

170 1494 205 1530 in
251 1497 353 1543 parte
398 1491 618 1529 Academiae
654 1491 953 1540 Witenbergensi
991 1492 1194 1543 plurimum
1223 1505 1351 1530 omnes
1379 1493 1571 1531 debemus.
1626 1493 1686 1530 Ita

171 1571 254 1596 vero
290 1557 369 1594 fieri
404 1557 514 1594 etiam
550 1556 670 1593 adhuc
704 1560 838 1607 potest,
863 1561 917 1603 ut,
942 1557 1095 1595 mutatis
1123 1570 1272 1595 rursum
1299 1561 1335 1595 et
1363 1557 1502 1595 nostris
1530 1558 1684 1608 quihus-

171 1622 255 1659 dam
292 1620 436 1658 dicendi
472 1621 652 1666 formulis,
695 1621 868 1671 pleraque
904 1622 1021 1658 multo
1061 1622 1208 1667 clarius,
1245 1635 1355 1672 quam
1393 1621 1572 1659 hactenus
1600 1626 1687 1660 511111

170 1685 317 1730 tradita,
343 1684 582 1734 explicentur.
611 1683 741 1721 Aderit
767 1684 1014 1735 proculdubio
1043 1685 1125 1722 aliis
1153 1699 1300 1736 quoque
1325 1689 1410 1736 post
1439 1699 1506 1724 1105
1525 1687 1686 1737 Spiritus

172 1752 318 1785 sanctus
355 1748 391 1784 111
421 1747 558 1784 Christi
587 1747 763 1794 Ecclesia,
790 1748 1102 1798 quemadmodum
1128 1755 1164 1787 et
1193 1749 1303 1787 nobis
1330 1750 1541 1800 nostrisque
1567 1750 1686 1787 maio-

170 1813 273 1849 ribus
308 1812 438 1855 adfuit,
476 1812 537 1861 qui
574 1811 757 1848 donorum
793 1826 944 1850 suorum
977 1813 1116 1861 gradus
1153 1813 1263 1850 nobis
1297 1813 1411 1861 in·(B
1439 1814 1687 1863 3¹²)eognit0s‚

171 1878 467 1926 incrementaque
502 1875 611 1912 nobis
638 1876 842 1925 incognita.
870 1876 992 1914 habet.
1047 1877 1096 1914 Et
1125 1890 1208 1914 cum
1236 1878 1360 1915 omnia
1386 1878 1538 1915 tendere
1565 1878 1687 1916 adhuc

171 1941 215 1979 ad
243 1940 505 1991 perfectionem
535 1939 739 1985 videantur,
766 1940 935 1991 equidem
963 1940 1062 1978 haud
1092 1941 1168 1978 scio
1197 1955 1242 1979 an
1272 1946 1443 1980 nostrum
1472 1943 1530 1987 sit,
1549 1943 1686 1992 gradus

172 2019 214 2043 ac
250 2005 476 2042 incrementa
504 2003 686 2040 donorum
714 2016 864 2041 suorum
891 2004 990 2042 intra
1018 2009 1165 2043 nostras
1194 2005 1340 2043 dicendi
1367 2006 1545 2044 formulas
1572 2007 1688 2045 veluti

171 2071 268 2107 intra
305 2073 405 2118 septa
438 2067 617 2117 quaedam
655 2068 873 2106 concludere
911 2070 1014 2114 velle,
1047 2070 1202 2120 perinde
1237 2075 1347 2121 atque
1381 2071 1443 2108 ille
1476 2084 1544 2121 pro
1573 2085 1615 2109 co
1643 2085 1686 2109 ac

172 2135 261 2180 vult,
296 2133 443 2183 quando
490 2133 566 2170 vult
603 2137 638 2170 et
672 2147 736 2183 per
773 2147 865 2184 quos
902 2135 991 2180 vult,
1029 2136 1168 2185 spirare
1196 2149 1271 2173 non
1298 2136 1429 2186 possit.
1484 2137 1570 2174 Nou
1598 2137 1684 2174 laxo

172 2198 273 2234 frena
310 2195 471 2233 serendis
510 2194 613 2232 novis
652 2195 907 2244 dogmatibus:
945 2197 1104 2235 ornandi
1131 2198 1418 2249 illustrandique
1445 2199 1522 2236 eius
1552 2199 1685 2236 funda·

173 2260 286 2297 menti
328 2259 533 2294 libertatem
568 2263 685 2305 tueor,
719 2259 816 2309 quod
854 2261 965 2298 semel
1002 2267 1057 2299 est
1100 2262 1276 2312 positum,
1313 2263 1487 2313 quodque
1524 2263 1685 2313 Spiritus

174 2327 320 2360 sanctus
347 2323 383 2358 in
414 2322 587 2358 maiorem
614 2323 736 2359 adhuc
760 2324 879 2361 lucem
907 2325 1027 2363 indies
1053 2326 1257 2376 producere
1286 2340 1360 2365 non
1392 2331 1522 2366 cessat.
1561 2328 1683 2366 Quid!

173 2386 272 2436 quod
311 2386 441 2422 Paulus
477 2387 678 2435 Apostolus
713 2387 749 2424 in
787 2401 861 2425 una
899 2389 1062 2427 Ecclesia
1100 2392 1191 2429 alios
1226 2397 1311 2443 post
1347 2393 1439 2430 alios
1465 2393 1686 2444 prophetare

173 2452 290 2494 iubet,
315 2450 474 2499 vultque,
502 2455 541 2487 ut
567 2451 685 2488 tertiis
713 2456 777 2489 aut
805 2454 945 2503 quartis
972 2455 1212 2505 loquentibus
1239 2457 1382 2507 priores
1408 2459 1581 2495 taceant?
1611 2458 1684 2495 Cur

173 2516 271 2552 cuim
306 2514 400 2550 idem
436 2514 544 2550 etiam
580 2514 617 2551 in
655 2516 846 2553 Catholica
884 2518 1022 2556 Christi
1057 2520 1223 2558 Ecclesia
1257 2522 1340 2558 aliis
1375 2525 1460 2572 post
1486 2523 1579 2559 alios
1607 2535 1682 2560 non

173 2579 308 2621 liceret,
344 2577 440 2627 quod
477 2578 514 2613 in
546 2590 620 2614 uno
658 2579 780 2629 aliquo
818 2581 1005 2619 Ecclesiae
1042 2588 1147 2622 coetu
1183 2585 1320 2622 Paulus
1356 2586 1568 2635 permittit?
1623 2588 1682 2624 An

175 2656 247 2679 11011
284 2641 322 2677 111
361 2640 550 2677 Catholica
587 2642 694 2678 ctiam
722 2643 900 2690 Ecclesia,
927 2647 1078 2696 perinde
1105 2652 1217 2698 atque
1244 2649 1283 2686 in
1311 2662 1385 2687 uno
1415 2650 1538 2700 aliquo
1567 2650 1682 2700 ipsius

174 2710 290 2749 coetu,
328 2703 591 2753 Prophetarum
629 2705 776 2753 spiritus
814 2708 1007 2758 Prophetis
1045 2711 1128 2749 aliis
1166 2712 1352 2750 subiectos
1391 2726 1470 2750 esse
1506 2715 1683 2764 oportet?

177 2770 300 2806 (Quare
335 2767 457 2816 inique
491 2767 644 2812 faciunt,
677 2769 737 2818 qui
774 2770 808 2807 in
840 2784 946 2809 causa
975 2787 1120 2825 quoquc
1149 2776 1216 2812 hac
1246 2778 1540 2815 Sacramentaria
1570 2778 1682 2814 liber-

173 2837 284 2874 tatem
322 2838 403 2882 post
442 2843 477 2867 se
513 2830 595 2867 aliis
633 2832 875 2881 prophetandi
911 2836 1070 2874 adimere
1107 2839 1182 2876 suis
1218 2840 1457 2890 praeiudiciis
1487 2844 1683 2888 conantur,
