1818 3178
209 83 282 118 280

212 196 309 230 trum
336 191 544 242 exemplum
570 189 885 241 reprehendimus,
914 202 995 227 cum
1024 190 1161 241 quibus
1187 192 1282 230 nihil
1309 196 1366 231 est
1393 206 1589 232 commune
1611 194 1733 234 west-

212 256 336 307 phalo‚
372 256 435 293 sed
473 253 634 292 hominis
673 254 861 292 insaniam
897 254 1077 311 ridemus,
1111 256 1176 307 qui
1212 258 1312 309 quod
1346 258 1381 296 ei
1416 258 1581 309 Erinnys
1616 259 1733 311 ipsius

213 320 407 373 persuasit,
433 319 608 356 omnibus
634 319 673 356 id
700 319 811 356 etiam
836 332 1056 370 persuasum
1083 333 1163 358 esse
1187 325 1307 372 putat.
1337 322 1452 361 Quod
1480 326 1603 360 autem
1629 323 1735 361 addit

215 386 260 423 de
289 383 409 422 verbis
437 382 572 420 Niceni
600 382 760 433 symboli
787 388 822 420 et
850 383 894 420 de
921 384 1002 433 ejus
1029 384 1236 428 intellectu,
1264 387 1329 437 qui
1355 399 1419 437 per
1439 386 1551 424 verba
1574 387 1736 437 symboli

212 450 289 499 ipsa
325 447 570 496 significatur,
607 447 646 484 id
682 461 751 485 nos
786 447 947 485 libenter
983 448 1241 499 amplectimur
1278 456 1392 501 inque
1429 463 1560 489 causae
1587 456 1736 490 nostrae

211 512 465 561 adjumentum
502 511 612 548 nobis
649 512 842 549 sumimus.
899 512 996 550 Cum
1023 512 1122 550 enim
1151 526 1231 558 nos,
1258 527 1378 564 neque
1405 514 1487 552 aliis
1514 529 1626 566 quam
1653 519 1734 553 Au-

210 580 388 624 gustanae
424 575 683 612 Confessionis
720 576 841 613 verbis
875 575 912 612 in
944 576 1195 614 controversia
1224 581 1352 615 nostra
1379 578 1588 628 loquamur,
1615 592 1734 629 neque

210 641 322 678 aliam
366 640 398 677 ei
442 639 785 691 interpretationem
841 641 1096 686 adhibeamus,
1141 655 1253 692 quam
1299 656 1393 693 quae
1430 644 1527 681 facta
1564 644 1732 682 locorum

212 704 410 742 collatione
446 704 568 741 verbis
601 704 765 754 ejusdem
792 705 909 755 ipsius
938 705 1195 743 Confessionis
1225 706 1467 756 significatur,
1494 708 1732 745 ostendamus

208 769 296 807 item
335 768 541 806 doctrinam
581 768 788 820 westphali
818 770 1019 807 consistere
1047 770 1337 821 haudquaquam
1363 785 1471 822 posse
1500 786 1581 809 cum
1610 773 1733 812 verbis

209 834 347 883 pariter
375 845 417 870 ac
445 833 642 879 sententia,
666 846 711 870 ex
739 833 861 871 verbis
890 835 974 882 (fol.
1005 836 1070 881 15)
1098 835 1188 885 ipsis
1215 836 1344 886 petita,
1372 839 1614 885 Augustanae
1635 838 1733 875 Con-

209 897 393 942 fessionis,
429 897 664 948 perspicuum
693 903 760 943 est,
789 898 1037 949 recipiendam
1067 912 1141 936 non
1169 900 1206 937 in
1237 901 1459 949 Augustana
1490 901 1734 940 Confessione

209 961 418 1012 Westphali
451 962 810 1012 interpretationem,
835 964 953 1000 multo
981 963 1105 1001 minus
1133 968 1256 1001 autem
1285 964 1560 1015 suscipiendum
1589 979 1667 1004 esse
1693 966 1734 1003 in

204 1025 282 1063 eius
320 1026 535 1063 societatem
572 1025 831 1077 Westphalum
868 1027 1003 1078 ipsum,
1040 1031 1187 1065 tantum
1222 1028 1329 1066 abest
1354 1032 1396 1066 ut
1415 1036 1490 1080 'pro
1517 1029 1618 1071 illius
1645 1043 1733 1080 pro·

204 1096 412 1141 pugnatore
448 1091 576 1129 haberi
613 1091 755 1138 debeat,
789 1092 969 1143 tantisper
1007 1093 1093 1130 dum
1130 1107 1234 1131 suam
1262 1093 1470 1132 doctrinam
1498 1098 1534 1132 et
1561 1108 1582 1132 a
1609 1095 1732 1133 verbis

204 1160 240 1192 et
268 1169 288 1192 a
315 1161 437 1192 mente
463 1155 580 1206 ipsius
610 1155 867 1194 confessionis
894 1170 1046 1208 prorsus
1075 1158 1236 1196 alienam
1263 1159 1358 1197 tueri
1386 1159 1519 1210 pergit.

204 1220 338 1258 Ioan.
367 1219 390 1258 ὲ.
418 1220 588 1259 Lasco.

284 1285 489 1336 Cajapham
560 1285 621 1323 hic
1182 1293 1217 1328 9.

207 1350 299 1387 mihi
330 1350 371 1388 in
400 1350 615 1401 Westphalo
1043 1352 1370 1405 WestphaIUS.

207 1415 336 1452 audire
363 1414 504 1461 videor,
539 1415 617 1466 qui,
721 1418 823 1455 Male
850 1419 960 1456 habet
987 1420 1187 1465 diabolum,
1211 1427 1357 1468 patrem
1386 1421 1667 1463 haereticoram,
1694 1422 1732 1458 in

206 1480 358 1529 ignarus
386 1480 477 1531 quid
505 1480 618 1527 dicat,
670 1495 809 1531 maqna
866 1485 1080 1532 opinionum
1137 1486 1352 1533 confusione
1401 1486 1445 1522 (le
1488 1486 1732 1522 Eucharistia

206 1557 291 1582 vera
308 1544 459 1582 interim
474 1544 617 1591 dicit‚si
669 1553 794 1585 extare
831 1554 972 1584 certam
1002 1550 1167 1595 formam
1206 1550 1412 1595 doctrinae,
1439 1563 1556 1599 eaque
1577 1550 1733 1598 phana-

208 1610 319 1648 modo
334 1610 617 1649 rebeneexcus-
668 1614 761 1650 ticos
806 1614 940 1658 arceri,
987 1627 1030 1651 ne
1067 1615 1315 1652 contaminent
1350 1621 1502 1652 sanctas
1538 1615 1735 1652 Ecclesias

210 1687 249 1710 sa
284 1686 376 1723 opus
404 1672 545 1711 diaboli
572 1673 617 1711 ad
670 1677 746 1713 suis
788 1678 982 1725 contayz'z‘s.
1036 1678 1127 1715 Ideo
1156 1679 1274 1715 vibrat
1301 1691 1370 1715 sua
1397 1686 1577 1716 venenata
1598 1681 1733 1727 jacula

208 1738 332 1788 ipsum
359 1737 562 1783 diabolum,
578 1752 620 1776 ο-
673 1748 803 1778 contra
825 1744 1084 1790 Auyustanam
1109 1743 1392 1792 Consessz‘onem,
1407 1745 1649 1781 declamz‘tans
1663 1758 1736 1793 per

210 1815 279 1852 pus
299 1815 383 1840 vero
400 1802 469 1839 Dei
487 1802 619 1841 adDe-
671 1818 777 1842 sumn
821 1806 1108 1856 Alataeoloyum
1157 1822 1229 1845 non
1265 1809 1361 1845 tami
1394 1823 1475 1846 eam
1505 1810 1731 1858 faciendam

210 1879 270 1903 um
292 1866 413 1917 ipsum
435 1880 516 1904 vere
527 1868 623 1904 refe·
677 1882 765 1914 esse,
792 1877 831 1906 ut
858 1873 1022 1919 aequari
1048 1872 1180 1909 debeat
1206 1886 1287 1908 cum
1314 1885 1430 1910 sacra
1459 1873 1674 1922 Scriptura,
1702 1879 1734 1911 ec

209 1934 323 1968 ratur.
338 1930 542 1968 Maleenim
555 1931 621 1969 ha-
679 1933 927 1972 Cla-istz'anam
958 1937 1162 1974 societatem
1192 1938 1353 1975 scindat.

212 1994 273 2031 bet
283 1994 531 2045 proculdubio
543 1995 622 2033 dia-

212 2056 349 2103 bolum,
360 2058 527 2096 omnium
542 2062 622 2096 tur·

211 2121 340 2159 barum
377 2135 419 2160 ac
447 2123 622 2161 dissidio-

210 2198 288 2223 rum
302 2186 340 2224 in
377 2187 519 2225 Christi
547 2188 620 2225 Ec-

212 2250 321 2288 clesia
444 2256 623 2296 autorem,

209 2315 308 2365 quod
345 2320 429 2365 post
464 2316 709 2355 adulteratam
748 2318 911 2368 Papismi
938 2320 1136 2369 tyrannide
1165 2321 1375 2360 doctrinam
1402 2327 1734 2369 sacramentorum,

208 2379 518 2430 profanatumque
563 2381 713 2418 illorum
762 2395 881 2427 usum,
922 2383 1023 2422 Deus
1068 2399 1154 2423 suos
1200 2386 1349 2423 demum
1393 2387 1631 2433 excitaverit„
1666 2388 1731 2438 qui

208 2455 274 2491 pro
311 2442 492 2481 donorum
533 2445 603 2482 hae
638 2446 677 2484 in
704 2451 810 2497 parte
847 2461 999 2485 suorum
1034 2462 1205 2487 mensura
1233 2454 1268 2488 et
1297 2451 1506 2488 doctrinam
1541 2451 1660 2502 ipsam
1697 2456 1733 2490 et

208 2519 315 2543 usum
343 2506 428 2544 item
458 2515 774 2547 sacramentorum
802 2511 848 2548 ad
876 2514 1130 2563 Aposto-(fol.
1161 2515 1335 2562 16)licam
1364 2528 1494 2552 rursus
1519 2516 1734 2566 puritatem,

206 2570 361 2620 abjectis
399 2572 572 2610 omnibus
608 2575 796 2623 figmentis
836 2576 1017 2623 humanis,
1054 2592 1226 2617 revocare
1251 2580 1429 2630 paulatim
1456 2593 1499 2617 ac
1526 2581 1641 2618 veluti
1667 2594 1732 2632 per

205 2636 342 2684 gradus
392 2637 571 2686 quosdam
625 2645 819 2678 conantur.
883 2641 1049 2693 Ideoque
1097 2649 1139 2681 ut
1177 2644 1263 2681 huic
1308 2643 1378 2681 Dei
1417 2644 1518 2695 operi
1566 2657 1730 2682 remoras

204 2704 315 2750 atque
371 2701 633 2751 impedimenta
675 2708 805 2751 struat,
853 2711 974 2744 movet
1011 2720 1159 2746 omnem
1206 2708 1366 2759 lapidem
1403 2713 1437 2746 et
1474 2722 1511 2746 se
1548 2709 1659 2746 vertit
1691 2709 1730 2746 in

203 2764 341 2810 omnia,
377 2764 407 2801 si
453 2778 525 2815 quo
564 2766 693 2804 salt-em
730 2769 841 2806 modo
884 2772 1140 2821 Apostolicam
1176 2773 1373 2823 puritatem
1409 2778 1445 2810 et
1480 2773 1520 2810 in
1559 2773 1729 2810 doctrina

202 2832 237 2869 et
275 2828 314 2870 in
353 2841 419 2869 usu
456 2834 771 2873 sacramentorum
808 2832 985 2889 impedire
1022 2847 1064 2876 ae
1093 2835 1271 2874 remorari
1298 2839 1421 2891 queat.
1477 2835 1525 2872 Et
1552 2835 1729 2891 quoniam
