1818 3178
159 128 229 164 132
504 132 554 159 ΒΕ
584 127 861 158 SAORAMEN'PIS
890 125 1103 153 ECCLESIAE
1131 127 1308 157 cnmsm.

160 236 325 274 Ecclesia
361 234 553 283 negligunt
587 234 623 268 et
661 232 923 275 contemnunt3
959 240 1111 278 peccare
1145 228 1235 266 item
1270 232 1305 266 et
1339 227 1545 283 ministros,
1571 228 1667 266 siin

165 303 473 338 sacramentorum
515 294 834 333 administratione
860 305 936 330 non
966 292 1041 329 sint
1068 291 1194 330 fideles
1222 306 1264 330 ac
1291 292 1486 341 diligentes
1512 291 1550 329 in
1581 305 1670 329 con-

165 363 309 400 creditis
336 361 406 398 sibi
434 358 622 396 Ecclesiis.
676 357 729 394 Ut
755 357 853 394 enim
882 359 1115 406 contemptus
1144 360 1179 393 et
1206 356 1433 405 negligentia
1461 355 1670 403 sacra-(fol.

164 427 454 472 20¹¹)mentorum
507 422 543 458 in
586 420 692 471 plebe
728 420 833 470 culpa
871 432 936 456 sua
974 431 1049 456 non
1096 422 1208 465 caret,
1240 419 1364 457 itaet
1400 419 1573 464 ministri,
1608 418 1673 469 qui

163 492 409 536 contemptum
437 485 535 521 hunc
562 489 598 521 et
622 474 887 532 negligentiam
913 494 989 519 non
1005 481 1292 532 reprehendunt,
1317 487 1360 520 ut
1389 483 1537 528 debent,
1552 482 1670 520 nihilo

163 551 301 587 minore
335 552 505 586 tenentur
540 548 657 598 culpa,
693 560 739 584 ne
775 546 895 584 dicam
930 547 1080 592 maiore,
1117 559 1199 584 cum
1235 560 1278 585 ex
1305 547 1478 585 manibus
1504 547 1671 597 ipsorum

161 613 398 664 requirendus
426 613 472 649 sit
500 611 651 660 sanguis
678 611 845 648 omnium
872 611 911 648 in
938 610 1105 648 Ecclesia
1135 610 1284 651 Christi.

209 679 299 714 Cum
334 677 431 714 enim
466 675 632 712 remissio
660 679 897 725 peccatorum
925 674 1134 723 Euangelio
1161 675 1346 725 patefacta
1374 675 1528 725 eiusque
1555 674 1669 712 mini-

158 724 304 780 sterium
340 741 386 778 ad
414 741 620 778 universam
658 743 738 777 toto
767 743 948 777 terrarum
977 739 1066 776 orbe
1093 738 1293 776 humanam
1323 744 1529 777 creaturam
1555 739 1671 790 perti-

157 810 252 849 neat,
286 806 455 854 iussaque
492 804 538 841 sit
564 804 757 842 universae
784 804 894 841 etiam
922 803 1106 840 humanae
1135 807 1324 841 creaturae
1350 803 1568 854 praedicari,
1595 816 1668 841 non

154 874 307 919 possunt
342 882 428 906 sane
463 869 540 906 eius
575 869 691 918 ipsius
729 868 956 905 remissionis
982 871 1220 918 peccatorum
1246 868 1514 918 promissiones
1542 881 1671 906 omnes

154 934 198 971 ad
235 946 379 970 omnem
416 933 525 970 etiam
561 932 760 970 humanam
790 936 994 969 creaturam
1022 932 1062 970 in
1091 932 1231 969 Christi
1258 932 1425 970 Ecclesia
1453 945 1530 970 non
1557 933 1669 983 perti-

156 1011 251 1041 nere,
285 997 402 1034 multo
438 997 560 1034 minus
601 1001 723 1034 autem
759 996 979 1047 appendices
1015 1000 1052 1034 et
1089 997 1211 1046 sigilla
1246 997 1550 1048 promissionum,
1590 997 1670 1048 ipsa

154 1063 302 1112 inquam
339 1066 577 1107 sacramenta,
612 1075 704 1112 quae
738 1075 759 1098 a
795 1061 1106 1111 promissionibus
1152 1061 1257 1098 verbi
1294 1061 1423 1107 divini,
1462 1061 1670 1113 Euapoelio

154 1127 250 1163 velut
287 1125 483 1176 diplomate
517 1125 625 1163 nobis
659 1125 818 1171 traditis,
855 1126 979 1164 divelli
1007 1139 1082 1164 non
1110 1129 1281 1177 possunt,
1309 1125 1556 1177 quemadmod
1648 1140 1669 1164 a

155 1190 297 1238 Regum
332 1190 541 1239 diplomatis
577 1189 697 1238 sigilla
733 1189 899 1239 ipsorum
926 1190 1035 1228 avelli
1062 1190 1141 1228 sine
1169 1190 1313 1239 Regum
1339 1189 1506 1241 ipsorum
1535 1193 1668 1228 contu-

155 1253 261 1290 melia
289 1266 363 1289 non
391 1265 497 1302 posse
524 1253 702 1291 videmus.

205 1316 414 1353 Adiecimus
449 1321 572 1354 tamen
605 1317 839 1367 exceptiones
876 1317 1067 1367 quasdam,
1095 1331 1189 1368 quae
1217 1331 1285 1356 nos
1314 1318 1420 1369 culpa
1448 1318 1551 1355 omni
1578 1330 1668 1355 con-

153 1384 311 1430 temptus
340 1392 649 1418 sacramentorum
676 1382 849 1427 liberant,
877 1382 1021 1420 etiamsi
1047 1382 1122 1420 illis
1151 1382 1374 1433 quandoque
1402 1395 1480 1420 non
1507 1387 1668 1421 utamur.

153 1444 325 1489 Primam,
353 1446 383 1482 si
410 1451 558 1496 propter
576 1446 753 1495 mysterii,
770 1447 811 1484 in
831 1450 1059 1484 sacramento
1083 1447 1349 1498 comprehensi,
1368 1447 1671 1493 illustrationem,

155 1509 212 1545 cui
247 1510 406 1558 sig-(fol.
436 1512 567 1557 21²¹)na
601 1511 741 1561 alioqui
776 1511 856 1561 ipsa
885 1511 1095 1550 subservire
1123 1511 1272 1556 debent,
1300 1512 1414 1562 aliqui
1441 1513 1480 1550 in
1503 1513 1583 1563 ipsa
1610 1513 1669 1550 in-

156 1572 346 1610 stitutione
383 1573 505 1610 divina
542 1575 799 1620 excludantur,
834 1575 1147 1625 quemadmodum
1192 1576 1382 1613 foemellas
1418 1589 1439 1612 a
1476 1576 1669 1614 circumci-

155 1637 257 1674 sione
293 1638 379 1675 olim
407 1639 572 1675 exclusas
601 1639 713 1676 fuisse
740 1639 917 1678 videmus.
971 1640 1151 1685 Alteram,
1179 1640 1210 1677 si
1235 1639 1315 1690 ipsa
1343 1644 1495 1678 naturae
1521 1644 1671 1678 nostrae

154 1701 262 1738 nobis
306 1702 439 1739 adnata
487 1703 681 1741 infirmitas
728 1704 920 1753 signorum
968 1705 1291 1742 sacramentalium
1328 1718 1443 1756 capax
1478 1717 1557 1743 esse
1593 1718 1669 1743 non

155 1766 283 1816 possit,
317 1767 624 1816 quemadmodum
659 1768 821 1806 infantes
856 1769 975 1806 nostri
1010 1772 1046 1806 et
1082 1769 1129 1807 ab
1165 1782 1263 1819 agno
1297 1769 1467 1807 Paschali
1503 1770 1669 1808 abstine-

156 1830 246 1867 bant
274 1830 373 1875 olim,
400 1835 433 1868 et
460 1844 559 1868 nunc
586 1831 696 1869 etiam
724 1846 744 1870 a
773 1846 905 1871 caenae
933 1833 1142 1871 dominicae
1167 1847 1238 1871 usu
1265 1834 1453 1872 abstinere
1471 1838 1668 1883 coguntur.

157 1893 330 1937 Tertiam,
365 1894 395 1931 si
431 1895 590 1932 evidenti
625 1896 748 1946 aliqua
782 1897 1000 1935 necessitate
1035 1898 1225 1935 Ecclesiae
1252 1898 1375 1936 adacti
1401 1911 1508 1936 usum
1537 1899 1668 1936 Sacra·

156 1961 362 1994 mentorum
390 1959 631 1997 intermittere
657 1961 885 2011 aliquamdiu
913 1974 1101 2011 cogamur,
1128 1966 1192 2000 aut
1219 1975 1285 2013 per
1311 1962 1504 2000 adversam
1530 1962 1669 2014 alioqui

157 2021 402 2059 valetudinem
429 2024 484 2060 uti
510 2023 584 2061 illis
612 2038 687 2062 non
714 2026 911 2076 possimus.
958 2026 1142 2064 Dominus
1169 2031 1224 2064 est
1251 2027 1350 2064 enim
1376 2027 1477 2065 filius
1505 2027 1668 2065 hominis

156 2085 266 2134 etiam
306 2086 420 2136 ipsius
467 2087 633 2134 Sabbati,
669 2092 705 2126 et
743 2090 899 2140 proinde
944 2104 1091 2142 quoque
1129 2091 1466 2137 Sacramentorum,
1500 2105 1593 2142 quae
1628 2092 1668 2130 in

158 2153 258 2197 parte
287 2150 439 2188 Sabbati
466 2156 671 2191 censentur.
716 2153 765 2191 Et
792 2155 969 2204 populum
997 2154 1065 2193 Dei
1093 2168 1203 2192 usum
1232 2155 1524 2193 circumcisionis
1552 2155 1668 2193 inter-

159 2213 298 2250 misisse
333 2215 488 2263 legimus
523 2216 562 2253 in
600 2217 742 2255 deserto
778 2219 886 2256 annis
922 2219 1192 2269 quadraginta:
1229 2220 1343 2258 fuisse
1379 2224 1502 2258 tamen
1528 2219 1669 2258 interea

158 2277 334 2325 populum
367 2278 447 2325 Dei,
481 2286 517 2317 et
552 2280 670 2319 Deum
706 2282 818 2320 fuisse
854 2283 973 2321 Deum
1008 2285 1136 2335 ipsius.
1192 2285 1387 2330 Quartam,
1415 2285 1446 2322 si
1472 2285 1669 2322 manifesta

161 2339 368 2388 aliquorum
399 2343 583 2392 impietate
619 2352 846 2384 sacramenta
872 2347 951 2397 ipsa
979 2348 1225 2386 contaminari
1254 2348 1432 2391 debeant,
1461 2347 1525 2398 qui
1551 2347 1668 2386 arceri

161 2416 235 2440 non
261 2405 413 2453 possint.
468 2408 554 2445 Non
582 2411 692 2454 enim,
719 2424 812 2461 quae
840 2416 966 2450 sancta
995 2417 1093 2458 sunt,
1120 2413 1276 2451 canibus
1304 2412 1383 2450 dari
1409 2412 1557 2450 debent.

211 2467 398 2505 Caeterum
436 2469 502 2507 hac
528 2474 759 2523 exceptiones
787 2488 863 2512 non
891 2476 1054 2520 obstant,
1080 2477 1279 2528 quominus
1305 2476 1457 2514 interim
1483 2489 1570 2514 usus
1598 2489 1667 2513 no-

160 2534 317 2567 strorum
347 2533 665 2573 sacramentorum
688 2537 734 2574 ad
753 2542 869 2576 totam
889 2539 1026 2578 Christi
1042 2540 1249 2579 Ecclesiam
1269 2541 1466 2591 omniaque
1485 2540 1568 2588 (fol.
1582 2540 1668 2588 21¹²)

160 2594 258 2631 illius
286 2595 448 2632 membra
475 2599 665 2647 pertineat,
692 2606 873 2651 quatenus
902 2604 993 2641 citra
1021 2604 1321 2643 obscurationem
1348 2604 1611 2654 mysteriorum
1628 2604 1667 2641 in

161 2660 420 2703 Sacramentis,
455 2661 726 2702 infirmitatisve
764 2671 826 2704 aut
853 2668 1099 2718 periculorum
1127 2670 1384 2708 necessitatem
1410 2682 1454 2707 ac
1479 2669 1666 2720 publicam

157 2723 306 2759 illorum
331 2725 679 2764 contaminationem
704 2729 899 2769 intermitti
926 2733 1078 2771 omnino
1105 2745 1183 2772 non
1212 2733 1331 2773 debet.

209 2786 311 2824 Haec
346 2787 398 2824 ita
426 2788 614 2826 observari
642 2790 826 2831 debebunt
853 2795 892 2832 in
920 2797 1100 2847 eo,‚qu0d
1128 2797 1172 2835 de
1199 2801 1327 2835 nostro
1344 2799 1663 2836 Sacramentorum

151 2863 296 2901 genere,
333 2852 375 2890 de
403 2866 475 2903 quo
505 2853 562 2891 hic
588 2855 819 2905 potissimum
846 2860 1001 2909 agimus,
1027 2862 1251 2910 addidimus,
1276 2863 1316 2901 in
1342 2863 1507 2912 generali
1534 2863 1664 2901 Sacra—
