1818 3178
196 138 270 174 394
688 145 903 173 RESPONSIO
930 146 1025 173 Anv.
1055 145 1223 175 nosmM.

195 247 312 291 missi,
344 246 389 284 ab
428 245 566 282 Albero
604 245 833 296 conscriptos
870 259 948 283 esse
975 267 1023 274 -
1052 259 1123 296 qua
1151 246 1299 297 quidem
1325 249 1365 285 in
1392 260 1431 285 re
1459 247 1602 284 Hosius
1634 247 1721 285 falsi

198 309 352 347 crimine
379 321 427 354 se,
455 307 486 345 si
514 311 718 352 accusetur,
745 308 901 345 liberare
930 307 1079 345 debebit
1105 330 1155 337 —
1183 322 1258 347 non
1278 311 1430 348 mirarer
1445 314 1569 348 tamen
1588 309 1634 347 ab
1653 309 1718 345 illo

196 374 247 411 ita
284 373 441 423 scriptos
475 385 565 417 esse,
601 385 684 409 cum
720 372 766 409 ab
803 385 846 410 eo
879 373 993 410 multa
1031 373 1231 410 multorum
1267 375 1362 412 falso
1392 374 1578 423 sugillata‚
1603 386 1647 411 ac
1674 387 1719 410 ne

194 438 268 475 illis
304 437 452 487 quidem
489 450 638 488 parsum
675 450 753 474 esse
789 438 902 474 sciam
940 437 1095 485 (nedum
1130 441 1171 475 ut
1207 439 1299 476 mihi
1326 441 1507 490 parceret)
1534 451 1599 489 per
1625 450 1720 488 quos

195 515 283 539 sane
318 502 440 551 ipsum
476 500 512 538 et
547 501 704 549 gradum
740 502 779 538 in
815 501 950 538 studiis
986 501 1118 539 fecisse
1153 502 1355 540 maximum
1391 503 1426 540 et
1454 502 1545 540 alias
1572 514 1722 552 quoque

195 571 428 617 peramanter
464 565 630 604 adiutum
664 566 779 604 fuisse
815 570 974 605 constat.
1031 566 1136 604 Quin
1171 571 1207 605 et
1243 581 1343 605 nunc
1369 567 1644 605 nihilomnino
1672 565 1719 604 ad

196 645 258 669 eos
295 631 395 682 ipsos
432 631 623 668 Articulos
661 630 933 681 responderem,
970 630 1000 668 si
1035 644 1111 668 non
1139 631 1187 668 ab
1216 630 1337 669 Hosio
1366 631 1658 669 obtenderentur
1686 634 1722 668 et

198 696 328 732 Albcri
364 696 453 733 item
490 695 682 744 ingenium
726 709 767 733 ac
794 695 963 744 linguam
992 695 1053 732 hic
1079 695 1232 746 perinde
1258 702 1369 747 atque
1398 696 1486 733 alibi
1512 696 1722 734 innotuisse

196 760 340 798 scirem.
396 759 468 797 Sed
505 773 587 797 cum
623 773 699 797 non
733 773 850 811 usque
887 759 979 797 adeo
1017 759 1077 796 hic
1111 764 1322 811 perspectos
1358 760 1479 798 adhuc
1506 773 1584 798 esse
1611 759 1718 797 video

197 825 360 862 Balthici
391 825 503 862 maris
532 827 591 873 (3)
628 825 811 869 fremitus,
848 825 910 875 qui
950 825 1188 862 Germaniam
1218 825 1339 863 denuo
1369 828 1565 863 concutere
1591 824 1719 862 nitun-

195 894 267 935 tur,
303 894 338 927 et
366 889 478 927 Hosii
504 889 712 940 hypocrisis
740 890 778 927 in
807 889 928 940 pretio
956 889 1053 940 apud
1082 889 1262 940 quosdam
1291 890 1414 927 adhuc
1442 890 1611 934 habetur,
1647 902 1719 927 una

194 956 304 1003 atque
332 952 459 989 eadem
486 966 595 1003 opera
621 953 772 1004 utrique
797 954 935 990 larvam
965 966 1068 990 suam
1097 953 1374 1000 detrahendam,
1399 954 1491 991 utile
1518 958 1629 1005 atque
1655 967 1720 992 ne·

196 1018 394 1056 cessarium
420 1031 499 1056 esse
526 1018 748 1064 existimavi,
773 1018 955 1069 imprimis
985 1031 1070 1055 vero
1098 1018 1279 1056 Sanctulo
1307 1019 1409 1056 Patri
1434 1019 1636 1068 Caligulae,
1655 1018 1720 1069 qui

196 1083 232 1119 in
270 1082 346 1120 suis
382 1082 536 1120 somniis
563 1082 613 1119 ita
643 1082 716 1120 sibi
742 1083 887 1133 placere
913 1082 1070 1128 videtur,
1097 1086 1137 1120 ut
1166 1096 1206 1120 ea
1234 1096 1254 1121 a
1282 1083 1430 1120 nemine
1455 1096 1608 1134 prorsus
1636 1096 1719 1134 per-

195 1146 298 1197 spici,
326 1146 460 1183 nedum
491 1147 649 1184 convelli
676 1146 904 1197 refutarique
931 1160 1040 1198 posse
1068 1147 1204 1185 credat,

246 1212 388 1249 Vellem
417 1216 538 1249 autem
567 1225 677 1262 quam
693 1212 989 1249 mansuetissime
1007 1225 1050 1249 ac
1069 1212 1342 1250 modestissime
1356 1225 1438 1250 cum
1460 1212 1582 1250 Moria
1603 1226 1722 1262 agere,

195 1278 257 1315 sed
295 1291 377 1315 cum
413 1278 489 1323 ille,
525 1277 644 1328 ruptis
681 1277 856 1315 omnibus
892 1277 1096 1315 modestiae
1132 1282 1243 1328 atque
1272 1277 1444 1315 candoris
1474 1278 1599 1329 septis,
1628 1277 1723 1315 nihil

193 1343 473 1394 praetermittat,
500 1343 602 1393 quod
629 1342 675 1379 ad
704 1355 772 1380 nos
800 1342 1095 1393 proscindendos
1114 1342 1452 1392 opprimendosque
1471 1356 1513 1379 ac
1529 1342 1620 1379 diris
1640 1355 1721 1379 om-

194 1408 305 1444 nibus
335 1406 568 1444 devovendos
597 1420 724 1457 rapere
750 1407 999 1458 undecunque
1026 1411 1160 1457 potest,
1185 1429 1230 1436 —
1263 1407 1428 1457 postulat
1456 1420 1544 1444 sane
1571 1407 1722 1443 hocin·

194 1473 368 1510 nocentia
397 1476 538 1517 nostra,
565 1477 607 1509 ut
635 1485 681 1509 ne
707 1471 903 1509 maledicta
930 1485 973 1509 ac
1001 1472 1229 1522 praeiudicia
1258 1471 1401 1509 effrenis
1425 1485 1510 1509 suae
1524 1471 1720 1522 impuden-

192 1538 266 1576 tiae
294 1537 443 1575 haerere
469 1536 509 1574 in
538 1536 648 1574 nobis
675 1536 872 1587 patiamur,
900 1536 962 1574 sed
990 1550 1031 1574 ea
1050 1537 1089 1574 in
1105 1537 1227 1587 ipsum
1246 1536 1408 1574 vicissim
1428 1541 1722 1588 retorqueamus,

193 1605 234 1639 ut
263 1602 435 1639 omnibus
464 1604 620 1646 constet,
645 1601 846 1651 ipsummet
872 1604 908 1638 et
936 1614 1021 1638 suos
1049 1601 1087 1638 in
1101 1614 1230 1638 eorum
1249 1601 1415 1639 omnium
1436 1602 1543 1652 culpa
1560 1602 1721 1648 haerere,

194 1679 353 1717 quorum
390 1678 459 1703 nos
495 1665 557 1703 ille
586 1665 814 1703 mendaciter
841 1668 876 1702 et
905 1665 1177 1713 malicio·(4)se
1205 1669 1366 1712 accusat,
1392 1666 1608 1717 praesertim
1636 1679 1723 1704 vero

193 1744 277 1769 cum
307 1731 382 1768 sint
407 1731 603 1776 eiusmodi,
631 1733 670 1768 ut
699 1730 778 1767 sine
805 1729 1035 1767 intolerabili
1063 1730 1226 1767 nominis
1246 1730 1375 1767 Divini
1394 1731 1628 1778 contumelia,
1644 1731 1723 1769 sine

191 1792 413 1842 gravissima
443 1792 529 1829 item
557 1791 760 1828 Doctrinae
798 1804 908 1828 sanae
937 1791 1086 1841 verique
1115 1791 1236 1829 cultus
1264 1791 1393 1829 Divini
1421 1796 1457 1829 et
1483 1792 1600 1830 totius
1628 1792 1720 1830 adeo

192 1856 382 1894 Ecclesiae
410 1856 550 1893 Christi
575 1855 731 1892 infamia
760 1855 988 1892 dissimulari
1016 1855 1304 1906 haudquaquam
1331 1856 1488 1907 possint.
1546 1857 1718 1895 Christus

194 1919 390 1966 Dominus,
418 1933 502 1957 cum
528 1919 688 1956 Divinae
716 1933 804 1956 suae
830 1919 1020 1970 potentiae
1047 1932 1158 1970 opera
1188 1921 1348 1957 Satanae
1376 1920 1539 1958 adscribi
1567 1922 1725 1968 audiret,

194 1986 289 2022 ferre
324 1984 362 2022 id
399 1985 519 2022 noluit
554 1985 632 2021 ullo
670 1984 794 2029 modo,
830 1997 950 2034 neque
986 1984 1018 2021 ci
1047 1984 1137 2021 satis
1164 1989 1242 2022 erat
1272 1984 1420 2032 dixisse,
1450 1985 1530 2035 Ego
1559 1986 1720 2024 Daemo-

192 2050 297 2087 nium
336 2062 412 2087 non
450 2049 581 2095 habeo,
617 2049 680 2087 sed
716 2050 755 2086 in
794 2049 1081 2087 calumniatores
1119 2062 1204 2087 suos
1232 2049 1395 2100 idipsum
1422 2050 1571 2088 retorsit
1598 2051 1722 2098 etiam,

195 2115 299 2153 euius
334 2115 593 2159 accusabatur,
625 2114 717 2158 Vos,
753 2114 887 2164 inquit,
925 2127 969 2151 ex
1002 2114 1112 2152 Patre
1148 2114 1310 2151 Diabolo
1347 2114 1447 2153 estis.
1503 2115 1592 2152 Non
1620 2116 1719 2153 enim

194 2180 265 2217 hoc
300 2179 442 2217 ferebat
478 2178 608 2216 Divini
644 2178 808 2216 nominis
842 2179 975 2227 gloria,
1010 2192 1120 2229 quam
1157 2192 1246 2216 sane
1283 2192 1303 2215 a
1330 2179 1403 2230 piis
1429 2178 1605 2217 omnibus
1633 2192 1718 2230 pro-

195 2244 352 2296 pugnari
387 2256 536 2281 necesse
572 2247 639 2289 est,
672 2248 713 2280 ut
747 2256 884 2280 nomen
922 2244 1082 2281 Satanae
1117 2243 1306 2293 potentiae
1344 2243 1413 2281 Dei
1444 2243 1721 2282 obtenderetur.

195 2309 254 2346 Ita
291 2313 326 2345 et
363 2308 474 2345 nobis
509 2307 696 2359 integrum
733 2320 808 2345 non
836 2312 904 2354 est,
931 2307 1194 2345 contumeliam
1234 2307 1364 2345 Divini
1391 2307 1554 2345 nominis
1582 2307 1721 2346 doctri-

196 2386 338 2423 naeque
372 2376 522 2410 nostrae
558 2385 602 2410 ex
636 2371 749 2409 verbo
786 2371 856 2410 Dei
890 2372 1027 2423 petitae
1062 2376 1097 2409 et
1134 2372 1256 2410 cultus
1283 2372 1413 2410 Divini
1455 2372 1720 2410 calumniosam

194 2437 467 2475 traductionem
503 2440 654 2488 propter
689 2436 892 2474 modestiae
930 2437 1145 2487 opinionem
1176 2437 1422 2481 dissimulare,
1451 2450 1605 2487 cumque
1633 2436 1717 2474 Ho-

196 2502 286 2547 sius,
322 2515 390 2539 nos
427 2515 448 2539 a
486 2501 679 2539 Catholica
717 2501 858 2539 Christi
893 2501 1062 2539 Ecclesia
1100 2502 1383 2550 de-(5)scivisse
1419 2514 1561 2552 nosque
1596 2501 1719 2552 impu-

195 2580 257 2605 ros
285 2580 326 2603 ac
355 2567 566 2617 deploratos
593 2566 794 2604 haeriticos
832 2570 868 2603 et
896 2579 1044 2604 omnem
1073 2571 1238 2604 nostram
1269 2567 1476 2604 doctrinam
1505 2565 1603 2603 aliud
1625 2566 1720 2604 nihil

195 2645 306 2682 quam
336 2631 585 2672 Satanismum
613 2644 692 2668 esse
718 2630 952 2681 pronunciet,
978 2653 1028 2676 ÷=
1056 2631 1280 2669 imitandum
1309 2631 1369 2668 hic
1396 2630 1505 2668 nobis
1528 2630 1719 2668 Christum

195 2696 400 2735 Dominum
437 2709 517 2733 esse
553 2696 819 2743 existimamus,
852 2709 983 2747 nempe
1019 2700 1058 2734 ut
1094 2709 1162 2734 nos
1200 2710 1276 2734 non
1314 2697 1432 2733 solum
1470 2695 1610 2733 nullius
1649 2696 1719 2734 hac

194 2761 233 2798 in
268 2765 371 2811 parte
406 2759 516 2797 nobis
551 2760 604 2796 rei
640 2760 811 2798 conscios
839 2774 918 2798 esse
946 2761 1188 2808 declaremus,
1221 2760 1285 2798 sed
1314 2761 1459 2810 culpam
1487 2772 1616 2797 eorum
1645 2760 1718 2797 cri-

192 2826 336 2864 minum
364 2838 511 2863 omnem
538 2825 578 2862 in
608 2825 772 2862 Hosium
799 2839 843 2863 ac
870 2839 958 2863 suos
986 2839 1071 2864 vere
1097 2839 1140 2863 ao
1167 2826 1289 2876 palam
1315 2830 1606 2876 retorqueamus,
1624 2838 1720 2877 quo·

196 2904 278 2928 rum
306 2890 457 2928 nomine
483 2889 719 2940 potissimum
762 2904 830 2928 nos
858 2895 892 2928 et
921 2895 1049 2929 nostra
1079 2891 1203 2929 omnia
1230 2890 1285 2926 illi
1313 2902 1487 2927 accusare
1515 2895 1550 2927 et
1578 2890 1718 2928 calum-
