1818 3178
191 134 264 172 332

191 245 351 284 dientiae
375 246 413 282 in
443 257 552 282 carne
579 247 705 282 nostra
723 244 1037 291 communionem,
1053 249 1089 283 et
1107 259 1255 285 omnem
1272 247 1412 298 peccati
1426 248 1545 287 nostri
1564 250 1707 301 culpam

189 309 328 360 pariter
369 321 412 346 ac
445 321 604 359 poenam
631 308 819 359 expiatam
845 308 968 346 modis
995 308 1171 348 omnibus
1197 324 1276 349 esse
1301 325 1378 350 non
1405 311 1620 352 dubitamus
1645 327 1710 365 per

189 378 344 411 mortem
371 373 488 423 ipsius
515 386 558 411 ac
584 373 785 423 gratuitam
812 386 940 412 eorum
968 374 1148 421 omnium,
1173 388 1267 425 quae
1291 376 1355 415 ille
1380 377 1421 415 in
1446 383 1636 429 assumpto
1663 393 1709 417 ex

190 451 300 475 carne
334 443 463 475 nostra
499 450 653 489 corpore
688 451 755 476 suo
791 439 848 476 vel
875 438 1059 489 praestitit
1087 440 1145 476 vel
1169 441 1388 490 promeruit,
1412 442 1709 494 imputationem.

187 502 336 539 Horum
363 506 485 540 autem
511 503 679 540 omnium
707 503 955 541 certissimum
982 517 1024 541 ac
1051 504 1213 542 salutare
1240 505 1524 555 obsignaculum
1545 508 1708 546 Coenam

186 567 341 604 Domini
367 581 446 605 esse
472 568 701 618 profitemur,
728 568 780 605 sic
801 572 839 605 ut
867 581 936 606 nos
965 581 1113 605 carnem
1133 581 1178 605 ex
1199 581 1308 607 carne
1328 570 1467 609 Christi
1487 584 1611 609 revera
1630 584 1710 610 esse

184 636 220 670 et
256 645 339 669 ossa
375 645 421 669 ex
462 632 609 669 ossibus
645 633 724 670 eius
751 633 790 670 in
818 632 951 670 animis
979 632 1116 670 nostris
1146 632 1232 670 dum
1263 634 1407 672 Coenae
1432 636 1710 687 participamus,

186 696 451 747 Christumque
486 696 578 734 adeo
616 697 739 747 ipsum
765 700 886 734 toturn
913 697 951 734 in
981 697 1091 734 nobis
1121 709 1263 748 nosque
1289 698 1329 735 in
1356 698 1439 749 ipso
1465 712 1544 749 esse
1570 713 1634 750 per
1660 702 1707 737 fi-

185 761 267 798 dem
305 760 445 811 Spiritu
482 764 610 798 sancto
647 765 777 798 autore
811 761 1006 798 efficaciter
1033 761 1248 800 sentiamus.
1278 761 1394 799 Quod
1418 762 1542 813 ipsum
1569 764 1709 815 alioqui

182 824 337 875 ipsemet
375 824 547 862 Christus
587 824 770 862 Dominus
798 825 954 872 do-(fol.
984 827 1136 873 104)eet
1163 839 1253 872 esse,
1279 826 1399 864 edisse
1427 839 1573 865 carnem
1603 841 1707 866 suam

182 892 218 926 et
255 888 394 926 bibisse
422 901 528 926 suum
556 889 776 938 sanguinem
803 889 850 926 ad
879 889 991 926 vitam
1018 893 1220 934 aeternam,
1247 894 1357 940 atque
1385 889 1455 927 hac
1484 904 1555 928 una
1586 893 1708 930 carnis

182 966 268 990 suae
306 952 472 990 vivificae
507 953 794 991 manducatione
828 966 979 1004 unaque
1004 953 1093 990 item
1121 953 1191 990 hac
1219 954 1411 1003 sanguinis
1437 955 1589 1005 potione
1616 969 1709 994 con-

180 1021 318 1062 tentus,
344 1016 678 1054 luculentissimam
705 1016 816 1053 nobis
843 1016 947 1053 addit
974 1015 1189 1053 individuae
1215 1021 1364 1054 nostrae
1392 1030 1517 1054 secum
1557 1022 1594 1056 et
1622 1032 1709 1056 suae

182 1081 378 1118 nobiscum
406 1081 594 1118 societatis
623 1094 684 1118 seu
714 1080 988 1117 communionis
1017 1093 1058 1116 ac
1086 1080 1182 1117 vitae
1210 1084 1381 1119 aeternae
1407 1082 1708 1132 promissionem,

180 1158 257 1183 non
301 1146 469 1182 facturus
514 1159 614 1188 sane,
651 1145 681 1181 si
719 1144 1018 1194 corporalem
1054 1144 1350 1195 qualemcunque
1384 1145 1495 1182 aliam
1523 1145 1592 1190 sui,
1625 1150 1707 1184 tum

179 1210 381 1261 potionem,
415 1217 497 1247 tum
534 1209 874 1253 manducationem,
910 1209 948 1246 in
984 1221 1050 1246 sua
1084 1209 1251 1246 Ecclesia
1285 1209 1481 1247 instituere
1516 1211 1709 1250 voluisset.

184 1275 312 1313 Quare
348 1280 384 1312 et
420 1275 530 1312 nobis
572 1275 661 1311 satis
689 1277 757 1319 est,
784 1273 884 1324 quod
914 1273 1063 1311 Christo
1092 1273 1255 1310 Domino
1284 1274 1373 1311 satis
1400 1280 1468 1318 est,
1495 1280 1535 1312 ut
1559 1275 1599 1313 in
1627 1276 1708 1327 ipso

179 1339 294 1376 vitam
337 1342 522 1376 aeternam
559 1338 774 1375 habeamus.
829 1337 916 1374 Hoc
951 1337 983 1374 si
1021 1337 1237 1387 Westphalo
1275 1339 1363 1376 satis
1390 1351 1467 1376 non
1496 1344 1562 1383 est,
1590 1339 1709 1390 sapiat

178 1403 242 1440 ille
269 1416 379 1453 supra
408 1402 610 1445 Christum,
639 1402 727 1438 dum
756 1402 864 1439 volet.
921 1401 1002 1438 Nos
1038 1401 1139 1438 aliud
1168 1401 1229 1438 hic
1255 1414 1330 1439 non
1357 1415 1567 1452 possumus,
1594 1416 1706 1454 quam

179 1467 303 1505 dolere
347 1467 466 1504 vicem
506 1467 668 1504 hominis
711 1473 747 1504 et
784 1465 1096 1503 immedicabilem
1139 1467 1311 1503 morbum
1351 1466 1469 1517 ipsius
1503 1468 1705 1506 adversari.

179 1532 288 1570 Quae
332 1531 393 1568 hic
439 1531 483 1568 de
526 1531 729 1581 spiritualis
775 1529 957 1567 duntaxat
1002 1533 1038 1567 et
1083 1530 1369 1567 Sacramentalis
1406 1531 1706 1568 manducationis

179 1596 393 1633 discrimine
433 1595 620 1639 dicuntur,
656 1594 751 1631 nihil
788 1598 916 1630 contra
945 1606 1012 1629 nos
1041 1592 1196 1631 faciunt.
1252 1592 1301 1630 Et
1328 1605 1397 1630 nos
1425 1593 1524 1630 enim
1550 1594 1703 1631 alteram

177 1661 224 1698 ab
271 1661 384 1698 altera
427 1659 478 1696 ita
524 1659 780 1702 discernimus,
814 1663 857 1694 ut
893 1657 1044 1694 alteram
1081 1663 1236 1693 externo
1274 1669 1317 1693 ac
1360 1657 1500 1694 visibili
1533 1658 1702 1706 symbolo

177 1739 329 1778 prorsus
358 1738 492 1767 carere,
519 1725 670 1762 alteram
700 1736 785 1760 vero
815 1728 1010 1760 externum
1037 1734 1080 1758 ac
1107 1721 1255 1758 visibile
1283 1722 1444 1770 signum,
1470 1722 1517 1759 ab
1546 1724 1705 1773 ipsomet

180 1790 329 1828 Christo
366 1788 531 1826 Domino
568 1787 750 1831 additum,
786 1785 923 1823 habere
959 1785 1156 1830 fateamur,
1191 1797 1323 1835 nempe
1367 1784 1563 1834 mysticam
1596 1785 1703 1836 panis

177 1867 219 1891 ac
263 1853 389 1904 poculi
431 1854 578 1890 Coenae
612 1850 947 1902 participationem.
1003 1848 1075 1886 Sed
1112 1852 1262 1899 propter
1296 1848 1467 1886 additum
1503 1849 1703 1899 mysticum

174 1919 269 1956 illud
306 1917 517 1968 symbolum
555 1916 691 1954 mutari
726 1928 905 1965 negamus
939 1914 1124 1952 rationem
1160 1913 1278 1965 ipsam
1312 1913 1447 1951 edendi
1473 1914 1639 1965 corporis
1667 1919 1703 1952 et

177 1985 331 2022 bibendi
358 1983 551 2033 sanguinis
580 1982 731 2026 Christi,
758 1994 890 2032 nempe
916 1993 979 2018 ore
1005 1979 1105 2026 fidei,
1132 1993 1208 2017 non
1236 1983 1359 2017 autem
1388 1992 1450 2017 ore
1478 1980 1640 2027 carnali3
1660 1981 1701 2018 in

174 2048 280 2087 verbi
313 2049 400 2086 item
437 2047 762 2099 promissionibus,
797 2058 903 2096 quae,
938 2045 1012 2082 fide
1044 2058 1109 2095 per
1146 2044 1317 2095 spiritum
1354 2044 1606 2089 corroborata,
1633 2058 1701 2096 ap-

173 2113 471 2164 prehenduntur,
507 2124 584 2149 non
620 2113 744 2148 autem
770 2110 808 2147 in
837 2109 918 2160 ipso
945 2122 1041 2160 pane
1067 2112 1132 2146 aut
1161 2109 1229 2145 sub
1256 2121 1363 2158 pane,
1390 2120 1500 2158 quem
1528 2120 1592 2146 ore
1619 2121 1699 2146 car-

173 2179 262 2223 nali,
307 2178 338 2215 si
372 2177 432 2216 edi
469 2177 612 2220 debeat,
650 2175 790 2227 percipi
827 2178 984 2226 oportet.
1041 2174 1128 2212 Qua
1174 2173 1218 2211 de
1254 2187 1293 2211 re
1329 2173 1419 2211 satis
1453 2173 1570 2211 multa
1607 2174 1698 2212 alias

174 2254 322 2292 quoque
349 2245 385 2278 et
412 2255 433 2278 a
467 2253 526 2277 me
553 2243 588 2277 et
616 2239 663 2276 ab
692 2238 774 2276 aliis
811 2238 911 2276 dicta
939 2251 1018 2276 esse
1044 2241 1150 2288 puto.

223 2307 305 2344 Iam
331 2305 431 2356 quod
451 2305 497 2342 ad
514 2305 631 2354 legem
642 2303 760 2354 ipsius
780 2303 1101 2345 attinet,declarat
1111 2300 1350 2353 Westphalus
1362 2314 1588 2348 verumesse,
1598 2303 1696 2353 quod

172 2371 286 2420 vulgo
317 2370 390 2408 dici
419 2371 531 2408 solet:
559 2381 694 2420 pueros
722 2371 758 2406 et
784 2369 868 2416 (fol.
898 2369 988 2416 105)
1006 2367 1129 2405 ebrios
1149 2366 1402 2417 imprudentes
1426 2380 1696 2417 nonnunquam

173 2435 362 2473 veritatem
385 2434 564 2486 profiteri.
594 2433 708 2471 Quod
721 2432 819 2470 enim
830 2432 920 2469 alias
933 2431 1178 2469 execrandam
1189 2430 1456 2481 blasphemiam
1468 2443 1546 2468 esse
1559 2431 1697 2468 clama

172 2500 237 2538 bat
308 2500 514 2548 digniorem
528 2498 710 2537 videlicet,
719 2511 813 2548 quae
824 2500 970 2547 sceptro
983 2496 1223 2544 magistratus
1234 2495 1465 2540 retundatur,
1475 2508 1583 2545 quam
1598 2497 1694 2546 stylo

171 2564 354 2601 refutctur
464 2563 502 2599 id
530 2575 631 2599 nunc
670 2561 743 2599 sibi
778 2560 1091 2612 propugnandum
1120 2560 1286 2610 ipsemet,
1311 2560 1385 2596 lata
1413 2558 1483 2595 hac
1509 2559 1589 2607 lege
1616 2573 1695 2601 sun,

173 2628 345 2683 suscepit.
374 2627 563 2664 Nimirum
593 2627 719 2664 cedere
746 2625 893 2664 veritati
920 2625 1072 2663 tandem
1092 2624 1258 2675 oportuit
1276 2637 1393 2673 nugas
1409 2623 1694 2673 Westphalicas,

171 2707 191 2731 e
227 2691 460 2730 scholasticis
486 2690 697 2741 praestigiis
725 2690 872 2741 petitas,
897 2695 940 2727 ut
968 2692 1157 2727 constaret
1185 2689 1231 2725 ab
1259 2688 1340 2738 ipso
1369 2687 1470 2731 haec,
1498 2692 1562 2725 aut
1589 2689 1690 2725 velut

170 2771 190 2795 a
225 2769 339 2808 puero
373 2768 437 2806 per
471 2755 769 2804 incogitantiam,
805 2760 870 2791 aut
905 2754 952 2791 ab
980 2753 1083 2791 ebrio
1111 2766 1175 2803 per
1203 2751 1366 2801 Erinnys
1394 2763 1481 2788 suae
1506 2751 1692 2802 impoten-

169 2823 260 2859 tiam
298 2821 394 2857 dicta
427 2833 517 2857 esse.
572 2820 695 2868 Atque
729 2819 874 2856 utinam
902 2818 940 2855 id
969 2818 1016 2855 ab
1043 2818 1109 2854 illo
1138 2817 1278 2854 dictum
1303 2817 1364 2861 sit,
1390 2815 1489 2853 velut
1516 2829 1537 2852 a
1564 2830 1692 2867 puero,

169 2899 245 2925 non
281 2884 452 2936 equidem
487 2895 552 2935 per
587 2883 882 2932 incogitantiam,
919 2882 982 2919 sed
1018 2894 1082 2932 per
1110 2881 1306 2918 salutarem
1334 2879 1489 2930 spiritus
1513 2879 1552 2918 in
1581 2881 1691 2919 corde
