1818 3178
736 140 978 169 PRAEFATIO.
1447 137 1626 167 LXXXVII

97 244 258 287 nullam
300 243 352 287 ab
392 245 415 286 ὲ.
444 244 595 295 Lasco,
630 245 873 302 priusquam
911 245 1044 287 Emda
1075 245 1422 301 proficisceretur,
1455 259 1622 299 compo-

95 317 215 358 sitam
246 331 334 358 esse
364 315 612 367 catechesin,
643 316 715 358 sed
746 332 847 359 vero
878 332 915 360 a.
941 318 1049 359 1551
1083 318 1268 373 primum
1298 315 1485 358 Londini
1507 314 1622 358 hunc

99 387 410 431 Catechismum
441 387 572 429 latino
603 403 795 430 sermone
826 389 878 431 ab
908 389 931 431 ὸ,
962 388 1100 431 Lasco
1131 405 1217 430 esse
1249 388 1547 444 conscriptum,
1570 388 1622 430 ab

98 459 340 504 Utenhovio
379 459 544 515 belgico
589 460 783 503 idiomate
814 476 997 509 versum,
1039 468 1091 512 et,
1126 461 1203 503 hac
1233 461 1401 503 demum
1433 461 1623 503 versione

98 530 297 574 Londino
338 530 517 573 Emdam
563 531 724 587 aliquot
754 531 1066 587 exemplaribus
1100 534 1284 584 missum,
1319 532 1429 589 apud
1461 532 1625 575 Frisiae

98 602 328 646 Orientalis
370 603 602 646 Ecclesiam
633 619 803 661 quoque
833 604 1075 647 obtinuisse.
1136 603 1225 648 Suo
1256 605 1348 647 iure
1378 604 1628 647 adversariis

100 675 272 718 extorsit
313 683 630 732 argumentum,
665 692 686 717 e
717 675 845 718 Lasci
876 676 927 717 ad
958 675 1333 733 Hardenbergium
1367 676 1552 732 epistola,
1585 676 1626 719 d.

104 748 157 789 28
204 745 353 789 Martii
395 747 507 790 1554
537 747 647 799 data,
680 748 873 804 petitum,
907 747 978 789 ubi
1010 747 1160 790 verba:
1198 770 1218 795 ῃ
1239 748 1351 804 quod
1384 748 1449 790 vel
1480 749 1630 789 nostris

103 841 124 868 rt
149 818 216 860 hic
256 817 453 862 Ecclesiis
483 825 579 861 ante
610 835 749 861 meum
783 819 881 861 hinc
910 818 1070 860 abitum
1101 819 1143 861 in
1176 821 1330 875 scripto
1362 835 1454 862 meo
1485 819 1628 861 datum

101 913 122 938 η
149 890 448 947 reliqueram‚''
484 892 515 948 ¹)
568 893 689 932 unice
735 890 785 932 ad
831 892 1130 946 Confessionem
1172 894 1219 934 de
1251 892 1379 936 Coena
1410 891 1630 934 referenda

101 979 204 1013 esse,
239 969 351 1005 recte
382 962 496 1005 vidit.
542 961 595 1004 In
627 977 676 1005 eo
707 978 876 1019 quoque
909 963 1020 1005 ultro
1052 965 1141 1005 eius
1170 964 1525 1020 argumentationi
1560 963 1630 1006 ad-

99 1034 292 1090 stipulor,
340 1033 412 1076 ubi
449 1033 721 1085 demonstrat,
753 1034 958 1077 erravisse
991 1035 1066 1091 qui
1095 1034 1147 1078 ad
1178 1050 1214 1077 a.
1250 1035 1360 1077 1540
1393 1035 1517 1078 huius
1549 1034 1631 1078 Ca·

101 1107 310 1149 techeseos
355 1106 697 1162 compositionem
746 1106 982 1156 retulerint,
1033 1107 1191 1164 quippe
1239 1110 1359 1150 cuius
1401 1108 1518 1150 nulla
1560 1109 1632 1151 fiat

102 1178 256 1221 mentio
299 1178 342 1220 in
384 1177 492 1220 libro
536 1177 743 1236 ssPolizey
783 1178 869 1220 und
899 1178 1338 1237 Kirchenordnung’'‚
1369 1195 1406 1222 a.
1440 1180 1549 1222 1545
1581 1181 1634 1223 ab

107 1252 233 1294 Anna
265 1249 489 1293 Comitissa
520 1251 805 1308 promulgato.
839 1251 966 1303 Quod
1000 1261 1137 1294 tamen
1172 1252 1299 1294 verba
1330 1251 1472 1304 Lasci,
1505 1268 1635 1310 supra

101 1324 182 1366 iam
229 1323 352 1366 citata
399 1347 421 1372 u
444 1338 569 1380 quem
616 1323 684 1366 hic
732 1339 817 1366 una
865 1340 1009 1367 omnes
1055 1324 1375 1374 formavimus‚'’
1421 1325 1462 1366 in
1509 1340 1635 1368 suum

103 1402 319 1438 convertat
366 1410 501 1447 usum,
546 1395 699 1438 iniuria
740 1396 930 1452 profecto
961 1396 1041 1439 hoc
1072 1396 1182 1448 fecit,
1217 1412 1346 1453 quum
1378 1398 1528 1441 vocula
1558 1400 1634 1449 laic,

104 1467 173 1509 ubi
206 1467 390 1510 occurrit
421 1467 462 1509 in
497 1466 699 1524 Epistola,
732 1483 841 1524 quae
873 1467 1008 1510 Emda
1039 1468 1134 1510 data
1169 1477 1243 1520 est,
1276 1471 1508 1512 necessarie
1539 1470 1639 1513 Em-

102 1541 197 1584 dam
236 1541 352 1584 velut
382 1556 514 1583 manu
544 1556 621 1583 nos
653 1540 841 1584 reducat.
904 1539 1026 1594 Quae
1057 1556 1187 1598 porro
1217 1558 1242 1584 a
1273 1542 1437 1585 silentio
1469 1543 1637 1586 duxerit

103 1620 370 1671 argumenta,
404 1613 564 1655 nullius
595 1613 682 1655 fere
711 1613 865 1670 praetii
897 1628 997 1665 esse,
1030 1628 1096 1655 res
1128 1613 1216 1670 ipsa
1250 1614 1451 1671 loquitur.
1504 1614 1638 1658 Cuius

105 1686 265 1729 farinae
304 1686 382 1728 hoc
421 1701 591 1742 quoque
630 1685 719 1728 eius
750 1693 1052 1742 argumentum
1086 1694 1158 1736 est,
1190 1686 1231 1728 in
1264 1686 1525 1730 Londinensi
1557 1688 1638 1730 Ec-

105 1756 229 1800 clesia
268 1756 526 1799 doctissimos
572 1764 611 1798 et
651 1756 926 1813 peritissimos
970 1756 1211 1813 complures
1252 1758 1377 1800 fuisse
1409 1759 1533 1809 viros,
1565 1760 1637 1816 qui

103 1845 180 1871 suo
227 1836 361 1872 marte
401 1845 561 1871 novum
600 1829 781 1871 condere
829 1828 1145 1872 Catechismum
1187 1831 1360 1887 egregie
1393 1830 1636 1884 valuissent,

106 1916 242 1957 neque
288 1901 418 1958 igitur
460 1900 630 1944 aliunde
662 1901 932 1957 desumptum
966 1916 1066 1944 suae
1097 1901 1312 1944 Ecclesiae
1344 1902 1638 1958 impertierint.

105 1974 232 2030 Quod
263 1973 444 2030 denique
476 1974 623 2015 ultimo
654 1973 747 2015 loco
780 1981 930 2024 monet,
961 1973 1125 2031 belgico
1146 1974 1332 2016 idiomati
1354 1990 1450 2017 cum
1475 1975 1636 2032 lingua,

106 2063 190 2104 qua
235 2046 363 2089 Frisii
411 2044 651 2088 Orientales
682 2052 918 2096 uterentur,
955 2053 1114 2088 tantam
1147 2047 1428 2089 intercessisse
1459 2047 1637 2089 affinita-

106 2129 202 2171 tem,
249 2124 299 2160 ut
342 2118 464 2160 irrita
509 2132 684 2174 prorsus
729 2124 770 2159 et
810 2132 1123 2174 supervacanea
1172 2119 1318 2161 fuisset
1349 2134 1400 2160 ex
1431 2119 1564 2161 altera
1595 2120 1635 2161 in

106 2192 280 2235 alteram
322 2190 470 2241 versio,
512 2188 724 2231 evidenter
763 2189 849 2244 ipse
880 2188 1053 2245 infregit
1084 2196 1272 2239 eventus,
1307 2203 1390 2244 quo
1420 2188 1635 2240 docemur,

108 2262 423 2307 catechismum
446 2261 683 2304 Emdanum
702 2261 802 2303 anni
821 2261 933 2303 1554
950 2260 1021 2302 diu
1040 2267 1142 2317 post,
1162 2277 1198 2304 a.
1218 2262 1342 2311 1717,
1367 2262 1406 2303 in
1425 2260 1638 2318 belgicum

105 2350 342 2379 sermonem
373 2333 625 2376 translatum
657 2348 743 2375 esse
766 2333 815 2388 ³).
865 2331 995 2375 Haud
1027 2332 1251 2375 infeliciter
1283 2333 1497 2390 respondit
1526 2334 1637 2376 Bru-

108 2408 235 2450 chero
266 2413 306 2449 et
337 2405 577 2448 Emdanum
611 2405 735 2446 huius
767 2403 1019 2447 Catechismi
1053 2404 1261 2461 originem
1289 2413 1383 2462 apte
1405 2413 1444 2448 et
1465 2411 1637 2448 strenue

107 2479 291 2522 defendit
324 2479 690 2522 WIEBRANDTSIUS
721 2477 762 2518 in
795 2477 941 2520 eodem
963 2492 1089 2533 opere
1111 2477 1335 2534 periodico‚
1369 2478 1410 2519 in
1435 2493 1518 2533 quo
1539 2494 1637 2520 eum

108 2567 334 2609 aggressus
365 2558 456 2593 erat
486 2549 732 2592 Brucherus
755 2549 805 2605 ³),
838 2549 911 2605 qui
942 2549 1097 2591 frustra
1119 2549 1317 2606 deinceps
1342 2549 1638 2592 Wiebrandtsii

107 2630 362 2682 argumenta
391 2620 629 2665 convellere
661 2627 848 2674 conatus,
879 2620 1063 2663 solamen
1099 2622 1273 2677 quaesiit
1294 2622 1335 2664 in
1359 2623 1567 2675 conviciis,
1591 2630 1637 2665 ut

153 2801 179 2841 ¹)
202 2799 304 2832 Lisct
330 2799 441 2841 Opera,
464 2797 534 2830 vol.
558 2797 603 2829 ΙΙ.
624 2807 656 2839 p.
679 2796 750 2830 699.

152 2856 180 2896 ²)
205 2855 368 2887 Boekzaal
388 2854 444 2885 der
463 2853 606 2896 qeleerde
629 2852 752 2886 wereld.
774 2852 863 2885 Pars.
889 2853 958 2885 139.
983 2865 1009 2886 a.
1034 2854 1124 2888 1783.
1148 2865 1189 2887 m.
1215 2855 1346 2887 Octobr.
1370 2865 1401 2898 p.
1424 2854 1599 2888 407—421.

149 2910 176 2951 ³)
203 2910 338 2943 Ibidem.
361 2910 451 2944 Part.
475 2909 547 2942 140.
570 2920 597 2942 a.
621 2907 705 2942 1784
727 2918 769 2942 m.
792 2908 860 2940 Ian.
885 2919 916 2951 p.
940 2909 1074 2943 59-69.
