1818 3178
552 121 767 151 REsPoNsio
799 123 892 151 ADV.
921 120 1088 149 nosluM.
1511 109 1580 150 417

57 225 225 264 Ecclesia
251 224 428 275 loquitur,
464 224 644 275 quidnam
680 225 869 275 intelligat
905 225 974 264 sub
1013 223 1228 262 Catholicae
1265 236 1329 262 seu
1362 222 1584 261 universalis

58 291 247 329 Ecclesiae
282 289 445 329 nomine.
501 290 658 337 Deinde,
693 305 875 342 quaenam
905 291 943 328 in
971 304 1013 328 ea
1040 290 1119 341 ipsa
1148 289 1317 327 Ecclesia
1344 288 1584 326 vocationum

57 355 273 394 discrimina
300 359 336 393 et
363 369 544 406 quosnam
572 356 723 394 illarum
749 356 887 406 gradus
918 355 1123 393 constituat
1141 377 1190 384 —
1210 353 1296 392 inde
1317 353 1414 391 enim
1431 366 1584 404 appare-

58 420 126 466 bit,
163 424 344 471 quantum
381 420 557 471 ponderis
595 421 671 458 sint
708 421 903 459 habiturae
932 421 1048 471 ipsius
1076 419 1393 457 ratiocinationes.
1449 417 1583 456 Quod-

58 498 129 536 que
155 487 239 532 (64)
277 485 325 522 ad
360 485 576 523 Catholicae
612 485 774 535 primum
803 498 866 523 seu
893 485 1116 522 universalis
1144 483 1336 522 Ecclesiae
1363 496 1499 521 nomen
1527 487 1584 520 at-

56 551 161 595 tinet,
199 553 263 587 aut
299 563 387 587 sane
424 550 546 588 Hosio
585 550 777 588 Catholica
815 550 885 588 Dei
921 549 1090 587 Ecclesia
1118 549 1334 587 universum
1361 549 1490 600 populi
1518 547 1585 585 Dei

57 627 192 665 corpus
229 627 312 651 cum
349 615 526 653 omnibus
554 614 732 652 membris
759 614 861 652 illius
889 613 936 651 ab
963 613 1073 651 initio
1104 626 1220 664 usque
1247 613 1292 651 ad
1320 614 1431 651 finem
1458 612 1589 650 mundi

57 677 329 728 complectitur,
365 682 431 716 aut
468 692 546 716 non
584 678 856 730 complectitur.
898 677 1100 728 ,Sistatque
1126 677 1189 714 hic
1214 677 1402 728 paulisper
1429 676 1587 726 gradum

57 741 202 780 Hosius
230 755 350 792 neque
377 742 464 779 hinc
492 755 541 784 se,
568 741 643 779 nisi
669 742 800 786 fracta,
827 741 929 792 quod
957 740 1106 787 dicitur,
1126 753 1220 778 nuce
1235 740 1428 791 proripiat.
1448 762 1498 769 —
1517 740 1585 778 Et-

55 806 156 844 enim
183 807 215 844 si
242 820 283 844 ea
310 811 365 844 est
391 806 447 843 illi
475 806 657 844 duntaxat
686 805 881 844 Catholica
909 805 1091 849 Ecclesia,
1118 818 1212 855 quae
1239 805 1457 842 universum
1478 805 1588 855 plane

56 871 186 922 populi
220 871 290 909 Dei
326 883 472 922 corpus,
498 874 540 908 ut
567 870 709 908 dictum
736 874 804 916 est,
832 869 1106 920 complectitur,
1133 872 1212 907 tum
1241 882 1329 906 sane
1356 869 1403 906 ab
1432 869 1496 906 illa
1523 882 1588 906 ne-

57 949 129 986 que
165 936 413 982 Patriarchae,
450 948 569 986 neque
602 934 824 986 Prophetae,
853 947 972 985 neque
1000 934 1157 985 ipsemet
1185 933 1277 971 adeo
1310 933 1480 971 Christus
1507 933 1587 970 Do-

57 1000 182 1038 minus
218 1001 370 1050 eiusque
398 999 572 1051 Apostoli
599 999 749 1037 excludi
775 999 851 1037 ullo
879 999 992 1036 modo
1018 1002 1189 1050 possunt,
1226 999 1343 1036 multo
1372 998 1494 1036 minus
1523 1012 1588 1036 au-

55 1069 130 1103 tem
168 1078 297 1103 sensus
334 1077 377 1102 ac
419 1077 625 1102 consensus
653 1064 805 1101 illorum
833 1077 853 1100 a
882 1076 993 1101 sensu
1020 1068 1057 1101 et
1085 1075 1271 1100 consensu
1301 1063 1488 1100 Ecclesiae
1517 1064 1587 1100 Ca-

59 1129 220 1167 tholicae
249 1128 412 1180 separari
439 1128 593 1166 omnino
622 1131 758 1179 potest.
799 1127 838 1164 Si
865 1131 986 1165 autem
1015 1127 1127 1165 aliam
1155 1127 1282 1164 nescio
1309 1139 1420 1177 quam
1450 1127 1589 1165 Catho-

57 1193 167 1231 licam
205 1193 410 1230 Ecclesiam
448 1192 610 1230 somniat
639 1192 797 1236 Hosius,
832 1205 912 1229 cam
942 1192 1052 1229 nobis
1082 1195 1361 1236 commonstret,
1396 1196 1432 1229 et
1460 1191 1591 1228 doceat

59 1257 293 1295 Catholicam
336 1270 462 1294 revera
497 1269 588 1301 esse,
624 1256 770 1295 etiamsi
805 1256 854 1293 ab
889 1256 955 1292 illa
991 1261 1098 1306 caput
1134 1255 1257 1305 ipsum
1295 1255 1512 1306 humerique
1547 1268 1590 1293 ac

57 1336 191 1360 manus
218 1323 319 1360 illius
346 1322 627 1361 abscindantur.
663 1321 746 1359 Nos
774 1321 874 1359 enim
902 1321 1043 1358 nullam
1071 1320 1181 1358 aliam
1212 1320 1442 1358 Catholicam
1472 1333 1590 1370 agno-

58 1387 197 1425 scimus
235 1386 306 1424 Dei
341 1386 668 1435 Ec-(65)clesiam,
705 1385 778 1424 nisi
815 1399 909 1436 quae
947 1385 1163 1423 universum
1198 1399 1220 1422 a
1260 1385 1446 1436 principio
1473 1398 1590 1436 usquc

58 1451 105 1489 ad
149 1452 261 1489 finem
286 1450 366 1488 -Dei
400 1451 578 1501 populum
617 1463 701 1487 cum
737 1450 914 1487 omnibus
949 1449 1128 1487 membris
1164 1448 1282 1500 ipsius
1319 1449 1589 1500 complectitur.

60 1516 163 1554 Hinc
198 1516 313 1566 igitur
350 1529 387 1553 se
422 1516 583 1567 primum
613 1515 784 1566 expediat
814 1514 970 1561 Hosius,
999 1519 1038 1552 ut
1066 1514 1201 1552 diserte
1229 1514 1338 1552 nobis
1368 1527 1450 1551 cum
1480 1527 1589 1552 sensu

60 1585 96 1618 et
131 1594 313 1618 consensu
358 1593 445 1617 suae
482 1579 683 1625 Ecclesiae,
721 1582 782 1617 aut
818 1579 1057 1624 assentiatur,
1086 1583 1148 1616 aut
1176 1579 1364 1617 reclamet.
1419 1579 1589 1617 Alterum

60 1650 116 1683 est
153 1645 254 1696 quod
290 1645 338 1683 ab
375 1645 439 1682 illo
476 1645 587 1682 etiam
625 1644 807 1682 sciscitari
845 1644 1013 1693 velimus,
1047 1657 1096 1682 an
1133 1656 1206 1681 non
1236 1642 1413 1681 etiam'in
1441 1657 1482 1682 ea
1509 1644 1588 1694 ipsa

64 1710 258 1748 Catholica
295 1710 463 1747 Ecclesia
497 1731 547 1738 —
573 1710 620 1747 ad
656 1710 876 1747 utrumlibet
904 1709 1057 1746 modum
1085 1722 1162 1746 eam
1192 1709 1349 1760 accipiat
1377 1730 1426 1737 —-
1453 1710 1492 1746 in
1519 1722 1588 1760 pu-

62 1773 161 1811 blico
206 1773 422 1824 praesertim
470 1772 573 1810 verbi
608 1785 651 1809 ac
688 1772 880 1810 doctrinae
915 1772 1122 1810 ministerio
1160 1777 1258 1819 certa
1295 1772 1474 1822 quaedam
1512 1772 1590 1809 dis-

62 1837 219 1875 crimina
264 1840 457 1887 certosque
498 1835 638 1886 gradus
685 1837 901 1882 constituat,
945 1841 980 1874 et
1022 1835 1173 1887 quidem
1219 1849 1294 1882 eos,
1339 1849 1434 1887 quos
1479 1837 1590 1874 nobis

63 1902 256 1953 scripturis
299 1902 468 1953 proditos
516 1902 705 1946 habemus,
750 1915 880 1952 nempe
927 1901 1019 1939 alios
1057 1914 1148 1946 esse,
1184 1914 1344 1952 quorum
1380 1901 1590 1939 doctrinam

64 1967 164 2005 Deus
207 1967 286 2017 ipse
326 1979 394 2017 pro
432 1965 622 2003 Ecclesiae
655 1979 742 2004 suae
778 1966 1024 2003 fundamento
1060 1965 1190 2003 haberi
1226 1965 1326 2009 velit,
1363 1965 1456 2003 alios
1493 1979 1594 2012 vcro,

63 2031 128 2082 qui
155 2030 308 2070 nonnisi
337 2030 423 2067 huic
450 2030 521 2081 ipsi
549 2029 793 2068 fundamento
819 2030 895 2067 iam
921 2030 1045 2080 posito
1085 2043 1150 2067 sua
1188 2029 1312 2067 omnia
1342 2034 1593 2080 superstruere

64 2095 237 2133 debeant.
291 2094 341 2132 Et
377 2094 438 2131 hic
473 2093 589 2143 igitur
626 2107 662 2131 sc
699 2093 857 2144 explicet
893 2093 1051 2132 Hosius.
1106 2093 1255 2131 Etenim
1292 2094 1323 2131 si
1361 2094 1454 2131 duos
1481 2094 1593 2132 hosce

63 2160 202 2211 gradus
238 2159 278 2197 in
311 2158 462 2210 publico
491 2158 596 2196 verbi
623 2171 667 2196 ac
694 2158 886 2196 doctrinae
913 2158 952 2195 in
979 2158 1147 2195 Ecclesia
1176 2158 1382 2195 ministerio
1411 2159 1595 2208 agnoscit,

62 2226 240 2275 gladium,
267 2237 377 2275 quem
404 2225 444 2261 in
471 2236 541 2261 nos
569 2223 715 2261 vibrare
744 2226 901 2276 conatus
928 2226 996 2268 est,
1023 2222 1097 2260 iam
1120 2221 1229 2259 nobis
1249 2223 1402 2273 ipsemet
1421 2223 1594 2273 porrigit,

64 2303 138 2341 quo
173 2291 279 2328 illum
309 2289 563 2327 conficiamus.
620 2288 686 2325 Sin
714 2288 851 2332 minus,
880 2290 964 2336 (66)
994 2300 1069 2324 non
1098 2287 1269 2337 equidem
1296 2287 1369 2324 iam
1397 2288 1591 2326 nobiscum

64 2369 121 2393 res
159 2355 228 2393 erit
264 2355 332 2399 illi,
371 2353 434 2391 sed
469 2366 553 2390 cum
589 2352 798 2403 Prophetis,
833 2351 1026 2402 Apostolis
1062 2351 1227 2402 adeoque
1262 2355 1297 2389 et
1327 2364 1409 2389 cum
1437 2351 1595 2402 ipsomet

65 2421 214 2459 Christo
246 2419 423 2464 Domino,
449 2417 762 2469 quemadmodum
792 2430 880 2454 mox
908 2416 1064 2454 dicetur.
1118 2415 1270 2465 Deligat
1297 2417 1441 2455 Hosius
1468 2417 1596 2467 igitur,

65 2485 312 2523 nobiscumne
349 2482 562 2520 consentire
595 2482 704 2533 plane
733 2481 833 2524 velit,
862 2486 936 2518 tam
966 2481 1005 2518 in
1035 2480 1250 2518 Catholicae
1277 2481 1467 2520 Ecclesiae
1496 2493 1597 2525 voce,

64 2563 177 2601 quam
212 2549 252 2587 in
287 2548 397 2586 dictis
432 2549 510 2585 eius
547 2546 746 2584 ministerii
781 2545 974 2594 gradibus,
1010 2559 1056 2583 an
1086 2558 1186 2591 ver0,
1220 2545 1361 2583 infulae
1390 2559 1477 2584 suae
1505 2559 1595 2584 con-

65 2617 167 2659 fisus,
203 2628 285 2653 cum
321 2613 532 2664 Prophetis,
569 2612 761 2662 Apostolis
799 2615 833 2649 et
870 2611 950 2661 ipso
988 2610 1149 2661 denique
1186 2610 1335 2649 Christo
1365 2611 1528 2649 Domino
1556 2611 1594 2649 in

68 2685 254 2718 certamen
292 2679 528 2717 descendere.
583 2678 708 2727 Atque
744 2676 887 2714 Hosius
924 2674 1074 2726 quidem
1102 2675 1250 2726 quidvis
1278 2677 1401 2726 potius
1429 2677 1597 2714 facturus

66 2757 145 2782 esse
174 2744 330 2789 videtur,
357 2756 468 2795 quam
498 2746 538 2780 ut
567 2741 766 2778 nobiscum
795 2740 870 2778 ulla
895 2739 935 2778 in
964 2753 1002 2777 re
1030 2740 1252 2779 consentiat.
1292 2739 1426 2778 Metuit
1454 2741 1526 2778 sibi
1548 2740 1595 2777 ab

68 2809 280 2847 idololatria
309 2808 462 2854 scilicet,
489 2807 528 2845 in
556 2818 631 2857 quo
660 2805 809 2844 interim
838 2808 1002 2855 quantus
1030 2808 1085 2842 est
1112 2804 1301 2843 demersus
1328 2805 1435 2843 iacet.
1474 2805 1597 2842 Nobis

69 2878 190 2912 autem
218 2875 336 2912 maior
364 2879 419 2911 est
445 2872 711 2923 Prophetarum
744 2875 855 2921 atque
883 2869 1149 2920 Apostolorum
1180 2869 1374 2914 autoritas,
1391 2869 1429 2906 in
1451 2881 1595 2916 sumum
