1818 3178
165 143 208 180 76

160 256 316 288 cusctur.
354 250 480 299 Neque
507 248 543 284 id
571 258 793 296 magnopere
808 245 881 281 sol-

158 316 264 352 icitos
301 328 366 351 nos
402 312 530 355 reddit,
557 310 656 360 quod
682 310 881 358 intempes-

157 379 230 415 tive
281 374 546 427 quodammodo
598 378 707 423 atque
750 377 886 409 temere

159 446 284 478 contra
327 441 459 476 electos
495 438 611 486 egisse
647 437 699 474 sic
736 436 879 473 videre-

156 517 248 546 mur.
274 504 406 540 nedum
433 507 473 538 ut
499 501 637 538 ideirco
665 501 703 537 in
722 501 882 550 aliquam

155 567 349 617 impietatis
396 564 641 614 suspicionem
687 563 784 613 apud
820 576 882 599 eos

154 630 368 667 veniremus.
423 628 499 665 Qui
525 628 625 664 enim
651 627 759 664 electi
787 632 883 668 sunt,

153 694 238 740 (etsi
273 692 394 729 adhuc
425 691 600 727 imbecilli
637 690 723 734 sint,
768 694 878 739 atquc

152 756 366 793 inscientiae
402 754 571 791 tenebras
606 753 834 799 inhabitent)
862 766 881 789 a

153 826 277 858 sancto
313 819 379 856 Dei
407 819 537 868 spiritu
564 818 653 855 adeo
681 817 878 867 impellun=

151 888 210 920 tur
236 883 283 930 (si
312 882 458 932 quidem
485 882 590 918 electi
617 881 721 926 sint),
751 885 788 917 ut
817 881 880 917 be-

151 947 279 984 nevole
326 945 363 982 id
408 945 602 995 accipiant,
647 945 678 981 si
713 944 878 992 ejusdem

150 1009 295 1060 spiritus
319 1009 436 1046 sancti
454 1009 575 1045 afflatu
590 1012 700 1058 atque
725 1022 743 1044 e
763 1007 874 1044 verbo

149 1073 217 1110 Dei
250 1073 295 1110 iis
331 1072 581 1115 annuntietur,
635 1072 885 1120 inserviatque

149 1136 372 1186 promotioni
417 1135 607 1184 dignitatis
653 1134 721 1171 Dei
764 1139 872 1184 atque

152 1200 287 1237 Christi
313 1199 478 1243 Domini,
497 1204 532 1236 et
550 1199 748 1248 impietatis
768 1199 880 1236 Anti·

150 1263 277 1300 christi
304 1263 463 1300 Romani
482 1262 707 1299 revelationi.
743 1262 873 1299 Altero

149 1328 239 1364 alter
274 1328 399 1371 serius,
433 1333 553 1364 tamen
590 1327 635 1363 ad
673 1331 875 1363 extremum

148 1391 186 1427 id
213 1391 409 1440 accipiunt,
436 1404 552 1440 neque
579 1403 718 1440 semper
745 1390 872 1427 tradu-

149 1459 230 1491 cent
256 1456 352 1502 (ll),
384 1460 703 1504 persequenturve,
732 1454 788 1490 vel
815 1467 877 1490 us-

148 1532 217 1569 que
257 1532 299 1556 eo
343 1518 582 1561 offendentur,
617 1523 796 1568 quatenus
840 1518 879 1563 ii,

147 1583 210 1633 qui
245 1583 411 1628 doceant,
447 1596 484 1620 se
523 1583 620 1620 intra
655 1584 747 1620 fines
783 1582 876 1620 leni-

146 1648 233 1684 tatis
275 1652 384 1697 atque
428 1647 627 1684 modestiae
670 1647 784 1684 animi
821 1660 877 1684 se-

148 1710 305 1747 cundum
343 1711 480 1747 Christi
516 1710 721 1747 doctrinam
759 1711 870 1759 vulgo

149 1774 374 1817 contineant,
409 1775 572 1824 talesque
600 1788 636 1811 se
663 1775 874 1824 praebeant,

148 1838 211 1888 qui
253 1837 321 1874 Dei
365 1838 542 1875 duntaxat
587 1841 722 1888 (neque
768 1838 877 1876 ullius

147 1901 257 1948 alius)
295 1902 470 1938 honorem
508 1914 550 1938 ac
586 1902 748 1939 fidelium
776 1903 872 1940 salu-

148 1973 220 2001 tem
247 1970 429 2015 expetant.
465 1965 533 2002 Dei
559 1966 707 2015 spiritus
729 1967 874 2004 sibimet

146 2028 223 2077 ipse
250 2029 286 2065 in
315 2029 439 2066 electis
467 2029 542 2066 suis
570 2030 777 2067 contrarius
798 2044 875 2068 non

146 2100 212 2140 est,
247 2094 323 2132 sive
358 2094 496 2131 debiles
532 2094 606 2131 sint
642 2094 718 2131 sive
751 2096 877 2141 fortes,

149 2159 246 2196 (loeti
283 2158 358 2194 sive
390 2157 543 2201 indocti,
577 2158 770 2207 rejecerint
804 2159 872 2195 Pa-

147 2222 304 2272 pismum
346 2221 421 2257 sive
448 2219 596 2257 inscitia
621 2221 741 2258 adhuc
767 2221 804 2258 in
833 2235 874 2259 eo

147 2289 393 2336 permaneant.
457 2284 518 2328 Et,
562 2285 736 2334 quoniam
774 2286 879 2323 electi

148 2349 344 2399 (siquidem
383 2348 489 2386 electi
525 2348 616 2396 sint)
652 2349 778 2386 eodem
806 2350 871 2387 illo

151 2413 289 2463 Spiritu
325 2425 392 2449 nec
428 2412 575 2449 destitui
610 2425 772 2462 prorsus,
807 2427 871 2451 ne-

150 2489 220 2526 que
268 2475 314 2512 ab
357 2488 399 2512 co
436 2476 539 2512 vacui
576 2476 678 2513 reddi
716 2481 882 2526 possunt,

150 2540 202 2576 sic
242 2551 385 2588 quoque
428 2539 519 2575 alter
558 2539 597 2575 in
642 2540 755 2576 altero
801 2554 872 2578 non

150 2615 264 2652 usquc
299 2602 466 2652 persequi
501 2606 609 2651 atque
643 2603 776 2649 odisse,
813 2618 876 2642 ne-

152 2665 236 2701 dum
264 2665 450 2714 inerepare
475 2670 583 2714 atque
602 2667 790 2704 traducere
810 2681 875 2718 po-

150 2734 232 2772 test,
258 2728 355 2778 quod
383 2728 428 2765 ad
449 2730 736 2778 promovendum
753 2731 878 2769 Euan-

151 2792 237 2840 gelii
277 2792 414 2829 Christi
442 2792 563 2829 lumen
591 2793 637 2829 ab
664 2794 776 2831 altero
804 2796 878 2845 spi-

153 2854 224 2890 ritu
251 2855 468 2904 proseratur.
516 2854 605 2904 Ejus
642 2869 786 2906 quoque
823 2871 880 2894 ra-

645 146 696 172 DE
723 145 813 172 FUG.
845 143 993 170 PAPIS'I'.
1026 141 1176 170 sAcms.

934 243 1095 292 gherop'e‘„
1124 241 1279 287 werden,
1305 246 1366 279 ten
1395 255 1439 291 zy
1460 241 1581 279 datme
1600 240 1671 279 hen

935 307 995 344 het
1022 305 1114 343 licht
1136 307 1345 345 voorstelle.
1384 307 1434 343 Zo
1458 306 1490 343 is
1509 306 1582 344 dan
1602 319 1673 344 van

937 370 1071 412 mode,
1108 369 1256 407 datmeu
1294 370 1365 408 den
1401 369 1570 407 zwacken
1606 374 1674 407 wt-

933 435 1175 479 verkorenen,
1203 435 1261 471 die
1279 435 1377 471 noch
1400 435 1492 472 door
1514 438 1674 472 onwete-

934 499 1010 536 heit
1037 498 1075 535 in
1104 497 1148 534 de
1174 499 1412 548 pauwstlicke
1441 498 1673 547 duysternis-

936 575 999 599 sen
1044 562 1131 609 zijn,
1172 560 1235 598 het
1271 561 1363 598 lieht
1399 565 1463 599 des
1499 561 1673 611 godlicke

935 624 1053 661 words
1083 625 1292 668 vom-stelle,
1318 625 1390 662 end
1417 625 1494 662 niet
1519 626 1588 662 mit
1608 626 1672 662 be-

931 687 1208 737 ueynstheyden
1262 692 1307 724 θῇ
1355 688 1673 738 bewimpelinghe,

935 751 1134 788 waermede
1162 764 1245 788 men
1275 751 1338 788 des
1366 751 1579 789 Pauwstdos
1597 752 1672 800 god

932 816 1112 853 looszheit
1131 815 1327 864 verkleynt
1346 816 1388 852 of
1413 816 1671 853 verontschul-

935 879 1054 928 dight,
1101 879 1162 916 het
1199 879 1300 916 zelue
1342 879 1542 917 bedecken.
1597 879 1675 916 Het

931 943 1122 980 bekomert
1169 956 1236 980 ons
1274 942 1351 980 niet
1386 955 1479 988 zeer,
1521 943 1582 981 dat
1617 957 1672 993 wy

929 1007 1034 1044 aldus
1052 1007 1199 1044 mochte
1220 1007 1361 1052 schijne
1380 1012 1449 1044 wat
1468 1008 1672 1056 ontijdigh-

937 1070 1012 1107 lick
1043 1070 1136 1107 ende
1166 1070 1446 1108 vermetentlich
1475 1071 1609 1119 teghen
1630 1071 1675 1109 de

925 1134 1175 1171 wtuerkorene
1219 1134 1418 1183 ghehadelt
1459 1140 1495 1172 te
1539 1135 1671 1177 hebbe,

934 1199 1011 1236 veel
1039 1199 1115 1235 min
1146 1199 1208 1236 dat
1235 1212 1290 1248 wy
1319 1199 1429 1236 daero
1457 1200 1496 1237 in
1517 1200 1672 1249 eenighe

927 1262 1096 1311 arghwaa
1130 1262 1193 1300 der
1228 1263 1486 1312 godlooszheit
1523 1264 1571 1313 by
1600 1264 1675 1301 hen

927 1327 1032 1363 zolde
1061 1327 1216 1364 komen:
1245 1333 1341 1365 want
1364 1328 1422 1365 die
1442 1328 1672 1366 wtuerkoren

925 1392 998 1438 zijn
1035 1391 1191 1436 (hoewel
1228 1404 1273 1440 zy
1309 1392 1407 1428 noch
1436 1391 1558 1428 zwack
1585 1394 1671 1447 zijn,

931 1454 1023 1491 ende
1043 1454 1081 1491 in
1103 1454 1172 1491 den
1187 1455 1465 1504 duysternissen
1475 1455 1670 1492 deronwe-

932 1519 1109 1569 tenschap
1134 1519 1232 1556 noch
1254 1522 1425 1566 woonen)
1445 1520 1561 1557 werde
1579 1520 1672 1557 door

932 1583 1002 1620 den
1040 1583 1227 1632 heilighen
1268 1583 1408 1621 Gheest
1435 1584 1560 1622 Godes
1589 1584 1670 1621 alzo

929 1647 1139 1696 ghedreuen
1174 1649 1233 1695 (zo
1270 1661 1314 1697 zy
1351 1661 1510 1698 ymmers
1539 1653 1670 1685 wtuer-

925 1711 1040 1748 koren
1077 1713 1168 1759 zijn)
1208 1711 1270 1748 dat
1306 1724 1350 1761 zy
1387 1711 1515 1748 zuleks
1543 1712 1669 1760 gewil-

925 1775 1080 1812 lichlick
1107 1779 1278 1817 anneme,
1305 1776 1360 1812 als
1385 1775 1458 1813 hen
1486 1775 1577 1812 door
1607 1775 1669 1814 des

930 1839 1031 1876 zelue
1059 1839 1249 1888 heilighen
1278 1839 1456 1877 Gheestes
1481 1839 1669 1888 ingheuen

927 1908 971 1940 esi
988 1908 1034 1940 wt
1054 1903 1179 1941 Godes
1196 1897 1319 1941 worde
1328 1903 1534 1952 anghezegt
1545 1903 1670 1954 werdt,

926 1972 971 2005 θῇ
998 1967 1075 2005 diet
1101 1974 1157 2005 ter
1186 1968 1459 2016 voorderinghe
1487 1968 1551 2005 der
1577 1970 1668 2005 war-

928 2031 1070 2080 digheit
1091 2031 1216 2069 Godes
1237 2036 1281 2069 esi
1302 2032 1364 2069 des
1377 2031 1497 2069 Heere
1517 2031 1669 2070 Christi,

929 2101 973 2133 θῇ
1000 2101 1055 2133 ter
1082 2096 1360 2144 ontdeckinghe
1389 2097 1451 2134 der
1470 2097 1667 2144 godloosz-

926 2159 1002 2197 heit
1030 2160 1091 2197 des
1120 2160 1331 2198 Remsohen
1359 2160 1604 2197 Antichristi:
1624 2160 1669 2197 de

927 2236 992 2260 een
1027 2224 1157 2273 spader
1193 2224 1246 2260 als
1285 2224 1330 2261 (le
1357 2224 1483 2268 ander,
1510 2224 1668 2261 nochtas

932 2292 994 2324 ten
1030 2287 1122 2324 ende
1158 2300 1290 2325 nemen
1326 2300 1369 2337 zy
1407 2287 1468 2325 het
1495 2300 1554 2325 an.
1608 2287 1666 2324 Εῇ

924 2351 1017 2388 2111Ιό
1046 2352 1122 2389 niet
1148 2352 1253 2400 altijd
1281 2353 1565 2400 laste-(ll)ren‚
1584 2365 1665 2389 ver-

925 2415 1099 2464 uolghen,
1138 2417 1180 2453 of
1204 2415 1388 2453 daei-door
1418 2415 1552 2465 alltydt
1580 2420 1665 2452 ont-

936 2470 1048 2516 sticht
1075 2479 1204 2525 werde,
1231 2493 1273 2516 zo
1303 2492 1406 2517 verre
1434 2478 1582 2524 die,die
1601 2478 1666 2516 dar

929 2542 1152 2592 onderwyze,
1177 2543 1257 2580 zich
1280 2543 1391 2581 hinne
1413 2543 1484 2580 den
1503 2544 1583 2594 pale
1603 2543 1667 2580 der

929 2606 1264 2655 zaehtmoedigheit
1287 2611 1331 2644 θῇ
1352 2607 1415 2644 der
1435 2607 1666 2654 ootmoedig·

930 2669 1005 2707 heit
1034 2670 1096 2707 des
1124 2670 1306 2719 gheestes,
1333 2685 1380 2708 na
1403 2671 1543 2708 Christi
1564 2672 1667 2714 leere,

932 2733 1138 2781 doorgaens
1167 2734 1317 2779 holden,
1344 2739 1389 2772 esi
1419 2735 1563 2782 bewijze
1581 2733 1665 2770 zick

931 2797 1071 2841 zulcke,
1100 2798 1158 2835 die
1184 2799 1351 2835 alleelick
1381 2799 1505 2836 Godes
1523 2812 1604 2836 eere
1622 2803 1666 2835 θῇ

934 2858 1091 2907 ghecnes
1120 2860 1294 2903 anderen,
1321 2862 1414 2898 ende
1436 2861 1666 2910 (1813116100-
