1818 3178
1547 124 1617 162 357

85 249 220 275 remur.
248 235 470 274 Praesertim
498 235 585 273 dum
612 236 950 274 Antichristianam
977 235 1141 287 Papismi
1165 235 1416 287 tyrannidem,
1433 235 1613 273 hactenus

87 314 176 339 sane
209 314 276 352 pro
313 299 463 337 numine
497 299 579 351 ipso
617 300 796 347 habitam,
831 301 1008 339 adversus
1044 313 1156 351 quam
1193 300 1363 338 videlicet
1402 313 1447 337 ne
1474 300 1611 337 mutire

85 366 236 417 quidem
270 365 420 412 licebat,
452 364 527 403 iam
562 365 712 403 interim
746 380 810 417 per
847 366 1058 403 doctrinam
1085 367 1172 414 (21)
1199 365 1397 415 Euangelii
1425 369 1613 402 momento

86 430 164 468 fere
194 428 371 480 temporis
396 429 464 477 (sit
492 428 654 468 Domino
682 430 801 480 gratia
814 432 840 478 ἔ)
869 430 907 468 in
934 430 1055 467 lucem
1082 430 1134 468 ita
1162 429 1394 481 productam,
1420 433 1456 467 et
1484 429 1614 466 latriac

85 494 175 532 item
209 499 320 545 atque
354 493 646 532 abominationis
682 495 718 532 in
755 495 817 531 illa
856 494 1087 540 barathrum,
1124 494 1238 532 veluti
1275 494 1404 544 digitis
1431 493 1615 545 quodam-

86 557 210 605 modo,
250 558 302 595 ita
347 563 678 597 commonstratum
713 573 793 597 esse
837 559 1031 609 magisque
1066 571 1109 596 ac
1145 559 1264 608 magis
1300 559 1339 597 in
1378 558 1456 596 dies
1491 557 1614 596 adhuc

70 621 369 659 .comm0nst1·ari
405 622 584 666 videmus,
619 627 660 661 ut
697 624 752 661 vel
788 636 807 660 a
843 623 968 674 pueris
995 623 1105 660 etiam
1134 623 1288 672 agnosci
1314 635 1429 674 parvo
1457 622 1614 672 negocio

84 685 229 738 possit,-
269 687 452 738 Equidem
483 688 653 726 Christus
681 689 837 740 ipsemet
863 687 1050 725 Dominus
1077 687 1152 725 iam
1180 688 1270 725 olim
1296 687 1493 739 praedixit,
1521 688 1613 731 fore,

84 756 127 789 ut
154 756 238 790 ante
266 753 380 790 seculi
407 754 767 791 consummationem
794 753 1068 803 adventumque
1095 766 1222 790 rursus
1251 766 1358 790 suum
1386 753 1424 790 in
1442 752 1614 791 doctrina

85 815 143 852 sui
178 815 389 865 Euangelii,
432 816 546 854 veluti
580 816 825 867 postliminio,
860 815 1095 866 praedicetur
1129 828 1172 853 ac
1206 815 1320 854 tubae
1353 816 1473 854 instar
1508 819 1615 854 sonet

84 880 180 930 apud
229 893 357 918 omues
398 885 527 930 gentes
563 881 610 918 ad
647 880 940 918 convincendam
975 880 1125 918 illarum
1158 880 1400 931 impietatem,
1433 884 1615 931 quatenus

86 957 173 982 sane
210 943 331 982 denuo
361 945 414 982 sic
440 945 665 996 praedicata,
692 944 831 996 passim
859 944 1105 982 nihilominus
1133 948 1197 982 aut
1224 944 1425 982 reiicienda
1450 958 1621 995 prorsuS‚

85 1012 147 1045 aut
185 1012 283 1046 certe
318 1022 383 1059 per
419 1008 644 1060 hypocrisim
684 1009 964 1058 negligentervc
999 1008 1210 1059 recipienda
1238 1012 1347 1047 esset.
1399 1008 1489 1045 Huc
1515 1008 1615 1046 enim

85 1077 251 1123 spectare
278 1074 434 1118 videtur,
456 1073 556 1124 quod
583 1073 655 1111 ait:
683 1073 978 1111 Praedicandum
1007 1085 1086 1110 esse
1105 1072 1144 1109 in
1165 1072 1422 1110 testimonium
1441 1073 1615 1110 omnibus

88 1137 278 1185 gentibus,
306 1137 382 1175 sive
409 1138 586 1175 adversus
615 1150 742 1175 omnes
761 1141 905 1185 gentes,
923 1136 1238 1188 quemadmodum
1261 1150 1339 1175 sese
1356 1137 1511 1187 ipsemet
1533 1137 1623 1174 alibi

84 1202 250 1253 exponit.
305 1203 428 1252 Atque
463 1201 554 1239 alibi
589 1215 750 1248 rursum,
786 1202 847 1239 vix
885 1215 923 1239 se
953 1202 1067 1239 ullam
1096 1201 1136 1238 in
1162 1201 1274 1239 terris
1301 1201 1425 1245 fidem,
1453 1201 1520 1239 ubi
1546 1201 1613 1239 ad-

86 1266 239 1309 venerit,
265 1271 496 1317 reperturum
523 1280 615 1313 esse,
640 1269 809 1310 testatur,
836 1266 982 1304 etiamsi
1007 1265 1247 1317 praedixerit,
1263 1265 1508 1315 Euangelium
1525 1267 1613 1314 (22)

85 1329 208 1367 denuo
244 1334 330 1367 ante
365 1343 471 1367 suum
509 1330 711 1368 adventum
745 1330 1037 1382 praedicandum
1072 1343 1164 1377 esse,
1198 1334 1234 1367 et
1261 1329 1411 1380 quidem
1439 1329 1613 1367 omnibus

83 1394 271 1444 gentibus,
298 1407 345 1432 ne
371 1394 568 1445 quisquam
596 1395 657 1432 hic
684 1395 779 1432 ullas
807 1395 960 1432 omnino
990 1394 1249 1433 excusationes
1264 1394 1458 1433 obtendat.
1488 1394 1613 1432 Nimi-

84 1471 179 1504 rum,
214 1457 258 1495 ad
297 1471 407 1509 quem
442 1459 596 1496 modum
634 1459 703 1497 sub
730 1459 854 1510 priore
882 1459 971 1497 olim
998 1460 1063 1497 illa
1088 1472 1152 1510 per
1182 1459 1386 1510 Apostolos
1413 1459 1613 1509 Euangelii

81 1522 358 1574 praedicatione
384 1524 517 1573 ingens
545 1524 712 1562 omnium
738 1524 907 1574 gentium
937 1536 1140 1562 concursus
1159 1528 1237 1563 erat
1256 1524 1302 1562 ad
1319 1525 1612 1576 amplectendam

82 1600 219 1637 magno
258 1601 340 1626 cum
375 1590 501 1626 fructu
537 1589 738 1627 salutarem
774 1589 985 1627 doctrinam
1019 1590 1134 1636 illius,
1169 1589 1222 1627 ita
1251 1589 1320 1627 sub
1349 1595 1513 1627 extrema
1541 1589 1611 1627 hac

83 1665 230 1690 rursum
266 1657 395 1690 nostro
431 1658 598 1704 tempore
632 1653 734 1691 illius
770 1654 991 1705 repetitione
1018 1654 1100 1704 pios
1128 1653 1279 1704 quidem
1306 1654 1344 1691 in
1373 1654 1445 1691 fide
1473 1655 1611 1691 confir-

81 1715 175 1753 mari
227 1728 376 1754 necesse
410 1721 467 1755 est
503 1717 549 1754 ad
585 1717 844 1768 perferendam
878 1717 1090 1767 tyrannidis
1126 1718 1469 1765 Antichristianae,'
1508 1731 1609 1755 nunc

83 1792 172 1816 sane
205 1783 248 1817 ut
286 1794 477 1831 nunquam
514 1786 620 1819 antea
657 1786 902 1831 grassantem,
946 1782 1222 1828 truculentiam,
1264 1795 1424 1833 quorum
1459 1782 1609 1820 iuterim

81 1856 169 1894 prae
196 1843 280 1881 aliis
306 1844 461 1893 exiguus
489 1844 689 1883 admodum
715 1859 891 1883 numerus
920 1852 974 1883 est
1001 1847 1162 1892 futurus,
1180 1867 1231 1874 —
1257 1847 1405 1884 rebellis
1433 1859 1518 1884 vero
1539 1847 1609 1884 im-

82 1908 228 1960 piorum
264 1914 510 1960 contemptus,
539 1911 646 1947 fucus
673 1910 759 1948 item
790 1911 1070 1961 hypocritarum
1098 1912 1264 1949 omnium
1292 1913 1441 1963 patefiet
1468 1912 1515 1949 ad
1543 1925 1610 1963 po·

81 1973 243 2010 nendam
276 1973 351 2011 illis
387 1974 435 2011 ob
463 1975 592 2012 oculos
615 1974 761 2012 iustam
778 1975 980 2026 impietatis
1007 1975 1160 2013 taudem
1188 1977 1355 2026 ipsorum
1383 1976 1608 2014 condemna-

83 2037 237 2076 tionem.
283 2040 408 2089 Atque
437 2052 524 2076 sane
551 2053 609 2077 res
636 2039 715 2090 ipsa
743 2040 923 2090 loquitur,
951 2054 1063 2090 quam
1091 2040 1138 2078 sit
1165 2040 1321 2090 exiguus
1349 2041 1421 2092 hoc
1446 2045 1610 2092 tempore

83 2115 260 2140 numerus
296 2115 436 2146 eorum,
462 2103 526 2154 qui
552 2104 665 2141 tubae
692 2103 944 2152 Euangelioae
972 2105 1197 2153 clangorem,
1222 2105 1296 2142 iam
1321 2105 1442 2143 denuo
1470 2105 1608 2156 passim

82 2167 223 2218 alioqui
259 2172 467 2213 sonantem,
499 2182 586 2218 prae
621 2168 717 2214 aliis,
752 2169 1043 2220 amplectantur3
1084 2169 1220 2207 multos
1249 2173 1385 2213 autem,
1413 2171 1476 2221 qui
1504 2171 1607 2208 illum

80 2236 298 2269 aversantur
334 2233 419 2279 (23)
455 2233 562 2282 plane
599 2245 641 2269 ac
668 2232 854 2278 reiiciunt,
879 2255 930 2262 -
957 2238 992 2270 et
1019 2234 1116 2271 inter
1143 2247 1205 2271 eos
1231 2234 1332 2285 ipsos
1360 2248 1519 2281 rursum,
1547 2235 1610 2286 qui

79 2297 181 2335 illius
217 2296 384 2334 studium
416 2310 504 2348 prae
540 2311 577 2335 se
605 2298 742 2344 ferunt,
770 2310 880 2348 quam
908 2298 1017 2348 pauci
1046 2298 1121 2336 sint
1149 2299 1272 2345 etiam,
1299 2299 1362 2350 qui
1392 2300 1429 2337 in
1457 2313 1499 2337 eo
1528 2314 1608 2337 am·

80 2362 291 2413 plectendo,
319 2375 394 2399 non
421 2367 496 2399 tam
525 2375 619 2412 quae
648 2375 712 2400 sua
740 2363 906 2413 ipsorum
933 2367 1020 2401 sunt
1048 2368 1239 2413 quaerant,
1265 2377 1374 2414 quam
1401 2378 1495 2416 quae
1523 2365 1609 2403 Iesu

83 2426 235 2472 Christi,
281 2430 319 2464 ut
363 2426 469 2463 Pauli
507 2426 629 2464 verbis
664 2427 810 2477 loquar.
863 2427 1016 2477 Alioqui
1051 2427 1238 2465 undenam
1273 2432 1329 2466 tot
1362 2430 1493 2480 plagac
1529 2430 1611 2474 Dei,

81 2491 216 2542 quibus
255 2504 353 2528 nunc
380 2491 488 2541 plena
518 2490 654 2540 ubique
683 2491 808 2528 omnia
837 2504 916 2528 esse
945 2491 1139 2528 videmus?
1176 2496 1212 2529 et
1239 2492 1389 2543 quidem
1416 2493 1462 2531 iis
1489 2494 1606 2544 potis-

81 2556 214 2593 simum
250 2555 355 2601 locis,
390 2555 454 2606 qui
491 2555 536 2593 de
569 2562 715 2606 recepta
752 2556 900 2606 publice
938 2556 1107 2593 doctrina
1146 2556 1341 2606 Euangelii
1368 2558 1605 2606 gloriantur?

82 2619 268 2671 Equidem
305 2620 406 2658 Deus
443 2621 547 2658 verbi
585 2620 641 2657 sui
668 2620 919 2658 obedientiam
948 2621 1121 2672 illiusque
1150 2621 1314 2660 studium
1342 2628 1609 2668 remuneratur,

80 2699 156 2724 non
182 2686 302 2737 punit,
328 2686 478 2737 publica
505 2686 720 2736 praesertim
747 2686 888 2737 patriae
914 2686 1029 2724 totius
1057 2687 1277 2726 calamitate.
1316 2687 1401 2733 Sed,
1428 2689 1607 2739 quoniam

79 2750 219 2787 maiore
253 2751 370 2787 multo
405 2750 624 2787 contumelia
663 2750 830 2793 afficitur,
867 2750 898 2787 si
936 2750 1053 2788 divini
1090 2751 1146 2789 sui
1179 2751 1342 2790 nominis
1370 2753 1607 2790 autoritatem

81 2814 219 2852 nostris
264 2815 336 2866 ipsi
379 2814 486 2853 viciis
530 2814 727 2866 pravisque
762 2813 953 2852 affectibus
988 2828 1053 2866 per
1088 2815 1316 2867 hypocrisim
1352 2817 1611 2859 obtendamus,

82 2892 192 2931 quam
230 2879 261 2918 si
297 2880 492 2920 manifeste
520 2879 728 2918 doctrinam
758 2879 874 2931 ipsius
911 2880 1062 2919 humani
1091 2881 1252 2933 quodam
1280 2881 1409 2920 iudicii
1437 2895 1560 2920 errore
1588 2896 1608 2920 a
