1818 3178
590 125 642 152 Da
669 126 834 164 cnnrsri
863 125 1182 153 1N0AizxA'r10x13.
1600 117 1646 151 39

125 227 294 264 locorum
330 229 546 264 nostrorum
577 227 923 278 interpretationem
950 228 1182 278 impugnare.
1238 227 1370 277 Neque
1398 239 1482 264 vero
1512 240 1647 275 negare

123 292 262 342 poteris
297 291 434 336 omnia,
470 304 564 341 quae
600 292 692 329 locis
729 292 790 329 hie
828 292 904 330 tuis
938 293 1191 343 opposuimus,
1224 292 1260 329 et
1295 304 1389 342 qnae
1422 291 1462 328 in
1489 291 1643 328 eandem

124 357 347 394 sententiam
372 355 497 393 ubivis
524 356 564 393 in
593 356 829 405 Euangelicis
857 361 893 394 et
922 357 1150 407 Apostolicis
1178 357 1295 394 literis
1324 357 1368 394 de
1396 357 1544 393 Christo
1569 356 1644 392 Do-

124 422 226 459 mino
264 421 458 464 docentur,
494 434 608 471 aeque
638 435 721 459 vera
748 435 839 465 esse,
866 425 977 472 atque
1005 425 1092 458 sunt
1119 421 1193 458 loci
1221 422 1289 464 tui,
1318 422 1453 471 quibus
1482 434 1549 458 nos
1577 434 1644 471 op-

122 498 288 536 pugnare
316 485 475 523 conaris.
530 486 588 523 Ita
614 487 729 535 igitur
757 487 828 524 tihi
855 486 1037 523 antitheta
1066 490 1191 523 nostra
1222 499 1305 523 cum
1331 486 1406 523 tuis
1433 486 1524 523 locis
1553 499 1643 522 con·

123 550 281 588 cilianda
309 554 430 591 erunt,
456 554 498 588 ut
526 551 660 589 veritas
688 551 838 588 illorum
865 551 1087 588 inconcussa
1117 564 1203 588 sane
1230 555 1455 601 permaneat.
1484 551 1644 588 Perinde

121 613 221 651 enim
255 627 383 651 verum
419 618 487 659 est,
524 614 714 652 Christum
743 615 912 652 veniente
946 618 1156 664 temporum
1182 614 1415 664 plenitudine
1443 615 1582 652 factum
1609 618 1645 652 et

123 680 253 715 natum
279 690 370 722 esse,
397 681 507 728 atque
536 691 661 715 verum
688 682 756 722 est,
783 691 861 715 esse
889 677 1009 714 omnis
1039 681 1226 715 creaturae
1253 679 1556 728 primogenitum,
1582 691 1646 728 per

122 755 231 792 quem
267 741 417 780 condita
453 742 528 780 sint
564 743 603 780 in
643 743 751 780 caelis
779 755 822 779 ac
847 742 955 779 terris
983 741 1121 785 omnia,
1149 746 1185 779 et
1213 756 1306 793 quae
1334 743 1474 793 reliqua
1502 744 1541 780 in
1569 744 1644 781 tuis

120 806 213 844 locis
248 810 284 844 et
312 819 439 844 eorum
466 807 660 844 antithetis
688 807 884 844 habentur.
941 806 1034 848 Iam,
1061 806 1130 843 etsi
1159 806 1325 844 divinare
1354 808 1454 851 nolo,
1482 820 1645 857 quonam

120 871 232 908 modo
260 871 351 908 haec
376 875 419 908 tu
447 872 643 909 conciliare
671 871 773 917 velis,
799 870 838 907 id
865 877 989 908 tamen
1018 870 1090 907 hoc
1115 870 1197 907 loco
1217 872 1510 920 praetermittere
1529 872 1649 914 nolui,

119 940 162 974 ut
196 940 234 974 te
267 937 516 982 admonerem,
552 950 627 974 non
665 949 743 973 esse
779 936 899 972 fidelis
935 935 1148 985 interpretis
1185 936 1237 972 ita
1274 937 1377 973 locos
1411 937 1450 973 in
1488 937 1645 987 speciem

118 1001 218 1038 inter
251 1014 328 1038 sese
363 1004 573 1052 pugnantes
612 1000 701 1037 velle
737 999 846 1036 simul
874 999 953 1036 sine
981 999 1193 1037 discrimine
1219 1000 1297 1036 ullo
1328 1000 1566 1045 confundere,
1592 1004 1650 1045 ut,

120 1068 303 1115 quatenus
331 1064 403 1102 sibi
430 1064 677 1109 consentiant,
704 1067 887 1113 quatenus
914 1063 1005 1100 item
1032 1063 1078 1099 ab
1106 1063 1267 1100 invicem
1295 1064 1529 1107 dissentiant,
1551 1065 1651 1101 clare

120 1129 329 1166 discernere
366 1141 442 1165 non
476 1128 616 1179 possis;
654 1140 774 1177 neque
810 1127 902 1164 illud
931 1127 1033 1171 item,
1071 1131 1110 1164 ut
1138 1127 1175 1164 in
1204 1127 1434 1177 exponendis
1464 1128 1556 1164 locis
1584 1132 1649 1165 aut

119 1207 141 1230 a
168 1193 327 1244 simplici
354 1192 552 1230 verborum
578 1192 772 1228 intellectu
802 1204 868 1228 nos
895 1194 1034 1228 temere
1059 1194 1097 1228 'et
1125 1191 1227 1238 si-(F
1257 1191 1391 1238 viia)ne
1420 1204 1528 1228 causa
1556 1192 1648 1239 legi-

118 1258 210 1295 tima
244 1257 420 1300 abducas,
455 1260 519 1293 aut
557 1268 672 1293 novas
708 1255 779 1292 tibi
815 1268 882 1305 pro
920 1258 988 1292 tuo
1015 1255 1171 1292 arbitrio
1200 1255 1527 1305 interpretationes
1558 1268 1648 1292 con-

119 1323 252 1371 fingas,
278 1334 435 1371 quarum
463 1320 629 1370 exempla
656 1320 695 1357 in
724 1319 926 1369 Scripturis
954 1319 1045 1356 alibi
1073 1319 1220 1356 ostendi
1249 1332 1324 1357 non
1354 1323 1503 1370 queant.

174 1385 252 1423 Nec
269 1388 407 1422 temere
427 1384 517 1421 haee
534 1384 647 1421 toties
666 1387 805 1435 repeto,
824 1383 875 1420 mi
895 1383 1054 1421 Menno!
1076 1382 1177 1420 Dum
1195 1383 1294 1420 enim
1315 1383 1437 1429 doces,
1454 1383 1554 1421 idem
1571 1397 1651 1422 esse

119 1449 275 1487 verbum
310 1457 346 1487 et
375 1449 578 1494 Christum,
606 1447 797 1485 Christum
824 1451 860 1485 et
889 1447 1054 1493 verbum,
1082 1460 1158 1484 non
1186 1447 1275 1484 satis
1304 1447 1491 1493 observas,
1519 1452 1648 1498 quate-

118 1528 189 1552 nus
223 1514 314 1551 haec
350 1513 460 1550 simul
489 1512 712 1556 consistant,
737 1516 802 1549 aut
830 1512 903 1549 sibi
929 1515 1060 1549 mutuo
1089 1515 1310 1562 repugnent.
1365 1511 1404 1548 Si
1433 1512 1531 1548 enim
1560 1512 1648 1548 sim-

117 1579 264 1630 pliciter
289 1578 328 1616 id
357 1591 484 1615 verum
511 1591 590 1615 esse
617 1578 786 1621 affirmes,
812 1580 865 1622 ut,
894 1576 1075 1627 quidquid
1098 1576 1268 1614 Christus
1288 1580 1355 1621 est,
1373 1577 1409 1613 id
1424 1580 1547 1614 totum
1566 1591 1642 1614 ver·

120 1644 210 1680 bum
236 1643 362 1687 facias,
388 1645 424 1680 et
454 1649 595 1685 contra,
621 1662 672 1669 —
699 1640 889 1677 hominem
909 1643 1040 1677 certea
1062 1639 1210 1676 Christo
1231 1640 1270 1676 in
1286 1639 1502 1676 universum
1523 1640 1650 1677 exclu-

119 1707 196 1746 des.
224 1707 325 1744 Nam
352 1706 519 1748 verbum,
548 1709 729 1756 quantum
756 1708 824 1748 est,
850 1708 974 1741 totum
1003 1717 1091 1741 sane
1119 1704 1220 1741 Deus
1241 1708 1308 1749 est,
1331 1704 1649 1754 quemadmodum

119 1773 281 1810 Ioannes
308 1771 429 1809 docet.
484 1771 640 1814 Rursus,
668 1769 758 1806 dum
783 1769 821 1806 in
851 1769 1019 1806 locormn
1045 1772 1261 1805 nostrorum
1289 1768 1548 1818 explicatione,
1585 1768 1649 1818 qui

120 1834 311 1872 Christum
346 1833 552 1871 Dominum
578 1846 623 1870 ex
651 1832 790 1869 semine
817 1831 951 1877 David,
978 1843 1023 1868 ex
1053 1830 1192 1867 lumbis
1220 1831 1312 1874 eius,
1341 1844 1385 1867 ex
1414 1830 1576 1876 Iudaeis,
1604 1843 1649 1868 ex

118 1899 284 1944 muliere,
319 1911 365 1935 ex
401 1896 521 1935 Maria
558 1896 701 1946 virgine
727 1896 869 1933 factum
897 1899 1099 1945 natumque
1127 1898 1162 1932 et
1191 1894 1341 1945 quidem
1366 1894 1472 1931 iuxta
1501 1907 1648 1931 carnem

118 1976 199 2001 esse
232 1965 431 2004 testantur,
467 1975 488 1998 a
525 1960 683 2011 simplici
719 1973 787 1997 nos
814 1960 966 1996 illorum
992 1959 1187 1996 intellectu
1214 1959 1398 1996 abducere
1427 1959 1585 2003 conaris,
1612 1964 1648 1996 et

121 2029 244 2071 doces,
279 2030 408 2064 natum
445 2030 481 2063 et
508 2026 649 2063 factum
677 2038 757 2062 esse
783 2038 827 2062 ex
855 2025 980 2075 aliquo
1008 2024 1066 2062 his
1094 2024 1187 2061 locis
1214 2024 1313 2061 idem
1341 2037 1432 2066 esse,
1459 2024 1558 2074 quod
1584 2037 1648 2074 per

119 2093 291 2143 aliquem,
327 2095 473 2142 sumpta
499 2091 650 2128 interim
677 2089 827 2127 aliunde
855 2090 913 2127 sui
939 2090 1095 2139 origine,
1122 2090 1328 2132 transiisse,
1356 2089 1451 2126 nihil
1479 2089 1649 2134 adducis,

119 2156 220 2208 quod
248 2155 407 2206 simplici
434 2155 633 2192 verborum
659 2153 962 2204 interpretationi
988 2154 1128 2204 opponi
1154 2153 1285 2204 possit,
1315 2166 1436 2203 neque
1463 2153 1553 2190 item
1580 2167 1647 2190 ex-

119 2221 281 2272 emplum
307 2220 427 2256 ullum
453 2220 597 2270 profers
623 2222 709 2255 tuae
735 2218 1066 2268 interpretationis.
1098 2218 1138 2254 Si
1165 2217 1263 2254 enim
1293 2217 1341 2265 (F
1370 2217 1457 2264 viib)
1484 2221 1549 2254 tua
1577 2231 1646 2254 no-

122 2287 178 2324 bis
213 2284 430 2323 testimonia
465 2297 644 2335 opponas,
679 2296 771 2333 quae
808 2283 998 2320 Christum
1026 2296 1045 2319 e
1075 2283 1175 2319 coelo
1205 2295 1226 2318 a
1255 2282 1366 2319 Patre
1392 2282 1561 2328 missum,
1588 2296 1645 2320 se-

121 2350 285 2387 cundum
320 2362 340 2386 e
377 2348 479 2385 coelo
518 2348 719 2391 hominem,
759 2360 892 2398 panem
927 2360 946 2384 e
983 2347 1085 2384 coelo
1122 2346 1249 2383 datum
1277 2360 1356 2383 esse
1393 2347 1540 2392 (locent,
1577 2360 1646 2384 nos

119 2415 185 2451 illa
221 2414 331 2452 nobis
361 2426 435 2450 non
463 2412 566 2463 prius
593 2412 731 2462 opponi
757 2424 865 2462 posse
893 2411 1068 2457 dicemus,
1095 2424 1204 2461 quam
1234 2424 1316 2447 cum
1345 2411 1540 2450 antithetis
1568 2413 1645 2450 suis

119 2479 225 2515 iuxta
253 2477 466 2528 Seripturae
491 2489 601 2513 usum
630 2475 888 2513 concilientur.
919 2475 1126 2512 Conciliata
1152 2479 1274 2512 autem
1306 2475 1399 2512 nihil
1427 2480 1557 2513 contra
1578 2490 1647 2514 nos

121 2543 271 2588 facient,
295 2542 370 2579 imo
400 2554 484 2578 vero
513 2544 681 2577 nostram
707 2539 831 2590 potius
860 2539 1068 2577 doctrinam
1097 2539 1387 2577 confirmabunt.
1428 2539 1488 2585 Et,
1515 2544 1555 2577 ut
1577 2540 1644 2576 do-

122 2619 251 2644 nemus
285 2610 350 2643 tua
379 2604 488 2642 nobis
515 2604 730 2641 testimonia
754 2603 891 2653 opponi
917 2616 1038 2653 posse,
1064 2603 1221 2640 ubinam
1249 2604 1422 2641 ostendes
1450 2605 1487 2641 in
1520 2605 1646 2654 Scrip-

119 2671 229 2717 turis‚
263 2671 404 2708 factum
431 2673 468 2706 et
494 2672 623 2705 natum
651 2680 730 2704 esse
757 2680 801 2704 ex
830 2667 954 2717 aliquo
982 2667 1079 2704 idem
1109 2667 1330 2716 significare,
1358 2668 1457 2717 quod
1485 2681 1549 2717 per
1576 2669 1646 2704 ali-

122 2748 243 2785 quem,
272 2735 431 2772 deducta
463 2732 614 2770 interim
640 2731 789 2768 aliunde
815 2734 896 2768 tota
923 2731 981 2767 sui
1008 2731 1162 2779 origine,
1189 2732 1408 2768 transiisse?
1438 2731 1516 2768 Ubi
1543 2731 1646 2775 item,

123 2811 250 2835 vocem
286 2797 382 2835 hanc
420 2797 631 2847 concepisse
665 2795 762 2832 idem
791 2808 881 2839 esse,
907 2794 1007 2844 quod
1034 2794 1184 2832 aliunde
1213 2800 1433 2845 conceptum
1462 2795 1644 2833 duntaxat

121 2864 311 2913 gestasse?
339 2862 445 2902 Haec
472 2861 541 2900 tibi
569 2860 782 2913 Seripturac
809 2857 986 2912 exemplis
1013 2859 1287 2912 comprabanda
1315 2863 1450 2905 essent,
1467 2865 1530 2897 aut
1548 2865 1644 2899 certe
