1818 3178
672 143 861 172 EPISTOLA
889 144 942 171 AD
971 143 1123 171 niveum.
1590 130 1663 167 103

135 243 275 295 ubique
311 256 395 282 eum
430 242 513 280 aliis
547 244 725 294 loquendi
760 245 943 284 rationem
980 246 1017 283 in
1047 243 1227 283 tradenda
1256 242 1383 281 cadem
1412 240 1657 279 nihilominus

134 306 327 346 doctrinae
354 306 536 345 sententia
574 309 719 358 sequuti
748 323 887 355 sumus,
915 315 954 347 ut
980 322 1038 347 res
1065 308 1205 352 eadem,
1232 307 1331 346 varie
1358 305 1536 356 exposita,
1564 304 1656 341 faci-

132 372 204 410 lius
240 371 381 424 percipi
414 376 552 422 posset,
588 385 670 410 cum
705 375 921 425 praesertim
957 378 993 411 et
1030 374 1185 411 Calvino
1214 372 1372 423 ipsimet,
1400 375 1435 408 et
1463 368 1656 418 Tigurinis

131 437 242 475 etiam
285 435 481 483 ministris,
517 436 556 474 in
601 451 643 475 ea
684 438 850 489 ipsorum
888 438 1134 476 consensione
1170 437 1351 488 quaedam
1388 435 1498 487 paulo
1535 433 1656 472 adhuc

132 498 327 538 obscurius
355 498 454 536 dicta
483 512 562 537 esse
590 501 817 547 viderentur,
845 506 954 553 atque
983 502 1127 551 utrique
1153 500 1271 539 literis
1299 499 1346 537 ad
1373 512 1432 536 me
1451 498 1527 536 suis
1542 501 1657 536 testa-

130 567 270 607 rentur,
305 575 344 600 se
370 567 510 613 optare,
537 567 578 601 ut
604 577 661 602 res
689 565 882 616 aliquanto
912 565 1047 602 clarius
1074 564 1197 602 adhuc
1223 563 1481 615 explicaretur.
1535 560 1657 599 Addi-

131 628 253 665 dimus
289 627 405 677 igitur
439 632 476 666 et
511 641 592 674 nOS‚
628 629 783 667 auctarii
822 629 911 675 viee,
949 632 1115 666 nostram
1151 627 1492 671 tractatiunculam,
1521 630 1560 663 ut
1586 637 1656 662 nos

129 705 210 730 eam
245 692 366 743 ipsam
400 691 552 730 illorum
588 693 872 731 consensionem
907 692 1066 743 probare
1103 691 1270 742 adeoque
1306 695 1341 729 et
1370 690 1475 741 sequi
1501 693 1655 727 testare-

129 770 224 802 mur,
252 760 288 795 et
333 757 618 795 consensionem
663 759 783 809 ipsam
818 762 968 796 nostrae
1004 757 1117 795 etiam
1151 756 1370 794 tractationi
1406 755 1657 798 adiunximus,

130 827 171 859 ut
206 822 304 860 inter
340 835 379 860 se
412 822 559 860 facilius
589 823 752 861 conferri
777 826 940 874 possent.
993 821 1163 860 Breviter
1191 834 1232 858 eo
1260 821 1335 858 iam
1363 821 1553 858 devenisse
1580 833 1656 856 rem

127 900 192 937 per
239 887 312 926 Dei
360 887 521 937 gratiam
567 887 732 926 videmus
767 887 807 924 in
843 888 882 936 (†
910 888 969 934 61))
1006 900 1048 924 ea
1084 885 1130 923 de
1172 885 1290 935 signis
1329 886 1657 922 Saeramentorum

129 951 395 997 controversia,
431 955 485 995 ut,
520 964 594 1002 quo
630 951 752 1000 magis
788 951 889 987 illam
929 949 1076 988 intendi
1105 949 1228 986 adhue
1256 949 1348 986 alibi
1374 949 1560 992 audimus,
1589 948 1659 985 hoc

128 1016 238 1052 nobis
274 1015 528 1066 pulchriorem
562 1014 755 1065 magisque
782 1014 1064 1052 memorabilem
1092 1013 1333 1050 concordiam
1361 1016 1461 1050 certo
1489 1017 1525 1049 et
1553 1011 1656 1049 brevi

127 1079 396 1130 expectandam
431 1092 523 1125 esse,
558 1078 638 1116 Deo
676 1079 769 1116 bene
806 1078 966 1123 volente,
1002 1090 1080 1114 non
1117 1076 1345 1114 dubitemus.
1399 1076 1531 1126 Neque
1568 1088 1654 1113 vero

126 1149 202 1182 tani
232 1143 458 1182 necessarias
486 1155 564 1180 esse
590 1143 749 1193 amplius
777 1145 951 1193 putamus
979 1141 1025 1179 ad
1054 1140 1298 1178 obtinendam
1318 1153 1400 1178 eam
1417 1139 1658 1177 concordiam

127 1209 264 1246 multas
300 1212 336 1246 et
371 1208 504 1257 longas
540 1206 824 1257 disputationes,
859 1219 972 1257 quam
1008 1205 1133 1257 potius
1161 1218 1288 1256 preces
1315 1205 1485 1256 publicas
1513 1217 1556 1241 ac
1583 1204 1657 1241 fer-

128 1276 254 1311 ventes
281 1272 450 1310 omnium
478 1271 743 1316 Ecclesiarum,
770 1284 864 1321 quae
893 1270 1103 1308 doctrinam
1130 1270 1330 1319 Euangelii
1352 1269 1492 1307 Christi
1509 1268 1658 1319 publice

126 1339 359 1388 profitentur,
397 1341 433 1374 et
461 1324 637 1374 vstudium
673 1336 834 1384 diligens
870 1335 909 1373 in
935 1335 1167 1373 restituendo
1195 1348 1290 1387 puro
1319 1348 1362 1372 ae
1388 1334 1557 1383 legitimo
1586 1347 1656 1371 usu

128 1403 467 1439 Sacramentorum.
522 1400 612 1438 Non
647 1400 785 1451 poterit
821 1413 898 1437 non
934 1399 1062 1437 audire
1089 1412 1216 1450 preces
1245 1412 1332 1437 suae
1362 1397 1549 1435 Ecclesiae
1577 1396 1655 1433 Do-

126 1464 250 1502 minus
285 1464 386 1503 Deus
414 1468 541 1502 noster
567 1468 719 1515 propter
747 1464 924 1502 dilectum
953 1477 1062 1502 suum
1088 1464 1221 1506 filium,
1250 1464 1354 1501 cuius
1382 1476 1491 1500 eausa
1519 1462 1654 1511 agitur.

124 1529 244 1566 Purus
282 1541 368 1567 vero
397 1541 440 1566 ac
466 1528 656 1579 legitimus
685 1529 1012 1567 sacramentorum
1039 1541 1128 1566 usus
1157 1528 1270 1566 corda
1296 1526 1546 1579 proculdubio
1575 1539 1654 1563 om-

125 1595 230 1632 nium
265 1593 312 1631 ad
340 1593 553 1632 unanimem
582 1598 617 1631 et
644 1593 836 1632 doetrinae
863 1594 974 1631 simul
1001 1597 1038 1631 et
1063 1593 1276 1631 animorum
1304 1605 1526 1630 consensum
1553 1591 1655 1629 exci-

124 1658 241 1706 tabit5
286 1658 367 1696 fieri
401 1658 502 1696 enim
538 1671 615 1696 non
651 1662 785 1709 potest,
819 1662 860 1696 ut
896 1671 973 1696 non
1017 1657 1168 1696 tandem
1213 1658 1407 1695 unanimes
1448 1658 1553 1702 fiant,
1587 1656 1666 1706 qui-

126 1723 376 1761 Sacramentis
420 1736 512 1774 pure
554 1736 598 1760 ac
642 1723 806 1773 legitime
841 1727 1019 1771 utuntur3
1056 1727 1120 1761 aut
1155 1726 1252 1761 certe
1288 1735 1378 1774 pure
1413 1721 1652 1771 legitimeque

127 1788 200 1825 illis
242 1800 320 1825 non
364 1791 531 1833 utuntur,
573 1787 638 1838 qui
683 1787 876 1825 unanimes
920 1801 1001 1826 esse
1044 1790 1231 1825 recusant.
1295 1786 1382 1825 Qua
1418 1784 1569 1836 quidem
1614 1784 1652 1821 in

126 1856 230 1903 parte
273 1864 363 1889 usus
404 1851 624 1902 disciplinae
668 1851 954 1890 Ecclesiasticae
1007 1852 1105 1889 circa
1151 1851 1479 1888 Sacramentorum
1532 1847 1654 1885 admi-

128 1916 390 1954 nistrationem
425 1916 628 1966 plurimum
670 1916 874 1968 prodesset.
930 1916 978 1955 Et
1014 1920 1103 1955 sunt
1138 1915 1290 1967 quidem
1325 1915 1443 1952 multa
1471 1914 1652 1951 hactenus

127 1984 283 2025 tentata,
319 1992 403 2017 eum
439 1979 513 2026 hic,
547 1983 628 2018 tum
664 1981 704 2029 (†
733 1982 791 2027 7²²)
819 1980 923 2026 alibi,
957 1979 999 2018 in
1031 1979 1262 2018 restituendo
1290 1991 1384 2030 puro
1413 1991 1457 2016 ac
1483 1976 1651 2026 legitimo

129 2059 200 2083 usu
236 2046 576 2090 Sacra-mentorum,
611 2058 730 2096 neque
765 2044 804 2086 id
840 2045 920 2083 sine
955 2057 1091 2095 magno
1127 2045 1255 2082 fructu
1288 2042 1554 2095 proculdubio,
1589 2040 1653 2079 sed

128 2114 254 2148 tamen
307 2108 354 2146 ad
406 2109 637 2155 umbilicum,
687 2108 787 2159 quod
828 2108 978 2155 dicitur,
1022 2122 1099 2147 non
1143 2108 1267 2146 adhuc
1319 2110 1538 2158 perventum
1583 2109 1651 2144 est.

132 2177 258 2225 Atque
292 2173 459 2223 agendae
496 2177 581 2211 sunt
619 2173 773 2211 omnino
810 2173 981 2223 ingentes
1016 2174 1160 2224 gratiae
1195 2172 1359 2210 Domino
1394 2172 1474 2209 Deo
1510 2174 1655 2215 nostro,

131 2239 231 2290 quod
258 2252 316 2277 res
343 2251 385 2276 eo
413 2238 651 2289 pervenerint
677 2239 718 2276 in
744 2238 973 2277 restituendo
1003 2252 1072 2276 usu
1100 2240 1439 2282 Sacramentorum,
1467 2249 1540 2288 quo
1568 2236 1653 2273 illas

130 2302 341 2354 pervenisse
370 2302 558 2350 videmus3
586 2307 622 2340 et
648 2307 703 2340 est
731 2302 1069 2341 commendandum
1096 2301 1312 2339 hauddubie
1330 2315 1459 2339 eorum
1479 2300 1657 2344 studium,

131 2367 195 2418 qui
230 2380 308 2404 rem
344 2380 386 2404 eo
425 2380 552 2417 usque,
589 2379 708 2417 neque
745 2366 823 2405 sine
857 2367 1060 2405 multorum
1099 2366 1255 2412 invidia,
1289 2379 1409 2416 neque
1436 2365 1548 2403 etiam
1577 2365 1656 2402 sine

130 2431 305 2482 perieulis
322 2435 600 2481 promoverunt,
618 2453 668 2459 —
688 2430 752 2468 sed
772 2431 939 2469 nondum
958 2434 1013 2469 est
1029 2430 1216 2469 sistendus
1235 2430 1386 2480 gradus,
1404 2430 1511 2481 quasi
1530 2429 1656 2466 omnia

133 2495 303 2533 confecta
339 2499 473 2534 essent.
528 2495 642 2532 Recte
677 2495 768 2532 facit
804 2498 907 2545 pater
941 2494 1163 2545 laudemque
1197 2498 1359 2532 meretur
1394 2492 1656 2544 proculdubio,

133 2560 164 2598 si
199 2559 316 2598 filiam
352 2560 547 2610 virginem,
584 2559 679 2596 dolis
715 2558 893 2596 lenonum
929 2559 976 2596 ad
1003 2572 1140 2608 ganeas
1167 2559 1263 2596 forte
1290 2558 1482 2609 abreptam
1508 2557 1657 2607 rituque

132 2626 206 2664 iam
233 2625 443 2664 meretricio
471 2629 653 2671 ornatam,
679 2624 853 2675 protinus
880 2624 986 2661 illinc
1012 2623 1162 2668 eximat,
1189 2623 1370 2660 incolumi
1396 2622 1518 2660 adhue
1544 2620 1654 2672 pudi-

135 2691 221 2730 citia
248 2692 359 2737 illius,
386 2692 497 2742 inque
526 2704 610 2727 suas
639 2703 787 2727 rursum
814 2689 931 2740 ipsius
958 2688 1066 2726 aedes
1095 2688 1266 2735 redueat3
1294 2709 1345 2716 —
1362 2687 1424 2725 sed
1446 2687 1544 2724 idem
1565 2685 1654 2722 satis

134 2768 211 2794 non
254 2769 334 2794 esse
375 2760 499 2806 putat,
531 2754 578 2791 ad
614 2753 791 2792 tuendam
825 2766 942 2798 suam,
976 2753 1147 2803 filiaeque
1182 2752 1295 2798 illius,
1331 2755 1367 2789 et
1402 2751 1517 2788 totius
1562 2748 1654 2786 adeo

134 2819 296 2857 familiae
333 2833 420 2857 suae
457 2819 704 2862 honestatem,
741 2817 921 2854 exemisse
948 2830 968 2854 e
994 2816 1122 2866 ganeis
1149 2816 1266 2853 filiam
1292 2816 1405 2866 inque
1433 2827 1518 2852 suas
1546 2812 1654 2850 aedes

135 2884 338 2931 reduxisse,
374 2884 446 2922 nisi
481 2884 536 2921 illi
572 2883 610 2920 id
646 2888 764 2921 totum
792 2882 901 2934 plane
929 2881 1110 2929 detrahat,
1138 2881 1237 2932 quod
1265 2881 1304 2918 in
1331 2880 1458 2930 ganeis
1485 2878 1559 2915 illis
1587 2889 1656 2928 pro
