1818 3178
741 157 989 186 PRAEFATIO.
1563 152 1631 180 LIX

102 268 143 309 in
190 268 278 308 eius
319 264 502 322 epistolis
533 264 681 305 obvius
715 272 775 306 est
820 264 948 314 locus,
983 261 1095 303 unde
1125 261 1340 310 docemur,
1375 260 1509 302 statim
1543 264 1637 315 post

105 354 228 381 suum
271 354 293 378 e
335 336 473 378 Dania
512 335 708 384 reditum,
752 334 852 376 dum
885 332 1044 375 Emdae
1076 331 1213 375 adhuc
1244 332 1512 382 retineretur,
1546 345 1637 386 rap-

104 411 177 453 tim
210 407 416 466 quaedam
452 407 806 448 consarcinavisse
835 405 1036 452 Laseum,
1069 418 1176 458 quae
1198 403 1275 445 sub
1298 404 1459 445 istineris
1489 403 1637 444 Daniei

105 485 239 540 sylvae
261 479 382 522 titulo
406 478 565 535 pluries
587 479 808 534 exscripta,
832 477 1003 519 editioni
1026 475 1196 532 quidem
1217 475 1434 527 destinata,
1455 474 1635 516 necdum

107 555 203 597 satis
235 551 440 609 perpolita
472 559 610 593 tamen
644 557 770 607 atque
802 548 992 592 absoluta
1023 555 1171 598 essent,
1196 556 1242 589 ut
1264 548 1413 589 merito
1434 547 1475 588 in
1498 546 1638 588 lucem

108 626 338 684 potuissent
370 624 552 681 prodire.
600 623 756 670 Locus,
787 637 910 677 quem
945 619 1054 671 volo,
1089 620 1248 677 legitur
1277 619 1319 661 in
1352 635 1416 676 ep.
1451 618 1502 661 ad
1533 618 1637 661 Bul-

108 698 320 756 lingerum
362 695 458 738 data
501 695 540 738 d.
574 696 598 737 3
631 694 781 736 Martii
813 693 938 742 1554,
974 690 1043 732 ubi
1077 692 1134 733 sic
1167 697 1335 733 noster:
1371 690 1531 738 uMitto
1563 705 1637 732 au·

112 794 133 819 ῃ
153 779 236 812 tem
268 769 383 811 vobis
415 768 564 810 silvam
597 766 756 808 itineris
787 764 931 815 nostri,
966 778 1102 819 usque
1133 762 1236 804 dum
1267 778 1290 804 a
1322 762 1441 819 Rege
1474 762 1638 804 Daniae

111 866 132 892 ,Ι
153 842 464 884 dimitteremur
619 837 851 893 Reliquum
895 837 1026 878 nostri
1068 835 1228 877 itineris
1259 833 1446 876 nondum
1480 833 1639 876 absolvi

112 938 132 963 ῃ
156 928 292 968 neque
334 911 550 955 absolvere
598 925 781 967 possum,
811 908 945 949 donec
978 907 1051 964 qui
1084 905 1223 948 adhue
1255 913 1353 948 sunt
1384 905 1559 962 dispersi
1589 904 1641 947 ad

115 1009 135 1033 η
160 1001 235 1027 nos
267 985 449 1027 veniant.
485 982 701 1023 Martinus
733 980 971 1022 Micronius
1002 985 1143 1020 noster
1175 992 1272 1019 cum
1304 977 1413 1019 bona
1430 977 1643 1019 Ecclesiae

113 1080 134 1105 n
158 1064 324 1099 nostrae
370 1062 488 1112 parte
533 1061 594 1095 est
637 1052 906 1102 Wismariae‚
1058 1049 1129 1092 alii
1175 1057 1272 1091 sunt
1322 1047 1533 1098 Lubecae,
1574 1048 1644 1090 alii

113 1154 134 1179 η
162 1129 420 1186 Hamburgi,
452 1126 522 1169 sed
555 1126 673 1167 brevi
703 1125 788 1167 huc
821 1124 989 1166 venturi
1022 1122 1211 1166 omneS.'’
1246 1122 1278 1178 ¹)
1333 1121 1440 1174 Quis
1471 1120 1644 1178 negabit

111 1202 263 1244 merito
304 1216 354 1242 ex
391 1200 453 1242 his
486 1197 621 1239 verbis
655 1197 762 1239 effici
796 1198 854 1240 ]0.
890 1195 1187 1251 conscripsisse
1215 1193 1400 1236 Lascum
1433 1193 1642 1245 libellum,

111 1288 194 1328 quo
245 1271 405 1313 itineris
452 1269 607 1312 Danici
655 1268 898 1310 aerumniae
950 1266 1305 1323 expenderentur,
1361 1268 1420 1309 20.
1471 1265 1645 1306 missum

112 1345 237 1387 fuisse
278 1344 357 1386 hoc
399 1342 651 1400 opusculum
695 1341 747 1383 ad
779 1340 1097 1397 Bullingerum,
1132 1347 1172 1381 et
1205 1340 1265 1382 30.
1298 1338 1529 1380 substitisse
1559 1337 1644 1380 La-

111 1434 229 1461 scum
274 1418 315 1459 in
358 1431 456 1459 suae
500 1415 713 1457 Ecclesiae
746 1413 839 1456 fatis
871 1411 1134 1464 enarrandis,
1168 1411 1238 1453 ubi
1271 1412 1321 1453 ad
1353 1411 1479 1453 finem
1511 1426 1646 1466 usque

111 1489 403 1540 enarravisset,
436 1502 543 1542 quae
574 1487 615 1528 in
648 1486 738 1542 ipso
771 1485 934 1527 Daniae
967 1499 1104 1541 regno
1137 1484 1276 1525 miseri
1309 1483 1476 1525 exsules
1509 1490 1647 1525 essent

112 1562 312 1621 perpessi.
374 1560 538 1615 Reapse
570 1557 756 1600 libellum
792 1572 914 1598 suum
948 1555 1104 1612 publici
1135 1555 1239 1597 iuris
1270 1555 1412 1597 fecisse
1442 1554 1643 1605 Lascum,

110 1636 197 1693 ipse
227 1634 506 1690 Bullingerus
538 1646 614 1673 nos
646 1631 756 1672 hisce
788 1629 987 1671 certiores
1020 1628 1118 1670 facit
1149 1626 1308 1669 verbis:
1345 1628 1540 1684 ssSylvam
1571 1628 1644 1669 ibe-

115 1730 135 1756 η
159 1706 265 1748 neris
310 1703 433 1747 vestri
480 1717 563 1744 non
605 1700 856 1756 recepimus,
905 1699 982 1741 nisi
1016 1698 1128 1754 quod
1176 1697 1331 1740 Gallus
1363 1697 1549 1752 quidam,
1582 1697 1648 1739 vir

118 1802 138 1827 u
161 1779 257 1835 pius
288 1785 328 1819 et
358 1790 589 1833 generosus
622 1773 698 1816 hac
730 1772 935 1815 transiens
967 1771 1128 1827 copiam
1163 1771 1315 1812 nostris
1346 1769 1648 1812 transscriben-

119 1874 138 1899 ῃ
164 1850 206 1892 di
251 1849 391 1891 fecit.”
426 1848 459 1906 2)
527 1851 597 1890 An
642 1846 872 1888 etiamnum
921 1844 1045 1886 huius
1092 1843 1234 1900 sylvae
1267 1842 1485 1899 exemplar
1518 1857 1648 1884 manu

115 1922 315 1978 scriptum
348 1919 541 1975 supersit,
577 1918 730 1960 nescio.
765 1917 920 1959 Latere
952 1924 1088 1972 potest
1120 1916 1160 1956 in
1191 1915 1388 1957 Archivis
1410 1914 1644 1971 Tigurinis,

117 2001 250 2051 potest
280 1993 475 2042 Breinae,
508 1991 553 2041 si,
588 1989 699 2045 quod
733 2004 857 2030 nemo
889 1988 962 2030 ibit
994 1987 1160 2040 infitias,
1193 1987 1245 2030 ad
1270 1986 1646 2044 Hardenbergium

117 2080 284 2122 quoque
316 2064 404 2105 eius
436 2062 654 2118 exemplar
687 2061 844 2103 miserit
873 2061 897 2101 a.
929 2058 1079 2101 Lasco.
1122 2058 1192 2101 Ad
1226 2059 1339 2100 hunc
1373 2074 1505 2115 usque
1536 2058 1644 2101 diem

116 2139 175 2180 nil
223 2135 427 2179 eiusmodi
470 2142 607 2176 tamen
662 2134 702 2174 in
755 2133 959 2175 alterutra
1006 2131 1110 2174 urbe
1156 2140 1328 2173 erutum
1376 2137 1649 2188 repertumve

116 2219 190 2252 est.
253 2207 297 2251 Si
343 2222 442 2249 vero
484 2206 724 2247 coniectura
765 2205 805 2246 in
854 2220 899 2246 re
945 2203 1070 2245 dubia
1103 2203 1243 2245 locum
1278 2202 1464 2245 obtinere
1496 2209 1646 2259 potest,

119 2281 264 2324 nullus
308 2277 501 2335 equidem
546 2275 745 2326 dubitem,
794 2275 834 2316 in
878 2275 966 2330 ipso
1023 2273 1255 2316 Utenhovii
1306 2273 1448 2314 libello
1498 2275 1650 2328 sylvam

117 2350 234 2392 illam
267 2347 383 2390 nobis
415 2361 502 2387 esse
532 2343 831 2387 absconditam.
869 2342 973 2394 Cur,
1009 2357 1177 2399 quaeso,
1214 2349 1305 2384 acta
1336 2342 1487 2398 egisset
1519 2340 1652 2384 Uten-

120 2422 280 2471 hovius,
325 2427 365 2461 et
410 2434 485 2460 suo
528 2423 660 2458 marte
701 2415 838 2457 denuo
881 2415 1202 2472 compilavisset,
1237 2429 1342 2469 quae
1375 2414 1454 2455 iam
1489 2412 1647 2456 dudum

121 2504 243 2537 antea
290 2493 445 2547 scripto
497 2487 770 2531 mandaverat
818 2488 841 2528 ὲ.
872 2487 1023 2538 Lasco,
1060 2487 1179 2528 cuius
1207 2485 1440 2542 plurimum
1474 2484 1653 2527 faciebat

119 2566 206 2622 ipse
238 2561 568 2606 auctoritatem?
604 2557 730 2601 Unde
763 2573 890 2614 porro
922 2557 1001 2599 nisi
1033 2572 1084 2599 ex
1115 2556 1322 2613 ipsissimo
1355 2555 1479 2598 Lasci
1508 2555 1652 2597 libello

121 2651 278 2686 rerum,
323 2649 429 2690 quae
462 2639 578 2673 actae
611 2636 758 2681 essent,
793 2630 982 2672 notitiam
1015 2628 1090 2671 sibi
1119 2630 1164 2670 in
1195 2627 1374 2670 Polonia
1405 2627 1651 2684 praesertim

119 2704 422 2749 accuratiorem
466 2698 825 2755 comparavisset?
889 2697 980 2741 Cur
1016 2699 1104 2755 ipse
1134 2698 1157 2739 a
1187 2696 1327 2740 Lasco
1358 2696 1652 2739 Utenhovium

167 2898 192 2936 ¹)
217 2896 319 2927 LASCI
345 2894 457 2936 Opera,
482 2892 552 2924 Vol.
579 2892 619 2923 ll.
643 2890 713 2923 607.

162 2949 189 2989 2)
215 2947 396 2985 GABBEMA,
423 2945 478 2987 Ιὴι.
504 2945 582 2976 clas.
608 2942 754 2980 mirorum,
781 2952 810 2984 p.
837 2941 909 2974 112.
