1818 3178
192 109 264 144 266
722 111 834 138 runo.
868 109 956 136 MIN.
988 107 1181 135 FRANcor.

189 217 290 256 mine
316 218 495 255 elementa
524 227 658 251 coenae
684 213 778 263 ipsa,
809 224 942 262 panem
969 210 1126 260 inquam
1152 213 1188 247 et
1215 210 1356 255 vinum,
1380 210 1543 259 intelligi
1570 211 1714 257 volunt,

189 282 296 332 quasi
330 294 415 318 vero
443 291 582 322 mensa,
617 280 680 314 aut
709 289 845 313 coenae
869 275 949 325 ipsa
978 273 1145 318 Domini,
1172 273 1274 311 aliud
1301 274 1396 312 nihil
1424 274 1483 319 sit,
1509 287 1621 324 quam
1645 288 1713 325 pa-

189 347 246 385 nis
281 347 359 396 ipse
392 348 455 381 aut
490 343 637 387 vinum;
673 354 758 377 cum
795 341 925 377 Canon
961 339 1118 390 ipsemet
1153 342 1316 376 mentem
1354 343 1521 376 nostram
1557 339 1604 376 ab
1638 340 1713 377 ele-

187 411 322 449 mentis
356 409 430 446 illis
464 408 504 444 in
540 407 656 444 altum
693 404 849 442 subvehi
883 417 948 454 per
984 403 1095 440 fidem
1130 406 1166 440 et
1201 403 1248 440 ad
1286 408 1453 441 sanctam
1491 403 1641 441 interim
1669 417 1712 441 ac

188 475 349 512 divinam
388 484 553 509 mensam
587 470 690 506 illam
715 482 868 519 prorsus
895 468 1080 505 intentam
1108 480 1188 504 esse
1215 467 1317 505 velit.
1370 467 1470 505 Eant
1496 467 1571 504 iam
1597 467 1716 517 igitur

186 541 416 575 accusatores
444 533 565 572 nostri
592 539 627 571 et
655 547 692 570 se
712 534 796 581 (59)
825 533 1032 582 Apologiae
1060 531 1259 568 autoritate
1286 535 1473 576 tueantur,
1499 545 1593 582 quae
1614 545 1716 576 sane,

187 603 275 639 dum
311 614 348 637 se
384 599 494 636 huius
533 598 697 635 Canonis
734 597 944 634 doctrinam
981 595 1084 646 sequi
1122 595 1256 632 diserte
1283 599 1452 642 testatur,
1477 599 1556 633 tam
1583 597 1714 647 procul

188 666 291 703 abest
319 663 417 701 haud
447 662 558 700 dubie
585 662 631 699 ab
661 665 921 699 accusatorum
949 664 1164 698 nostrorum
1193 660 1433 709 dogmatibus
1453 662 1718 707 controversis,

186 742 296 779 quam
323 727 453 778 procul
482 726 693 763 doctrinam
721 725 830 762 huius
860 724 1024 762 Canonis
1051 725 1098 761 ab
1126 724 1201 761 illis
1229 724 1358 761 abesse
1387 727 1546 763 constat.

237 793 292 830 De
321 792 450 841 Cyrilli
477 791 693 828 testimonio
721 791 860 827 frustra
887 789 999 826 etiam
1028 789 1101 826 sibi
1130 788 1190 825 hic
1216 793 1450 826 accusatores
1478 789 1598 826 nostri
1616 790 1714 826 mul-

185 862 222 896 ta
263 857 498 908 pollicentur.
554 856 645 904 Agit
689 855 767 892 illic
805 855 965 904 Cyl-illus
1002 853 1178 891 adversus
1214 866 1290 897 eos,
1327 853 1392 903 qui
1427 857 1592 891 nostram
1630 867 1714 891 cum

188 922 335 959 Christo
371 921 534 958 Domino
571 925 606 958 et
638 919 740 957 illius
777 919 972 957 nobiscum
1017 917 1317 955 communionem
1353 918 1433 955 sola
1470 918 1621 969 spiritus
1658 918 1715 956 sui

186 1000 228 1024 ac
274 987 458 1024 donorum
492 985 609 1036 ipsius
644 984 942 1036 participatione,
978 997 1054 1021 non
1091 987 1212 1020 autem
1251 983 1414 1020 naturali
1449 983 1574 1029 etiam,
1607 983 1715 1021 iuxta

184 1055 357 1090 naturam
393 1050 638 1088 humanitatis
665 1054 827 1095 nostrae,
856 1049 1031 1086 societate
1060 1053 1231 1085 constare
1259 1048 1405 1087 docent.
1459 1048 1508 1086 Et
1536 1048 1715 1099 quoniam

187 1130 232 1154 ex
264 1117 409 1168 prolata
444 1115 508 1152 illa
544 1115 588 1152 de
614 1115 688 1152 vite
723 1119 759 1152 et
786 1114 1002 1165 palmitibus
1031 1113 1275 1151 similitudine
1302 1126 1391 1151 suae
1420 1113 1613 1151 doctrinae
1639 1113 1714 1150 ful-

187 1194 290 1218 crum
317 1180 374 1217 illi
400 1179 588 1230 petebant,
614 1178 773 1230 primum
803 1178 965 1216 ostendit
994 1178 1169 1228 Cyrillus,
1196 1191 1238 1215 ea
1264 1178 1346 1228 ipsa
1367 1177 1612 1215 similitudine
1629 1178 1717 1215 vitis

185 1249 220 1282 et
246 1244 454 1294 palmitum,
481 1243 606 1280 doceri
635 1248 801 1280 nostram
830 1255 913 1279 cum
942 1243 1091 1279 Christo
1120 1242 1297 1287 Domino,
1325 1247 1361 1280 et
1388 1242 1488 1279 illius
1517 1242 1716 1280 nobiscum

186 1309 500 1354 communionem,
533 1320 609 1345 non
638 1308 789 1358 spiritus
819 1307 876 1344 sui
902 1312 1048 1344 tantum
1077 1307 1335 1358 donorumque
1362 1307 1476 1353 illius,
1513 1307 1576 1346 sed
1603 1307 1716 1345 unius

183 1378 294 1424 atque
320 1373 483 1410 eiusdem
512 1376 666 1409 naturae
693 1372 803 1409 etiam
830 1377 981 1409 nostrae
1009 1371 1192 1408 humanae
1219 1372 1505 1422 participatione
1533 1375 1715 1409 constare.

186 1440 270 1484 (60)
300 1437 442 1474 Deinde
471 1449 607 1473 coenae
635 1448 781 1486 quoque
810 1435 1029 1472 Dominicae
1055 1435 1271 1472 testimonio
1299 1435 1337 1472 id
1367 1435 1494 1472 doceri
1523 1435 1586 1473 ait.

235 1505 360 1551 Atque
405 1500 505 1550 quod
550 1500 595 1537 ad
634 1500 718 1536 vitis
755 1504 789 1536 et
825 1499 1022 1549 palmitum
1058 1499 1342 1537 similitudinem
1379 1500 1524 1545 attinet,
1559 1500 1716 1550 ipsemet

187 1580 265 1604 sese
298 1566 408 1616 paulo
445 1569 529 1615 post
565 1564 724 1614 explicat
752 1564 881 1601 eodem
908 1563 989 1613 ipso
1020 1564 1150 1614 capite.
1207 1563 1351 1614 Nempe
1378 1563 1575 1601 identitate
1602 1567 1714 1602 natu⁴

185 1645 247 1669 rae
282 1634 443 1674 nostrae,
479 1642 590 1679 quam
627 1642 647 1666 a
683 1628 793 1665 nobis
830 1628 970 1678 alioqui
997 1628 1153 1679 accepit,
1179 1627 1218 1664 id
1246 1628 1339 1672 fieri,
1365 1632 1407 1664 ut
1437 1628 1607 1665 Christus
1636 1628 1714 1666 Do-

186 1696 310 1733 minus
346 1695 432 1732 vitis
469 1699 595 1732 nostra
632 1706 773 1743 nosque
806 1693 908 1730 illius
946 1693 1117 1743 palmites
1146 1692 1273 1737 simus,
1302 1705 1378 1729 non
1408 1692 1594 1743 spirituali
1628 1697 1715 1731 tan-

186 1765 279 1804 tum,
315 1759 377 1797 sed
412 1759 522 1797 etiam
558 1758 720 1795 naturali
757 1757 1033 1795 coniunctione.
1091 1757 1195 1795 Quid
1234 1770 1319 1794 vero
1355 1757 1447 1794 haec
1481 1757 1528 1794 ad
1567 1770 1714 1795 causam

187 1830 402 1863 nostrorum
438 1827 708 1869 accusatorum,
745 1836 828 1859 eum
863 1836 905 1859 ea
939 1822 983 1860 de
1021 1836 1059 1860 re
1096 1823 1199 1859 nulla
1228 1822 1276 1860 sit
1305 1823 1588 1860 controversia?
1641 1823 1712 1860 Sed

187 1892 350 1940 praestat
379 1888 508 1938 Cyrilli
533 1887 650 1938 ipsius
678 1887 788 1924 verba
816 1886 1062 1931 subscribere,
1090 1899 1183 1937 quae
1212 1887 1263 1923 sic
1291 1886 1453 1924 habent:

242 1953 365 1989 nCur
390 1952 546 2000 igitur
574 1950 831 1988 secundum
863 1963 1053 1988 carnem
1088 1951 1321 2001 palmites
1357 1964 1442 1988 nos
1479 1950 1576 1988 diei
1610 1964 1714 2001 per-

190 2017 392 2066 nnegat?
430 2019 498 2053 An
527 2029 620 2053 non
650 2014 998 2052 convenienter
1036 2015 1133 2052 dici
1170 2019 1355 2066 potest,
1382 2015 1528 2052 vitem
1557 2015 1713 2052 huma-

191 2081 426 2118 unitatem
461 2080 563 2117 eius
591 2093 692 2117 esse
728 2083 771 2116 et
805 2092 891 2116 nos
918 2079 1142 2129 palmites
1169 2082 1370 2129 propter
1395 2078 1713 2116 identitatem

191 2146 451 2185 unatui'ae?
481 2144 709 2181 Eiusdem
747 2143 872 2181 enim
898 2148 1102 2180 naturae
1131 2143 1247 2180 vitis
1275 2148 1318 2180 et
1344 2143 1563 2194 palmites
1593 2148 1713 2181 sunt.

192 2211 297 2247 alta
339 2214 382 2247 et
433 2209 774 2260 spiritualiter
821 2212 862 2246 et
904 2208 1235 2259 corporaliter
1273 2221 1357 2245 nos
1398 2208 1627 2258 palmites
1669 2213 1714 2246 et

193 2275 453 2312 uChristus
483 2274 602 2311 vitis
631 2273 743 2311 est.''

241 2338 345 2375 Haec
382 2338 554 2387 Cyrillus.
609 2338 687 2374 Ubi
722 2350 808 2375 vero
844 2337 1039 2375 ostendere
1074 2338 1164 2381 vult,
1202 2351 1338 2374 coenae
1374 2350 1441 2375 nos
1469 2337 1579 2374 etiam
1605 2337 1712 2375 testi-

188 2403 315 2440 monio
353 2404 436 2449 (61)
483 2402 626 2447 doceri,
664 2415 732 2439 nos
770 2401 919 2439 Christo
957 2402 1120 2439 Domino
1158 2406 1193 2439 et
1231 2402 1338 2438 illum
1382 2402 1492 2439 nobis
1536 2401 1714 2446 vicissim,

189 2480 265 2504 non
303 2467 452 2516 spiritus
489 2470 647 2511 tantum,
676 2466 739 2503 sed
767 2470 921 2503 naturae
948 2467 1059 2503 etiam
1087 2466 1271 2504 humanae
1297 2465 1592 2517 participatione,
1620 2478 1711 2502 con-

189 2533 356 2568 iunctum
393 2543 482 2573 esse,
511 2531 683 2567 virtutem
710 2530 829 2580 ipsam
856 2530 1033 2580 mysticae
1062 2531 1334 2568 benedictionis
1361 2534 1480 2578 urget,
1515 2543 1608 2580 quae
1636 2531 1710 2568 vir-

188 2600 262 2639 tus,
300 2596 388 2632 dum
425 2609 461 2631 se
495 2595 533 2631 in
572 2595 680 2632 nobis
718 2600 846 2632 autore
883 2596 1016 2646 spiritu
1054 2599 1182 2633 saneto
1218 2596 1270 2633 ita
1310 2596 1437 2639 exerit,
1472 2598 1513 2633 ut
1540 2595 1644 2632 illam
1670 2596 1710 2633 in

191 2660 363 2697 cordibus
399 2672 462 2709 per
498 2659 608 2695 fidem
645 2659 867 2705 sentiamus,
904 2660 994 2696 facit
1027 2661 1157 2710 procul
1194 2660 1321 2704 dubio,
1356 2664 1397 2697 ut
1435 2659 1626 2696 Christum
1672 2660 1711 2697 in

189 2725 298 2762 nobis
345 2723 465 2761 carnis
515 2723 624 2759 ctiam
670 2736 755 2760 suae
807 2724 982 2761 societate
1027 2725 1287 2762 communione
1338 2737 1382 2761 ac
1425 2723 1711 2774 participatione

190 2788 430 2838 corporaliter
467 2787 632 2824 habitare
669 2800 743 2824 non
781 2788 1005 2826 dubitemus.
1062 2789 1165 2826 Quid
1203 2802 1287 2826 vero
1322 2793 1357 2826 et
1385 2789 1455 2825 hoe
1483 2788 1528 2825 ad
1559 2801 1708 2826 causam

188 2856 444 2891 accusatorum
473 2852 714 2889 nostrorum?
742 2856 998 2902 praeterquam
1027 2853 1057 2890 si
1086 2853 1137 2891 ita
1164 2853 1379 2891 ratiocinari
1407 2853 1556 2891 volunt:
