1818 3178
208 72 281 109 232
560 76 613 104 m:
639 72 923 103 SAGRAMENTIS
951 73 1165 102 mccmsnn
1192 74 1370 103 cmusn.

211 184 342 218 contra
376 180 475 228 leges
512 176 703 215 eharitatis
738 179 774 214 et
807 175 996 213 societatis
1033 175 1265 214 Christianae
1299 175 1573 214 dissideremus.
1627 176 1734 215 Haec

209 245 265 282 ita
289 245 443 294 inquam
469 241 612 290 egimus
638 240 776 284 omnia,
801 243 838 277 et
863 238 1006 288 egimus
1032 238 1133 277 bona
1158 239 1232 278 fide
1256 252 1324 291 pro
1353 242 1481 278 nostra
1506 240 1736 287 infirmitate,

213 309 253 346 id
279 307 384 345 novit
410 305 608 343 Dominus.

248 371 362 410 Quod
396 372 574 420 superest,
609 368 729 406 Deum
755 367 910 418 supplex
937 379 1015 414 oro,
1041 370 1083 405 ut
1109 367 1235 406 omnia
1262 368 1454 407 doctrinae
1489 367 1645 407 dissidia
1671 381 1736 420 per

211 436 383 487 spiritum
428 437 599 472 sanctum
634 445 741 471 suum
775 435 988 483 componat,
1023 444 1226 483 omnesque
1262 445 1343 480 nos,
1379 432 1444 485 qui
1479 432 1582 470 illius
1615 431 1735 470 filium

212 499 446 549 unigenitum
482 497 633 536 unicum
668 510 795 535 verum
832 509 1019 535 summum
1045 499 1155 548 atque
1181 500 1370 535 aeternum
1399 501 1568 536 nostrum
1595 498 1737 548 Regem

211 562 426 606 Doctorem‚
451 574 495 599 ao
520 560 741 599 Pontificem
768 574 859 606 esse,
885 573 930 598 ex
957 559 1083 597 animo
1110 560 1294 598 credimus
1321 565 1357 599 et
1384 561 1571 608 docemus,
1596 574 1737 613 proque

213 625 377 664 nominis
404 625 460 663 sui
486 624 668 663 adorandi
696 624 932 662 confessione
959 627 1096 661 certam
1122 623 1164 661 in
1190 624 1329 662 mundo
1359 625 1430 662 hoo
1456 625 1656 672 lanienam,
1671 638 1737 663 ve-

211 690 269 728 lut
305 702 392 727 oves
427 689 646 727 mactationi
681 688 931 737 destina-(fol.
960 688 1146 736 140b)tae,
1180 701 1246 739 per
1280 689 1441 738 gratiam
1468 689 1538 727 Dei
1564 694 1731 741 expecta·

212 767 308 797 mus,
342 757 399 790 ut·
418 765 488 790 nos
524 765 664 799 omnes,
698 753 865 803 inquam,
900 752 1051 803 spiritus
1087 752 1146 790 sui
1181 752 1330 790 vinculo
1365 752 1417 790 ita
1455 754 1658 799 consociet,
1683 757 1730 798 ui,

214 817 362 855 omissis
389 816 529 855 nostris
557 816 748 854 affectibus
775 815 1066 867 posthabitaque
1092 818 1232 861 nostra,
1259 827 1354 866 quae
1379 815 1483 853 nulla
1509 820 1578 860 est,
1603 816 1730 865 glorin,

210 882 321 920 illum
357 881 477 919 solum
512 880 736 919 unanimiter
772 880 983 918 coniunctis
1019 879 1130 917 simul
1165 879 1262 918 votis
1289 880 1429 917 nostris
1456 880 1632 918 omnibus
1660 879 1729 918 001-

212 945 418 992 laudemus,
450 949 701 996 testemurque
736 948 865 983 nostra
896 945 1062 996 ipsorum
1098 943 1376 990 coniunctione,
1401 944 1523 983 Deum
1549 958 1633 983 vere
1659 957 1730 983 esse

213 1010 335 1048 Deum
369 1014 540 1048 nostrum
575 1015 610 1048 et
646 1023 715 1048 nos
750 1010 928 1061 populum
964 1009 1078 1056 illius,
1111 1010 1293 1060 sanguine
1318 1009 1389 1047 filii
1416 1010 1475 1048 sui
1500 1010 1730 1061 acquisitun.

215 1075 285 1113 Cui
318 1089 395 1113 una
431 1088 515 1113 cum
549 1075 657 1114 Patre
693 1088 758 1113 suo
796 1079 945 1113 aeterno
982 1079 1017 1113 et
1053 1078 1183 1113 sancto
1219 1074 1486 1127 adorandoque
1520 1075 1655 1128 spiritu
1683 1073 1731 1112 sit

216 1139 336 1177 honor
363 1140 444 1178 laus
470 1143 507 1178 et
533 1139 653 1189 gloria
678 1139 720 1178 in
746 1143 948 1178 aeternum.
976 1140 1110 1178 Amen.
1138 1141 1268 1188 (141³)

269 2533 320 2581 [a
345 2532 456 2568 Lasco
490 2531 607 2568 libello
633 2543 697 2568 suo
722 2531 934 2578 adjunxerat
960 2555 977 2573 ,
992 2535 1236 2572 Conseasionem
1260 2539 1402 2571 mutuam
1426 2535 1462 2569 ia
1485 2545 1521 2568 re
1545 2532 1738 2569 Sacramen-

222 2596 312 2630 turia
342 2593 570 2628 Minislrorum
606 2594 784 2640 Tiqurinae
816 2594 995 2638 Ecclesiae,
1020 2599 1053 2631 et
1075 2597 1118 2631 D.
1144 2597 1286 2632 Jocmm‘s
1312 2596 1443 2632 Caluini
1466 2593 1611 2629 ministri
1637 2593 1738 2627 Gene-

220 2655 325 2690 vensis
351 2652 551 2694 Ecclesiae”,
578 2655 618 2688 ut
643 2665 738 2688 suam
765 2665 906 2700 quoque
931 2667 1008 2690 011111
1035 2655 1232 2692 Helveticis
1257 2655 1461 2692 doctoribus
1477 2653 1738 2690 consensionem

220 2713 331 2761 palam
363 2715 604 2748 attestaretur.
653 2713 727 2748 Nos
759 2725 832 2749 eam
867 2715 1094 2752 omittendam
1129 2716 1304 2760 duximus,
1331 2716 1458 2763 quippe
1483 2726 1571 2762 quae
1597 2716 1633 2749 01,
1657 2712 1739 2750 alibi

222 2773 290 2824 legi
315 2775 433 2822 queat,
458 2775 495 2809 et
518 2771 560 2808 ad
585 2772 686 2809 Lasci
712 2785 815 2822 opera
839 2787 983 2824 prorsus
1008 2789 1079 2813 non
1104 2776 1287 2827 pertinen]
