1818 3178
199 73 272 109 294

205 181 527 233 Respondebimus
550 185 605 221 illi

202 245 318 295 igitur
364 251 399 284 et
451 247 600 284 notulas

205 323 444 347 numerorum
471 310 602 360 singu-

203 374 248 411 lis
265 375 521 424 responsionis
534 388 603 412 no-

201 441 298 474 strae
325 437 508 488 capitibus
531 439 597 476 ad-

203 501 342 547 demus,
402 506 445 540 ut
497 503 590 540 faci-

198 564 271 601 lius
307 570 493 616 appareat,
526 567 571 605 ad
616 582 798 619 quaenam
834 572 1136 622 respondeamus
1192 577 1226 614 1.
1267 577 1443 617 Localem
1476 581 1724 621 inclusionem

201 629 365 678 corporis
404 629 542 668 Christi
568 628 606 668 iii
633 645 728 683 pane
758 634 903 672 Coenae
931 649 951 673 a
980 636 1197 688 Westphalo
1227 643 1418 690 constitui,
1447 658 1636 697 nunquam
1664 656 1724 686 me

198 690 337 729 dixisse
364 694 527 732 memini.
574 695 699 733 Quare
725 703 789 735 aut
815 699 941 736 locum
968 700 1108 739 indicet
1135 703 1174 740 in
1203 710 1330 747 nostra
1358 707 1722 762 Purgatioue‚quam

197 756 361 804 sugillat,
395 758 546 796 ubinam
576 760 613 797 id
647 761 757 804 facio.
784 767 847 800 aut
873 764 913 800 in
942 766 1134 804 mendacio
1163 768 1317 818 ipsemet
1350 771 1508 818 haereat,
1537 775 1638 813 cuius
1665 790 1724 814 me

195 820 319 865 toties,
363 823 520 860 mendax
561 824 651 875 ipse,
678 831 839 865 accusat.
895 828 1081 879 Impugno
1111 832 1261 882 quidem
1296 847 1364 883 ego
1393 836 1548 875 localem
1577 852 1722 878 omnem

196 885 362 934 corporis
400 886 539 924 Christi
565 887 602 925 in
631 902 725 939 pane
754 891 898 929 Coenae
924 893 1184 942 inclusionem,
1211 898 1380 949 quisquis
1408 901 1512 938 illam
1539 903 1622 950 (fol.
1652 907 1719 952 39)

192 948 344 986 taudem
373 963 492 1000 quovc
520 965 666 1003 cunque
693 954 779 991 item
806 957 917 994 modo
948 962 1098 998 statuat.
1153 960 1248 998 Eam
1272 976 1384 1012 porro
1412 964 1498 1003 licet
1526 980 1545 1003 a
1574 981 1612 1005 se
1639 982 1719 1005 mo-

195 1012 251 1049 dis
295 1014 468 1052 omnibus
512 1016 662 1065 abigere
700 1018 938 1070 Westphalus
976 1027 1142 1069 conetur,
1180 1025 1267 1062 dum
1300 1027 1519 1067 immensam
1556 1034 1721 1083 corporis

196 1076 337 1114 Christi
362 1077 632 1129 ubiqueitatem
660 1083 839 1121 somniat:
869 1089 992 1123 tamen
1030 1100 1113 1124 cum
1142 1089 1245 1126 illam
1274 1104 1393 1141 neque
1421 1094 1638 1144 scripturae,
1657 1111 1721 1135 ne-

192 1153 263 1190 que
298 1141 387 1178 item
424 1147 587 1181 veterum
623 1146 847 1184 testimoniis
875 1150 1080 1200 approbare
1109 1165 1192 1190 vere
1219 1159 1357 1204 potest,
1384 1157 1521 1195 efficere
1547 1158 1654 1196 illum
1680 1161 1718 1198 id

191 1216 275 1240 cum
311 1205 386 1242 suis
413 1206 587 1245 omnibus
617 1221 838 1260 nonlposse
876 1212 972 1257 dico,
1000 1219 1040 1251 ut
1066 1215 1224 1254 localem
1253 1217 1350 1255 hanc
1377 1220 1623 1260 inclusionem
1653 1238 1717 1262 scu

189 1270 459 1308 connexionem
499 1272 576 1308 ullo
612 1273 724 1310 modo
762 1276 948 1321 excludat,
984 1279 1058 1316 nisi
1099 1281 1129 1317 si
1165 1286 1361 1334 utramque
1396 1286 1583 1325 exclusam
1614 1289 1715 1328 velit.

189 1333 344 1371 Nullam
387 1336 486 1372 enim
528 1337 639 1374 aliam
684 1340 838 1377 omnino
876 1343 952 1379 sive
988 1343 1027 1381 in
1065 1346 1166 1382 coelo
1205 1348 1347 1385 sivein
1385 1354 1481 1388 terra
1519 1352 1628 1390 ullius
1664 1354 1717 1392 rei

184 1399 430 1448 praesentiam
460 1413 613 1452 usquam
642 1403 752 1441 nobis
781 1405 892 1443 verbo
921 1407 991 1445 Dei
1018 1410 1205 1459 proditam
1235 1412 1426 1459 habemus,
1453 1416 1526 1453 nisi
1552 1422 1616 1455 aut
1642 1418 1715 1456 im·

185 1476 363 1507 mensam,
406 1478 499 1515 quae
543 1467 613 1503 soli
650 1467 831 1507 duntaxat
876 1471 955 1509 Deo
1002 1473 1040 1510 in
1083 1474 1241 1514 Divinae
1278 1478 1433 1517 henadis
1472 1494 1557 1519 suae
1593 1484 1714 1522 triade

183 1527 333 1577 propria
369 1533 436 1572 est,
469 1535 532 1567 aut
568 1531 735 1577 localem,
771 1547 883 1583 quam
911 1537 1084 1575 omnibus
1112 1539 1151 1576 in
1182 1541 1393 1579 universum
1424 1546 1605 1594 creaturis
1631 1547 1710 1585 sine

182 1591 400 1640 exceptione
437 1593 511 1629 ulla
548 1607 781 1634 communem
818 1611 897 1636 esse
933 1600 1048 1647 (inter
1083 1616 1175 1653 quas
1203 1618 1291 1642 sane
1318 1610 1353 1643 et
1383 1607 1522 1646 Christi
1552 1609 1711 1649 Domini

185 1667 317 1706 corpus
355 1661 609 1707 numeramus)
644 1664 678 1697 et
714 1661 988 1712 Scripturarum
1023 1671 1058 1703 ct
1094 1667 1269 1707 Veterum
1299 1672 1467 1709 omnium
1495 1674 1709 1714 testimonio

182 1725 340 1759 constat.
394 1724 428 1759 2.
468 1723 609 1761 Nostra
645 1725 740 1763 nihil
776 1728 888 1765 refert
925 1730 1030 1777 scire,
1066 1732 1155 1782 quid
1194 1733 1431 1785 Westphalus
1469 1743 1503 1775 et
1539 1739 1597 1776 sui
1626 1753 1708 1779 cum

178 1785 339 1836 Papistis
375 1792 501 1836 agant,
536 1789 648 1826 modo
685 1804 731 1828 ne
766 1791 1018 1832 idololatriam
1055 1796 1279 1847 Papisticam
1316 1800 1487 1839 doctriua
1526 1817 1592 1840 sua
1630 1818 1706 1843 non

179 1852 258 1886 tam
293 1851 499 1897 sustulisse,
534 1866 645 1903 quam
681 1855 805 1905 potius
832 1862 976 1895 mutare
1004 1861 1165 1898 voluisse
1195 1862 1402 1904 videantur.
1457 1869 1491 1904 3.
1522 1867 1705 1918 Equidem

179 1914 272 1951 nulli
311 1915 501 1953 homiuum
540 1917 680 1956 addicti
714 1919 765 1957 ita
794 1934 933 1967 sumus,
960 1927 1002 1961 ut
1028 1924 1124 1962 inter
1151 1927 1230 1964 cius
1258 1929 1416 1966 asseclas
1446 1934 1587 1970 conseri
1615 1935 1705 1972 veli-

178 1991 271 2016 mus.
320 1978 446 2017 Unum
475 1981 574 2018 enim
602 1995 643 2019 ac
671 1984 792 2021 solum
822 1985 1011 2025 Christum
1039 1988 1245 2028 Dominum
1277 1992 1504 2043 Magistrum
1534 2004 1705 2036 nostrum

177 2043 426 2090 agnoscimus,
462 2045 502 2081 in
540 2047 644 2083 cuius
675 2048 791 2085 solius
818 2063 954 2088 nomen
982 2052 1094 2089 etiam
1122 2054 1302 2105 baptizati
1333 2071 1474 2098 sumus.
1530 2061 1600 2099 Sed
1629 2063 1704 2100 Be-

174 2106 383 2155 rengarium
413 2108 523 2146 nobis
550 2109 587 2146 in
618 2110 686 2148 hac
712 2112 947 2162 potissimum
979 2128 1088 2154 causa
1117 2119 1275 2169 adiungi
1301 2123 1499 2172 patiemur,
1519 2112 1702 2176 siduidem

174 2184 249 2208 non
277 2172 375 2209 aliud
407 2173 545 2218 docuit,
571 2189 681 2225 quam
711 2178 809 2227 quod
837 2178 934 2216 inter
961 2181 1038 2219 cius
1066 2183 1277 2233 fragmenta
1304 2187 1402 2238 apud
1432 2188 1702 2239 Lanfrancum,

170 2235 249 2272 eius
285 2236 549 2281 advorsarimn,
587 2240 753 2279 habetur.
809 2242 1001 2282 Caeterum
1039 2248 1233 2297 oportebat
1272 2263 1361 2288 sane
1390 2260 1701 2294 commonstrassc

170 2311 328 2337 crrorcm
368 2301 404 2338 in
435 2302 662 2352 Bcrengario
690 2310 724 2343 et
753 2307 874 2352 nobis,
905 2309 1007 2347 cuius
1035 2311 1187 2349 nomine
1214 2327 1283 2351 nos
1315 2328 1443 2354 omnes
1469 2318 1608 2368 pariter
1635 2333 1698 2357 ac·

171 2368 288 2401 cusat.
344 2365 491 2403 Quodsi
530 2368 622 2405 nibil
657 2370 756 2407 aliud
796 2377 897 2409 extat
932 2373 1162 2424 Bcrengarii,
1199 2391 1310 2427 quam
1339 2381 1436 2430 quod
1466 2383 1564 2433 apud
1592 2383 1695 2422 Lan-

170 2428 353 2472 francum,
395 2429 493 2467 illius
531 2434 820 2482 antagonistam,
849 2436 1002 2485 lia—(fol,
1031 2440 1221 2488 40)bctur‚
1253 2443 1378 2492 palam
1419 2451 1473 2482 est
1511 2446 1694 2497 Erinnym

170 2491 455 2542 Westpbalicam
495 2500 530 2532 ct
568 2497 644 2534 viro
682 2498 886 2550 inculpato,
913 2502 1154 2552 Berengario,
1183 2510 1217 2543 ct
1244 2507 1367 2551 nobis,
1394 2509 1488 2546 falso
1517 2515 1552 2547 et
1580 2512 1689 2549 mali-

167 2555 264 2593 ciose
300 2569 341 2593 ea
377 2558 599 2605 adscribere,
636 2576 729 2612 quac
766 2563 826 2600 hic
861 2578 927 2615 pro
965 2566 1119 2618 spiritus
1161 2570 1218 2606 sui
1255 2571 1534 2610 calumniatoris
1572 2574 1693 2613 abuu-

167 2619 292 2657 dantia
321 2621 430 2658 nobis
459 2622 628 2672 adfingit,
655 2631 717 2664 aut
745 2628 791 2665 ab
819 2629 901 2666 aliis
929 2631 1062 2668 adficta
1091 2633 1283 2673 adscribit.
1328 2635 1412 2672 Duo
1441 2641 1527 2674 sunt
1555 2644 1695 2687 autem,

163 2697 320 2734 quorum
367 2687 518 2724 nominc
563 2695 726 2728 nostram
764 2693 825 2730 hic
872 2695 1081 2733 doctrinam
1116 2698 1289 2745 traducit,
1325 2713 1455 2751 nempe
1490 2715 1544 2746 ea,
1580 2717 1686 2754 quae,

160 2748 343 2798 producta
379 2763 444 2787 sua
481 2756 516 2788 et
550 2765 700 2792 suorum
739 2756 921 2805 doctriua,
958 2773 1172 2811 oppugnare
1202 2768 1367 2802 conatur.
1421 2766 1592 2804 Alterum
1620 2774 1690 2812 est,

162 2813 263 2863 quod
298 2826 429 2865 panem
475 2823 510 2852 et
547 2817 671 2855 viuum
712 2820 856 2859 Coenae
892 2824 969 2861 sola
998 2825 1180 2865 elementa
1218 2828 1323 2876 signa
1361 2841 1403 2865 ac
1438 2830 1576 2878 figuras
1613 2832 1688 2870 ab·
