1818 3178
236 136 282 170 22
688 138 738 163 Dr«)
765 137 926 162 emus-'1¹1
958 135 1276 165 JNOARNATIONE.

243 242 396 280 alicuius
423 240 476 277 rei
502 236 805 282 controversiam,
831 236 930 272 aliud
957 236 1105 272 interim
1132 240 1293 284 agenteS,
1320 238 1367 284 (G
1392 237 1491 284 viiia)
1518 237 1677 287 pariunt,
1696 250 1740 275 ex

242 306 396 343 aliorum
412 304 578 340 locorum
599 299 871 348 significatione
886 299 1091 345 aestimar13
1110 299 1342 349 potissimum
1364 313 1448 338 vero
1459 301 1743 351 eorum‚quibus

241 368 390 419 proprie
423 366 462 402 id
497 364 706 414 exponitur,
733 362 833 413 quod
858 363 898 400 in
927 363 1214 400 controversiam
1241 369 1413 411 vocatur;
1440 365 1579 415 alioqui
1604 365 1744 403 incerta

246 433 354 467 erunt
379 429 419 465 in
447 427 637 477 scripturis
664 426 800 471 omnia,
826 438 869 463 ac
894 438 1076 476 nusquam
1103 438 1180 463 non
1208 440 1328 465 secum
1356 429 1431 466 fere
1458 428 1637 478 scriptura
1663 428 1744 478 ipsa

243 491 433 543 pugnabit.
463 489 549 527 Huc
565 502 650 528 vero
669 489 855 539 pertinent
875 492 1065 539 troporum
1087 489 1245 527 remedia
1258 491 1409 540 (quibus
1427 492 1534 541 plena
1544 495 1598 529 est
1608 491 1745 542 ubique

245 554 506 605 propemodum
525 553 721 603 scriptura)
737 556 779 590 ut
797 553 944 590 illorum
963 552 1145 602 praesidio
1165 554 1447 603 repugnantiam
1467 555 1633 591 locorum
1642 554 1744 592 miti-

245 631 385 667 gemus,
416 617 486 654 Sed
514 620 550 654 et
575 617 636 653 bic
662 629 807 653 rursum
834 628 910 653 non
938 621 1022 652 sunt
1051 615 1160 652 nobis
1187 617 1340 653 nimium
1361 617 1519 655 laxanda
1538 617 1742 662 frena,imo

243 693 329 718 vero
358 680 558 717 cavendum
578 680 784 728 diligenter,
800 692 847 716 ne
865 678 994 729 quovis
1013 678 1094 714 loco
1115 679 1271 728 quodvis
1287 680 1396 717 etiam
1415 684 1604 730 troporum
1627 693 1746 729 genus

244 745 322 781 sine
341 744 552 780 discrimine
570 743 628 781 vel
644 743 880 780 admittamus
900 742 957 780 vel
976 741 1225 780 excludamus,
1245 742 1312 779 Est
1323 743 1421 779 enim
1431 756 1572 793 semper
1581 744 1745 781 retinen-

245 809 290 845 da
326 808 527 858 scripturae
570 806 798 857 simplicitas,
833 805 956 856 quoad
991 805 1067 842 eius
1102 805 1261 842 maxime
1295 805 1374 842 fieri
1410 810 1549 856 potest;
1584 813 1747 856 praeter-

246 884 355 921 quam
390 871 422 907 si
448 870 608 920 aliquam
635 869 917 919 repugnantiam
944 868 1106 906 inducat.
1161 867 1288 905 Quare
1313 869 1351 905 in
1378 869 1482 914 locis,
1510 869 1572 918 qui
1598 869 1746 919 proprie

242 937 404 971 tractant
438 932 588 983 aliquid,
623 945 811 982 nunquam
846 935 972 981 tropos
1007 931 1199 968 admittere
1233 932 1329 968 ullos
1366 931 1551 976 debemus,
1572 936 1747 985 ‘praeter-

244 1010 364 1046 quam,
400 996 431 1032 si
465 996 563 1033 nuda
589 1008 632 1032 ac
658 995 811 1045 simplex
837 995 1031 1032 verborum
1059 994 1280 1042 significatio
1308 995 1511 1045 scripturae
1536 1008 1747 1046 repugnan-

242 1061 331 1098 tiam
358 1060 487 1110 pariat.
539 1058 587 1096 In
619 1060 710 1096 locis
739 1072 835 1105 vero,
861 1059 924 1108 qui
950 1058 1110 1095 eiusdem
1138 1059 1191 1095 rei
1218 1059 1339 1104 etiam,
1367 1059 1429 1096 sed
1456 1059 1556 1096 aliud
1584 1063 1747 1108 agentes,

243 1138 306 1174 per
341 1125 571 1161 occasionem
606 1123 862 1167 meminerunt,
895 1121 1088 1159 excludere
1124 1135 1252 1159 rursus
1279 1127 1406 1173 tropos
1434 1136 1510 1160 non
1538 1136 1745 1173 possumus,

244 1188 384 1236 quoties
412 1187 625 1236 simpliciter
651 1186 808 1235 expositi
835 1185 1122 1222 controversiam
1150 1185 1343 1229 inducunt,
1371 1199 1416 1223 ne
1442 1186 1490 1233 (C
1512 1186 1613 1232 viiib)
1630 1186 1746 1235 scrip-

242 1259 362 1288 turam
398 1254 623 1300 pugnantem
650 1254 712 1287 aut
739 1249 950 1286 mendacem
977 1250 1168 1287 faciamus.
1222 1250 1366 1287 Deinde
1392 1250 1431 1286 id
1459 1250 1662 1287 cavendum
1691 1254 1748 1287 est

243 1315 352 1352 etiam
388 1315 485 1351 inter
517 1315 596 1363 ipsa
629 1318 820 1363 troporum
854 1326 1000 1361 genera,
1035 1326 1081 1350 ne
1115 1315 1330 1363 peregrinos
1365 1314 1412 1350 ab
1448 1327 1519 1350 usu
1546 1314 1748 1364 scripturae
1797 1326 1799 1328 ·

241 1382 366 1425 tropos
401 1380 535 1412 temere
568 1387 634 1424 pro
670 1379 797 1411 nostro
833 1374 985 1411 arbitrio
1021 1374 1260 1424 recipiamus3
1297 1375 1470 1412 sedilios
1497 1375 1743 1424 potissimum,

243 1438 361 1474 sicubi
401 1450 491 1487 opus
527 1442 592 1481 est,
632 1436 882 1481 adhibeamus,
916 1448 1008 1485 quos
1045 1437 1248 1486 scripturis,
1284 1437 1340 1473 vel
1375 1437 1414 1473 in
1451 1450 1493 1472 eo
1529 1437 1608 1486 ipso
1646 1437 1746 1486 quod

241 1505 430 1542 tractatur,
464 1502 520 1537 vel
555 1501 594 1536 in
629 1500 739 1536 simili
774 1507 991 1548 argumento
1027 1500 1108 1536 aliis
1135 1500 1240 1545 locis,
1267 1500 1464 1537 familiares
1492 1513 1569 1537 esse
1596 1501 1744 1539 scimus.

292 1563 351 1600 Ad
387 1562 485 1598 hunc
517 1562 630 1610 igitur
664 1561 815 1597 modum
855 1561 1069 1608 Angelicam
1106 1561 1200 1597 hanc
1236 1561 1283 1597 ad
1311 1561 1491 1609 virginem
1517 1561 1743 1609 legationem

242 1639 478 1676 exponemus,
504 1629 539 1662 et
566 1625 738 1674 quoniam
766 1624 935 1673 proprius
961 1623 1001 1660 in
1027 1624 1090 1660 illa
1118 1630 1173 1660 cst
1201 1624 1261 1660 hic
1281 1637 1424 1674 scopus,
1441 1629 1483 1660 ut
1503 1629 1538 1660 et
1554 1624 1746 1661 historiam

243 1702 277 1727 et
312 1690 462 1726 modum
497 1687 763 1724 incarnationis
791 1686 928 1722 Christi
953 1691 1124 1736 exponat,
1151 1687 1332 1737 quidquid
1360 1700 1447 1724 sane
1474 1687 1546 1724 huc
1572 1687 1744 1737 pertinet,

242 1754 280 1789 id
308 1759 426 1789 totum
452 1752 550 1788 nude
576 1763 618 1787 ac
645 1750 858 1799 simpliciter
886 1750 1044 1787 exclusis
1062 1750 1177 1799 tropis
1201 1751 1373 1788 omnihus
1393 1750 1626 1800 accipiemus,
1653 1764 1745 1801 qua-

241 1825 349 1854 tenus
386 1816 525 1852 nullam
561 1815 762 1864 scripturae
788 1813 1069 1863 repugnantiam
1096 1814 1287 1851 inducant.
1325 1815 1384 1851 Ad
1413 1814 1605 1852 historiam
1631 1827 1744 1865 porro

242 1879 507 1917 incarnationis
548 1878 684 1914 Christi
720 1877 808 1914 haec
842 1877 1076 1926 potissimum
1112 1877 1317 1926 pertinent:
1356 1877 1452 1914 Ecce
1488 1878 1671 1928 concipies
1708 1881 1744 1915 et

241 1944 359 1994 paries
386 1942 515 1979 filium.
543 1941 603 1978 Ad
629 1940 794 1989 mysterii
820 1953 905 1977 vero
933 1940 1235 1989 explicationem:
1264 1940 1421 1990 Spiritus
1449 1946 1599 1978 sanctus
1618 1954 1745 1991 super—

241 2010 363 2045 veniet
388 2007 428 2043 in
454 2013 502 2050 te,
527 2013 561 2042 et
588 2005 704 2042 virtus
731 2005 902 2041 altissimi
928 2005 1168 2041 obumbrabit
1195 2005 1276 2042 tibi.
1307 2005 1411 2042 Haec
1437 2018 1525 2054 ergo
1553 2006 1745 2043 verissima
1800 2029 1802 2033 r

241 2084 319 2109 esse
356 2075 567 2114 statuemus,
605 2069 791 2105 Christum
827 2068 1040 2113 Dominum,
1067 2069 1344 2118 superveniente
1373 2069 1515 2119 Spiritu
1541 2073 1682 2112 sancto,
1709 2073 1745 2107 et

243 2137 377 2172 rii-tute
404 2132 857 2176 altissimiobumbrante,
883 2144 903 2168 a
927 2131 1046 2168 Maria
1073 2132 1214 2179 virgine
1241 2137 1277 2168 et
1305 2137 1521 2182 conceptum
1549 2137 1585 2169 et
1612 2136 1741 2169 natum

240 2212 329 2243 esse,
356 2209 505 2246 esseque
531 2208 614 2232 vere
638 2195 738 2231 illius
766 2194 913 2242 Fili-(D
939 2195 1065 2241 ia)um,
1091 2201 1125 2231 et
1151 2195 1251 2231 illam
1278 2200 1431 2232 matrem
1453 2195 1580 2245 ipsius.
1611 2195 1744 2233 Quod-

242 2274 311 2309 quc
347 2260 393 2297 ad
428 2259 622 2295 historiam
655 2257 814 2307 primum
849 2258 992 2302 attinet,
1026 2258 1221 2296 observare
1258 2259 1433 2296 debemus
1461 2259 1535 2295 duo
1561 2259 1670 2295 nobis
1696 2258 1744 2295 ab

243 2324 400 2367 singem,
426 2327 463 2360 et
498 2322 613 2358 multo
642 2326 748 2357 antea
775 2334 795 2357 a
823 2320 1016 2370 Propheta,
1042 2322 1188 2371 prodita
1215 2335 1304 2367 esse,
1331 2322 1466 2371 quibus
1494 2321 1681 2365 docemur,
1708 2321 1746 2359 et

243 2387 399 2424 litari-am
443 2385 580 2422 Christi
615 2390 769 2421 matrem
804 2397 923 2421 veram
961 2385 1086 2429 fuisse,
1120 2385 1157 2423 et
1193 2386 1381 2423 Christum
1407 2386 1493 2422 item
1523 2384 1663 2422 Mariae
1697 2386 1743 2421 fi-

241 2451 351 2495 Μυκη
390 2461 518 2498 nempe
550 2448 649 2497 quod
676 2448 780 2484 illum
807 2459 883 2485 non
909 2461 1035 2498 parere
1063 2449 1171 2486 modo
1201 2449 1263 2486 sed
1290 2454 1325 2486 et
1354 2449 1544 2498 concipere
1571 2448 1742 2487 debebat.

244 2514 369 2550 (Quare
403 2520 438 2549 et
473 2525 542 2549 nos
576 2525 596 2548 c
631 2511 775 2548 duobus
801 2511 883 2548 istis
911 2512 1101 2550 historiam
1130 2513 1346 2550 Dominicae
1372 2511 1638 2549 incarnationis
1665 2525 1742 2549 me-

241 2583 385 2621 tiemur,
420 2581 528 2624 atque
563 2574 743 2622 virginem
779 2574 1048 2612 sanctissimam
1076 2589 1198 2613 veram
1225 2589 1267 2613 ac
1294 2575 1497 2613 naturalem
1523 2581 1558 2612 et
1584 2575 1624 2611 in
1653 2588 1744 2613 con—

243 2639 411 2689 cipiendo
438 2644 473 2675 et
499 2639 539 2674 in
565 2637 739 2687 pariendo
767 2643 920 2675 matrem
947 2639 1023 2676 veri
1050 2652 1092 2676 ac
1128 2639 1305 2677 naturalis
1333 2639 1454 2686 (iuxta
1482 2640 1646 2686 carnem)
1674 2639 1747 2677 filii

241 2703 308 2739 sui
335 2701 472 2738 Christi
505 2700 657 2737 Domini
692 2713 946 2749 agnoscemus,
977 2715 1096 2752 neque
1133 2715 1220 2740 sane
1256 2706 1319 2739 aut
1344 2702 1383 2738 in
1414 2700 1658 2751 concipiendi,
1683 2706 1748 2740 aut

240 2767 279 2803 in
315 2764 480 2815 pariendi
517 2764 652 2807 verbis,
678 2778 796 2815 neque
821 2766 909 2803 item
934 2766 974 2803 in
1000 2767 1069 2803 filii
1094 2765 1353 2817 appellatione,
1377 2764 1491 2802 ullius
1517 2765 1616 2815 tropi
1643 2765 1744 2803 miti-

240 2830 425 2868 gationem
460 2829 708 2873 admittemus,
744 2842 826 2867 cum
862 2831 985 2867 nullus
1022 2831 1070 2868 sit
1105 2831 1307 2880 scripturae
1334 2830 1438 2866 locus
1465 2829 1530 2879 qui
1555 2829 1595 2866 id
1621 2834 1747 2878 neget3

239 2870 261 2878 ω
