<?xml version="1.0" encoding="UTF-8"?>
<!DOCTYPE html PUBLIC "-//W3C//DTD XHTML 1.0 Transitional//EN"
    "http://www.w3.org/TR/xhtml1/DTD/xhtml1-transitional.dtd">
<html xmlns="http://www.w3.org/1999/xhtml" xml:lang="en" lang="en">
 <head>
  <title>
</title>
<meta http-equiv="Content-Type" content="text/html;charset=utf-8" />
  <meta name='ocr-system' content='tesseract 3.04.00' />
  <meta name='ocr-capabilities' content='ocr_page ocr_carea ocr_par ocr_line ocrx_word'/>
</head>
<body>
  <div class='ocr_page' id='page_1' title='image "./operatameditaqua01lask_0253.png"; bbox 0 0 1818 3178; ppageno 0'>
   <div class='ocr_carea' id='block_1_1' title="bbox 513 102 1678 142">
    <p class='ocr_par' dir='ltr' id='par_1_1' title="bbox 513 102 1678 142">
     <span class='ocr_line' id='line_1_1' title="bbox 513 102 1678 142; baseline -0.002 -3"><span class='ocrx_word' id='word_1_1' title='bbox 513 114 564 140; x_wconf 75' lang='lat' dir='ltr'>DE</span> <span class='ocrx_word' id='word_1_2' title='bbox 594 115 876 142; x_wconf 80' lang='lat' dir='ltr'>SACRAMENTIS</span> <span class='ocrx_word' id='word_1_3' title='bbox 907 113 1121 141; x_wconf 77' lang='lat' dir='ltr'>ECCLESIAE</span> <span class='ocrx_word' id='word_1_4' title='bbox 1149 112 1326 140; x_wconf 83' lang='lat' dir='ltr'>CHRISTI.</span> <span class='ocrx_word' id='word_1_5' title='bbox 1609 102 1678 138; x_wconf 71' lang='lat'>121</span> 
     </span>
    </p>
   </div>
   <div class='ocr_carea' id='block_1_2' title="bbox 157 211 1697 2711">
    <p class='ocr_par' dir='ltr' id='par_1_2' title="bbox 158 211 1684 651">
     <span class='ocr_line' id='line_1_2' title="bbox 158 211 1680 268; baseline -0.005 -13"><span class='ocrx_word' id='word_1_6' title='bbox 158 229 258 263; x_wconf 82' lang='lat' dir='ltr'>vero,</span> <span class='ocrx_word' id='word_1_7' title='bbox 284 216 385 268; x_wconf 90' lang='lat' dir='ltr'>quod</span> <span class='ocrx_word' id='word_1_8' title='bbox 411 214 655 254; x_wconf 76' lang='lat' dir='ltr'>invisibiliter</span> <span class='ocrx_word' id='word_1_9' title='bbox 683 217 902 255; x_wconf 84' lang='lat' dir='ltr'>celebratur.</span> <span class='ocrx_word' id='word_1_10' title='bbox 947 216 995 254; x_wconf 90' lang='lat' dir='ltr'>Et</span> <span class='ocrx_word' id='word_1_11' title='bbox 1022 228 1110 253; x_wconf 84' lang='lat' dir='ltr'>mox</span> <span class='ocrx_word' id='word_1_12' title='bbox 1139 215 1239 253; x_wconf 89' lang='lat' dir='ltr'>velut</span> <span class='ocrx_word' id='word_1_13' title='bbox 1266 216 1436 251; x_wconf 83' lang='lat' dir='ltr'>naturam</span> <span class='ocrx_word' id='word_1_14' title='bbox 1464 211 1583 262; x_wconf 84' lang='lat' dir='ltr'>ipsam</span> <span class='ocrx_word' id='word_1_15' title='bbox 1612 212 1680 249; x_wconf 90' lang='lat' dir='ltr'>Sa-</span> 
     </span>
     <span class='ocr_line' id='line_1_3' title="bbox 159 277 1682 332; baseline -0.004 -13"><span class='ocrx_word' id='word_1_16' title='bbox 159 287 433 320; x_wconf 84' lang='lat' dir='ltr'>cramentorum</span> <span class='ocrx_word' id='word_1_17' title='bbox 469 281 679 331; x_wconf 81' lang='lat' dir='ltr'>explicans:</span> <span class='ocrx_word' id='word_1_18' title='bbox 717 282 848 332; x_wconf 80' lang='lat' dir='ltr'><strong>Neque</strong></span> <span class='ocrx_word' id='word_1_19' title='bbox 883 282 982 319; x_wconf 90' lang='lat' dir='ltr'>idem</span> <span class='ocrx_word' id='word_1_20' title='bbox 1008 284 1077 326; x_wconf 90' lang='lat' dir='ltr'>est,</span> <span class='ocrx_word' id='word_1_21' title='bbox 1102 280 1237 330; x_wconf 90' lang='lat' dir='ltr'>inquit,</span> <span class='ocrx_word' id='word_1_22' title='bbox 1264 279 1304 316; x_wconf 91' lang='lat' dir='ltr'>in</span> <span class='ocrx_word' id='word_1_23' title='bbox 1333 279 1573 315; x_wconf 87' lang='lat' dir='ltr'>Sacramento</span> <span class='ocrx_word' id='word_1_24' title='bbox 1603 277 1682 314; x_wconf 87' lang='lat' dir='ltr'>for-</span> 
     </span>
     <span class='ocr_line' id='line_1_4' title="bbox 159 342 1684 396; baseline -0.003 -13"><span class='ocrx_word' id='word_1_25' title='bbox 159 359 230 390; x_wconf 86' lang='lat' dir='ltr'>ma,</span> <span class='ocrx_word' id='word_1_26' title='bbox 265 345 365 396; x_wconf 91' lang='lat' dir='ltr'>quod</span> <span class='ocrx_word' id='word_1_27' title='bbox 401 344 539 391; x_wconf 80' lang='lat' dir='ltr'>virtus3</span> <span class='ocrx_word' id='word_1_28' title='bbox 579 358 662 382; x_wconf 89' lang='lat' dir='ltr'>cum</span> <span class='ocrx_word' id='word_1_29' title='bbox 690 346 809 383; x_wconf 86' lang='lat' dir='ltr'>forma</span> <span class='ocrx_word' id='word_1_30' title='bbox 837 345 990 384; x_wconf 82' lang='lat' dir='ltr'>humani</span> <span class='ocrx_word' id='word_1_31' title='bbox 1017 344 1216 382; x_wconf 89' lang='lat' dir='ltr'>ministerii</span> <span class='ocrx_word' id='word_1_32' title='bbox 1243 343 1463 380; x_wconf 82' lang='lat' dir='ltr'>adhibeatur</span> <span class='ocrx_word' id='word_1_33' title='bbox 1489 342 1684 392; x_wconf 81' lang='lat' dir='ltr'>obsequio,</span> 
     </span>
     <span class='ocr_line' id='line_1_5' title="bbox 161 405 1683 459; baseline -0.003 -13"><span class='ocrx_word' id='word_1_34' title='bbox 161 409 278 446; x_wconf 89' lang='lat' dir='ltr'>virtus</span> <span class='ocrx_word' id='word_1_35' title='bbox 306 420 391 445; x_wconf 87' lang='lat' dir='ltr'>vero</span> <span class='ocrx_word' id='word_1_36' title='bbox 418 407 502 455; x_wconf 90' lang='lat' dir='ltr'>(fol.</span> <span class='ocrx_word' id='word_1_37' title='bbox 541 409 600 455; x_wconf 73' lang='lat'>71³)</span> <span class='ocrx_word' id='word_1_38' title='bbox 627 422 691 458; x_wconf 86' lang='lat' dir='ltr'>per</span> <span class='ocrx_word' id='word_1_39' title='bbox 718 409 836 446; x_wconf 88' lang='lat' dir='ltr'>divini</span> <span class='ocrx_word' id='word_1_40' title='bbox 863 409 985 459; x_wconf 88' lang='lat' dir='ltr'>operis</span> <span class='ocrx_word' id='word_1_41' title='bbox 1012 411 1219 458; x_wconf 79' lang='lat' dir='ltr'>praestetur</span> <span class='ocrx_word' id='word_1_42' title='bbox 1245 405 1414 444; x_wconf 87' lang='lat' dir='ltr'>effectum</span> <span class='ocrx_word' id='word_1_43' title='bbox 1427 405 1468 454; x_wconf 83' lang='lat'>¹).</span> <span class='ocrx_word' id='word_1_44' title='bbox 1499 405 1604 442; x_wconf 89' lang='lat' dir='ltr'>Haec</span> <span class='ocrx_word' id='word_1_45' title='bbox 1630 405 1683 442; x_wconf 89' lang='lat' dir='ltr'>ita</span> 
     </span>
     <span class='ocr_line' id='line_1_6' title="bbox 160 469 1684 521; baseline -0.002 -12"><span class='ocrx_word' id='word_1_46' title='bbox 160 471 394 516; x_wconf 88' lang='lat' dir='ltr'>Ambrosius,</span> <span class='ocrx_word' id='word_1_47' title='bbox 429 470 563 521; x_wconf 87' lang='lat' dir='ltr'>quibus</span> <span class='ocrx_word' id='word_1_48' title='bbox 600 472 794 510; x_wconf 84' lang='lat' dir='ltr'>manifeste</span> <span class='ocrx_word' id='word_1_49' title='bbox 830 472 1016 516; x_wconf 84' lang='lat' dir='ltr'>docemur,</span> <span class='ocrx_word' id='word_1_50' title='bbox 1051 472 1289 508; x_wconf 82' lang='lat' dir='ltr'>Sacramenta</span> <span class='ocrx_word' id='word_1_51' title='bbox 1317 469 1354 507; x_wconf 74' lang='lat' dir='ltr'>et</span> <span class='ocrx_word' id='word_1_52' title='bbox 1381 470 1489 518; x_wconf 83' lang='lat' dir='ltr'>signo</span> <span class='ocrx_word' id='word_1_53' title='bbox 1517 473 1684 513; x_wconf 84' lang='lat' dir='ltr'>externo,</span> 
     </span>
     <span class='ocr_line' id='line_1_7' title="bbox 160 534 1684 585; baseline -0.001 -13"><span class='ocrx_word' id='word_1_54' title='bbox 160 535 259 585; x_wconf 89' lang='lat' dir='ltr'>quod</span> <span class='ocrx_word' id='word_1_55' title='bbox 296 535 375 585; x_wconf 89' lang='lat' dir='ltr'>ipse</span> <span class='ocrx_word' id='word_1_56' title='bbox 411 535 569 572; x_wconf 81' lang='lat' dir='ltr'>formam</span> <span class='ocrx_word' id='word_1_57' title='bbox 610 542 728 582; x_wconf 88' lang='lat' dir='ltr'>vocat,</span> <span class='ocrx_word' id='word_1_58' title='bbox 764 536 801 574; x_wconf 78' lang='lat' dir='ltr'>et</span> <span class='ocrx_word' id='word_1_59' title='bbox 830 536 978 574; x_wconf 86' lang='lat' dir='ltr'>caelesti</span> <span class='ocrx_word' id='word_1_60' title='bbox 1004 536 1142 585; x_wconf 87' lang='lat' dir='ltr'>pariter</span> <span class='ocrx_word' id='word_1_61' title='bbox 1169 535 1347 584; x_wconf 84' lang='lat' dir='ltr'>mysterio</span> <span class='ocrx_word' id='word_1_62' title='bbox 1376 538 1557 580; x_wconf 85' lang='lat' dir='ltr'>constare,</span> <span class='ocrx_word' id='word_1_63' title='bbox 1585 534 1684 585; x_wconf 87' lang='lat' dir='ltr'>quod</span> 
     </span>
     <span class='ocr_line' id='line_1_8' title="bbox 158 600 637 651; baseline 0.004 -14"><span class='ocrx_word' id='word_1_64' title='bbox 158 600 236 650; x_wconf 90' lang='lat' dir='ltr'>ipse</span> <span class='ocrx_word' id='word_1_65' title='bbox 265 600 438 638; x_wconf 87' lang='lat' dir='ltr'>virtutem</span> <span class='ocrx_word' id='word_1_66' title='bbox 465 601 637 651; x_wconf 84' lang='lat' dir='ltr'>appellat.</span> 
     </span>
    </p>

    <p class='ocr_par' dir='ltr' id='par_1_3' title="bbox 157 663 1689 1152">
     <span class='ocr_line' id='line_1_9' title="bbox 212 663 1685 714; baseline -0.001 -11"><span class='ocrx_word' id='word_1_67' title='bbox 212 665 316 703; x_wconf 77' lang='lat' dir='ltr'>Quin</span> <span class='ocrx_word' id='word_1_68' title='bbox 352 670 387 702; x_wconf 90' lang='lat' dir='ltr'>et</span> <span class='ocrx_word' id='word_1_69' title='bbox 423 666 657 714; x_wconf 85' lang='lat' dir='ltr'>Augustinus</span> <span class='ocrx_word' id='word_1_70' title='bbox 693 666 792 703; x_wconf 90' lang='lat' dir='ltr'>idem</span> <span class='ocrx_word' id='word_1_71' title='bbox 825 666 902 703; x_wconf 88' lang='lat' dir='ltr'>fere</span> <span class='ocrx_word' id='word_1_72' title='bbox 939 664 1075 702; x_wconf 86' lang='lat' dir='ltr'>sentire</span> <span class='ocrx_word' id='word_1_73' title='bbox 1110 663 1270 709; x_wconf 88' lang='lat' dir='ltr'>videtur,</span> <span class='ocrx_word' id='word_1_74' title='bbox 1306 664 1375 701; x_wconf 88' lang='lat' dir='ltr'>etsi</span> <span class='ocrx_word' id='word_1_75' title='bbox 1404 663 1559 702; x_wconf 89' lang='lat' dir='ltr'>diversis</span> <span class='ocrx_word' id='word_1_76' title='bbox 1587 677 1685 702; x_wconf 84' lang='lat' dir='ltr'>non·</span> 
     </span>
     <span class='ocr_line' id='line_1_10' title="bbox 158 727 1685 776; baseline 0 -10"><span class='ocrx_word' id='word_1_77' title='bbox 158 729 253 766; x_wconf 86' lang='lat' dir='ltr'>nihil</span> <span class='ocrx_word' id='word_1_78' title='bbox 290 729 412 767; x_wconf 89' lang='lat' dir='ltr'>verbis</span> <span class='ocrx_word' id='word_1_79' title='bbox 448 734 586 776; x_wconf 86' lang='lat' dir='ltr'>utatur,</span> <span class='ocrx_word' id='word_1_80' title='bbox 623 730 709 767; x_wconf 91' lang='lat' dir='ltr'>dum</span> <span class='ocrx_word' id='word_1_81' title='bbox 746 730 790 767; x_wconf 92' lang='lat' dir='ltr'>de</span> <span class='ocrx_word' id='word_1_82' title='bbox 828 729 970 766; x_wconf 86' lang='lat' dir='ltr'>Manna</span> <span class='ocrx_word' id='word_1_83' title='bbox 1006 732 1042 765; x_wconf 87' lang='lat' dir='ltr'>et</span> <span class='ocrx_word' id='word_1_84' title='bbox 1078 728 1188 765; x_wconf 90' lang='lat' dir='ltr'>altari</span> <span class='ocrx_word' id='word_1_85' title='bbox 1214 727 1255 764; x_wconf 91' lang='lat' dir='ltr'>in</span> <span class='ocrx_word' id='word_1_86' title='bbox 1282 732 1403 765; x_wconf 85' lang='lat' dir='ltr'>vetere</span> <span class='ocrx_word' id='word_1_87' title='bbox 1430 728 1598 766; x_wconf 88' lang='lat' dir='ltr'>Ecclesia</span> <span class='ocrx_word' id='word_1_88' title='bbox 1626 728 1685 766; x_wconf 87' lang='lat' dir='ltr'>lo·</span> 
     </span>
     <span class='ocr_line' id='line_1_11' title="bbox 157 791 1685 844; baseline 0 -14"><span class='ocrx_word' id='word_1_89' title='bbox 157 793 294 843; x_wconf 88' lang='lat' dir='ltr'>quitur.</span> <span class='ocrx_word' id='word_1_90' title='bbox 349 794 601 840; x_wconf 83' lang='lat' dir='ltr'>Sacramenta,</span> <span class='ocrx_word' id='word_1_91' title='bbox 636 794 771 844; x_wconf 89' lang='lat' dir='ltr'>inquit,</span> <span class='ocrx_word' id='word_1_92' title='bbox 806 793 870 830; x_wconf 80' lang='lat' dir='ltr'>issa</span> <span class='ocrx_word' id='word_1_93' title='bbox 898 793 1076 837; x_wconf 84' lang='lat' dir='ltr'>fuerunt3</span> <span class='ocrx_word' id='word_1_94' title='bbox 1104 791 1145 828; x_wconf 90' lang='lat' dir='ltr'>in</span> <span class='ocrx_word' id='word_1_95' title='bbox 1174 791 1291 839; x_wconf 77' lang='lat' dir='ltr'>signis</span> <span class='ocrx_word' id='word_1_96' title='bbox 1321 792 1464 829; x_wconf 86' lang='lat' dir='ltr'>diversa</span> <span class='ocrx_word' id='word_1_97' title='bbox 1493 796 1594 836; x_wconf 81' lang='lat' dir='ltr'>sunt,</span> <span class='ocrx_word' id='word_1_98' title='bbox 1621 792 1685 830; x_wconf 87' lang='lat' dir='ltr'>sed</span> 
     </span>
     <span class='ocr_line' id='line_1_12' title="bbox 159 853 1688 908; baseline -0.001 -14"><span class='ocrx_word' id='word_1_99' title='bbox 159 857 198 894; x_wconf 91' lang='lat' dir='ltr'>in</span> <span class='ocrx_word' id='word_1_100' title='bbox 226 871 277 901; x_wconf 93' lang='lat' dir='ltr'>re,</span> <span class='ocrx_word' id='word_1_101' title='bbox 306 871 400 908; x_wconf 88' lang='lat' dir='ltr'>quae</span> <span class='ocrx_word' id='word_1_102' title='bbox 427 858 672 906; x_wconf 74' lang='lat' dir='ltr'>significatur,</span> <span class='ocrx_word' id='word_1_103' title='bbox 698 857 803 907; x_wconf 89' lang='lat' dir='ltr'>paria</span> <span class='ocrx_word' id='word_1_104' title='bbox 831 862 917 893; x_wconf 88' lang='lat' dir='ltr'>sunt</span> <span class='ocrx_word' id='word_1_105' title='bbox 944 853 992 903; x_wconf 50' lang='grc' dir='ltr'>ε3).</span> <span class='ocrx_word' id='word_1_106' title='bbox 1045 854 1121 891; x_wconf 89' lang='lat' dir='ltr'>Hic</span> <span class='ocrx_word' id='word_1_107' title='bbox 1149 867 1238 906; x_wconf 84' lang='lat' dir='ltr'>sane</span> <span class='ocrx_word' id='word_1_108' title='bbox 1267 855 1505 903; x_wconf 82' lang='lat' dir='ltr'>Augustinus</span> <span class='ocrx_word' id='word_1_109' title='bbox 1531 855 1688 906; x_wconf 84' lang='lat' dir='ltr'>ipsemet</span> 
     </span>
     <span class='ocr_line' id='line_1_13' title="bbox 160 919 1689 972; baseline -0.002 -13"><span class='ocrx_word' id='word_1_110' title='bbox 160 922 249 959; x_wconf 82' lang='lat' dir='ltr'>duas</span> <span class='ocrx_word' id='word_1_111' title='bbox 279 922 509 959; x_wconf 88' lang='lat' dir='ltr'>Sacramenti</span> <span class='ocrx_word' id='word_1_112' title='bbox 535 925 658 972; x_wconf 85' lang='lat' dir='ltr'>partes</span> <span class='ocrx_word' id='word_1_113' title='bbox 686 921 795 958; x_wconf 89' lang='lat' dir='ltr'>facit:</span> <span class='ocrx_word' id='word_1_114' title='bbox 824 933 956 970; x_wconf 88' lang='lat' dir='ltr'>nempe</span> <span class='ocrx_word' id='word_1_115' title='bbox 984 919 1135 968; x_wconf 85' lang='lat' dir='ltr'>signum</span> <span class='ocrx_word' id='word_1_116' title='bbox 1163 924 1198 956; x_wconf 89' lang='lat' dir='ltr'>et</span> <span class='ocrx_word' id='word_1_117' title='bbox 1216 932 1307 965; x_wconf 90' lang='lat' dir='ltr'>rem,</span> <span class='ocrx_word' id='word_1_118' title='bbox 1328 927 1423 969; x_wconf 85' lang='lat' dir='ltr'>quae</span> <span class='ocrx_word' id='word_1_119' title='bbox 1442 920 1689 969; x_wconf 86' lang='lat' dir='ltr'>significatur,</span> 
     </span>
     <span class='ocr_line' id='line_1_14' title="bbox 158 984 1688 1037; baseline -0.001 -13"><span class='ocrx_word' id='word_1_120' title='bbox 158 987 263 1024; x_wconf 86' lang='lat' dir='ltr'>iuxta</span> <span class='ocrx_word' id='word_1_121' title='bbox 307 989 463 1037; x_wconf 84' lang='lat' dir='ltr'>quarum</span> <span class='ocrx_word' id='word_1_122' title='bbox 498 987 652 1024; x_wconf 85' lang='lat' dir='ltr'>alteram</span> <span class='ocrx_word' id='word_1_123' title='bbox 688 987 927 1023; x_wconf 84' lang='lat' dir='ltr'>Sacramenta</span> <span class='ocrx_word' id='word_1_124' title='bbox 964 984 1110 1022; x_wconf 82' lang='lat' dir='ltr'>diversa</span> <span class='ocrx_word' id='word_1_125' title='bbox 1147 997 1225 1021; x_wconf 85' lang='lat' dir='ltr'>esse</span> <span class='ocrx_word' id='word_1_126' title='bbox 1262 984 1382 1030; x_wconf 89' lang='lat' dir='ltr'>docet,</span> <span class='ocrx_word' id='word_1_127' title='bbox 1419 997 1551 1035; x_wconf 90' lang='lat' dir='ltr'>nempe</span> <span class='ocrx_word' id='word_1_128' title='bbox 1584 985 1688 1023; x_wconf 85' lang='lat' dir='ltr'>iuxta</span> 
     </span>
     <span class='ocr_line' id='line_1_15' title="bbox 159 1048 1689 1100; baseline 0 -13"><span class='ocrx_word' id='word_1_129' title='bbox 159 1051 309 1099; x_wconf 81' lang='lat' dir='ltr'>signum</span> <span class='ocrx_word' id='word_1_130' title='bbox 336 1056 531 1088; x_wconf 82' lang='lat' dir='ltr'>externum</span> <span class='ocrx_word' id='word_1_131' title='bbox 560 1063 624 1088; x_wconf 89' lang='lat' dir='ltr'>seu</span> <span class='ocrx_word' id='word_1_132' title='bbox 651 1050 834 1096; x_wconf 83' lang='lat' dir='ltr'>formam3</span> <span class='ocrx_word' id='word_1_133' title='bbox 863 1049 968 1086; x_wconf 81' lang='lat' dir='ltr'>iuxta</span> <span class='ocrx_word' id='word_1_134' title='bbox 995 1061 1072 1086; x_wconf 90' lang='lat' dir='ltr'>rem</span> <span class='ocrx_word' id='word_1_135' title='bbox 1100 1061 1200 1092; x_wconf 91' lang='lat' dir='ltr'>vero,</span> <span class='ocrx_word' id='word_1_136' title='bbox 1227 1061 1322 1098; x_wconf 86' lang='lat' dir='ltr'>quae</span> <span class='ocrx_word' id='word_1_137' title='bbox 1349 1048 1594 1098; x_wconf 87' lang='lat' dir='ltr'>significatur,</span> <span class='ocrx_word' id='word_1_138' title='bbox 1621 1063 1689 1100; x_wconf 88' lang='lat' dir='ltr'>pa-</span> 
     </span>
     <span class='ocr_line' id='line_1_16' title="bbox 161 1114 488 1152; baseline 0.003 -1"><span class='ocrx_word' id='word_1_139' title='bbox 161 1114 215 1151; x_wconf 86' lang='lat' dir='ltr'>ria</span> <span class='ocrx_word' id='word_1_140' title='bbox 244 1114 321 1152; x_wconf 85' lang='lat' dir='ltr'>sive</span> <span class='ocrx_word' id='word_1_141' title='bbox 347 1114 488 1152; x_wconf 87' lang='lat' dir='ltr'>eadem.</span> 
     </span>
    </p>

    <p class='ocr_par' dir='ltr' id='par_1_4' title="bbox 157 1175 1695 2244">
     <span class='ocr_line' id='line_1_17' title="bbox 212 1175 1690 1229; baseline -0.001 -13"><span class='ocrx_word' id='word_1_142' title='bbox 212 1179 316 1216; x_wconf 90' lang='lat' dir='ltr'>Haec</span> <span class='ocrx_word' id='word_1_143' title='bbox 351 1191 461 1229; x_wconf 88' lang='lat' dir='ltr'>porro</span> <span class='ocrx_word' id='word_1_144' title='bbox 497 1177 752 1228; x_wconf 84' lang='lat' dir='ltr'>usurpationis</span> <span class='ocrx_word' id='word_1_145' title='bbox 787 1177 827 1214; x_wconf 93' lang='lat' dir='ltr'>in</span> <span class='ocrx_word' id='word_1_146' title='bbox 864 1189 954 1214; x_wconf 90' lang='lat' dir='ltr'>voce</span> <span class='ocrx_word' id='word_1_147' title='bbox 989 1176 1225 1214; x_wconf 87' lang='lat' dir='ltr'>Sacramenti</span> <span class='ocrx_word' id='word_1_148' title='bbox 1253 1175 1410 1214; x_wconf 86' lang='lat' dir='ltr'>varietas</span> <span class='ocrx_word' id='word_1_149' title='bbox 1436 1177 1534 1215; x_wconf 92' lang='lat' dir='ltr'>inter</span> <span class='ocrx_word' id='word_1_150' title='bbox 1561 1178 1690 1215; x_wconf 85' lang='lat' dir='ltr'>Patres</span> 
     </span>
     <span class='ocr_line' id='line_1_18' title="bbox 159 1240 1689 1294; baseline -0.001 -13"><span class='ocrx_word' id='word_1_151' title='bbox 159 1258 248 1281; x_wconf 87' lang='lat' dir='ltr'>sane</span> <span class='ocrx_word' id='word_1_152' title='bbox 282 1245 383 1294; x_wconf 90' lang='lat' dir='ltr'>ipsos</span> <span class='ocrx_word' id='word_1_153' title='bbox 417 1243 520 1280; x_wconf 90' lang='lat' dir='ltr'>nulla</span> <span class='ocrx_word' id='word_1_154' title='bbox 546 1242 715 1292; x_wconf 82' lang='lat' dir='ltr'>pariebat</span> <span class='ocrx_word' id='word_1_155' title='bbox 744 1241 917 1287; x_wconf 81' lang='lat' dir='ltr'>dissidia;</span> <span class='ocrx_word' id='word_1_156' title='bbox 946 1245 1130 1278; x_wconf 85' lang='lat' dir='ltr'>noverant</span> <span class='ocrx_word' id='word_1_157' title='bbox 1156 1240 1254 1278; x_wconf 90' lang='lat' dir='ltr'>enim</span> <span class='ocrx_word' id='word_1_158' title='bbox 1282 1240 1381 1278; x_wconf 87' lang='lat' dir='ltr'>inter</span> <span class='ocrx_word' id='word_1_159' title='bbox 1410 1254 1489 1279; x_wconf 91' lang='lat' dir='ltr'>sese</span> <span class='ocrx_word' id='word_1_160' title='bbox 1516 1247 1689 1280; x_wconf 86' lang='lat' dir='ltr'>naturam</span> 
     </span>
     <span class='ocr_line' id='line_1_19' title="bbox 159 1305 1690 1357; baseline 0 -12"><span class='ocrx_word' id='word_1_161' title='bbox 159 1322 201 1346; x_wconf 88' lang='lat' dir='ltr'>ac</span> <span class='ocrx_word' id='word_1_162' title='bbox 241 1309 316 1345; x_wconf 89' lang='lat' dir='ltr'>vim</span> <span class='ocrx_word' id='word_1_163' title='bbox 350 1308 517 1344; x_wconf 88' lang='lat' dir='ltr'>omnium</span> <span class='ocrx_word' id='word_1_164' title='bbox 553 1308 893 1352; x_wconf 89' lang='lat' dir='ltr'>Sacramentorum,</span> <span class='ocrx_word' id='word_1_165' title='bbox 928 1311 964 1343; x_wconf 91' lang='lat' dir='ltr'>et</span> <span class='ocrx_word' id='word_1_166' title='bbox 1001 1305 1302 1355; x_wconf 88' lang='lat' dir='ltr'>Synecdochicas</span> <span class='ocrx_word' id='word_1_167' title='bbox 1341 1319 1385 1343; x_wconf 90' lang='lat' dir='ltr'>ac</span> <span class='ocrx_word' id='word_1_168' title='bbox 1413 1306 1690 1357; x_wconf 82' lang='lat' dir='ltr'>Metonymicas</span> 
     </span>
     <span class='ocr_line' id='line_1_20' title="bbox 157 1371 1692 1422; baseline -0.001 -11"><span class='ocrx_word' id='word_1_169' title='bbox 157 1374 234 1411; x_wconf 91' lang='lat' dir='ltr'>eius</span> <span class='ocrx_word' id='word_1_170' title='bbox 270 1372 448 1422; x_wconf 89' lang='lat' dir='ltr'>temporis</span> <span class='ocrx_word' id='word_1_171' title='bbox 483 1371 726 1422; x_wconf 89' lang='lat' dir='ltr'>loquutiones</span> <span class='ocrx_word' id='word_1_172' title='bbox 762 1371 872 1408; x_wconf 86' lang='lat' dir='ltr'>facile</span> <span class='ocrx_word' id='word_1_173' title='bbox 899 1371 1060 1409; x_wconf 88' lang='lat' dir='ltr'>invicem</span> <span class='ocrx_word' id='word_1_174' title='bbox 1087 1371 1358 1419; x_wconf 86' lang='lat' dir='ltr'>agnoscebant,</span> <span class='ocrx_word' id='word_1_175' title='bbox 1385 1371 1425 1409; x_wconf 90' lang='lat' dir='ltr'>in</span> <span class='ocrx_word' id='word_1_176' title='bbox 1453 1372 1590 1422; x_wconf 89' lang='lat' dir='ltr'>quibus</span> <span class='ocrx_word' id='word_1_177' title='bbox 1619 1372 1692 1410; x_wconf 89' lang='lat' dir='ltr'>sibi</span> 
     </span>
     <span class='ocr_line' id='line_1_21' title="bbox 157 1435 1692 1488; baseline 0 -14"><span class='ocrx_word' id='word_1_178' title='bbox 157 1437 383 1488; x_wconf 87' lang='lat' dir='ltr'>quandoque</span> <span class='ocrx_word' id='word_1_179' title='bbox 427 1436 537 1474; x_wconf 84' lang='lat' dir='ltr'>etiam</span> <span class='ocrx_word' id='word_1_180' title='bbox 582 1436 666 1486; x_wconf 89' lang='lat' dir='ltr'>plus</span> <span class='ocrx_word' id='word_1_181' title='bbox 712 1436 803 1473; x_wconf 88' lang='lat' dir='ltr'>satis</span> <span class='ocrx_word' id='word_1_182' title='bbox 839 1435 1117 1486; x_wconf 85' lang='lat' dir='ltr'>permittebant,</span> <span class='ocrx_word' id='word_1_183' title='bbox 1150 1439 1194 1473; x_wconf 89' lang='lat' dir='ltr'>ut</span> <span class='ocrx_word' id='word_1_184' title='bbox 1231 1436 1296 1487; x_wconf 91' lang='lat' dir='ltr'>qui</span> <span class='ocrx_word' id='word_1_185' title='bbox 1332 1436 1377 1474; x_wconf 90' lang='lat' dir='ltr'>de</span> <span class='ocrx_word' id='word_1_186' title='bbox 1413 1436 1553 1474; x_wconf 87' lang='lat' dir='ltr'>nostris</span> <span class='ocrx_word' id='word_1_187' title='bbox 1589 1450 1692 1474; x_wconf 88' lang='lat' dir='ltr'>nunc</span> 
     </span>
     <span class='ocr_line' id='line_1_22' title="bbox 158 1500 1691 1552; baseline -0.001 -13"><span class='ocrx_word' id='word_1_188' title='bbox 158 1501 421 1540; x_wconf 88' lang='lat' dir='ltr'>controversiis</span> <span class='ocrx_word' id='word_1_189' title='bbox 459 1500 765 1537; x_wconf 86' lang='lat' dir='ltr'>Sacramentariis</span> <span class='ocrx_word' id='word_1_190' title='bbox 802 1500 899 1537; x_wconf 89' lang='lat' dir='ltr'>nihil</span> <span class='ocrx_word' id='word_1_191' title='bbox 934 1500 1089 1537; x_wconf 87' lang='lat' dir='ltr'>omnino</span> <span class='ocrx_word' id='word_1_192' title='bbox 1118 1500 1348 1549; x_wconf 83' lang='lat' dir='ltr'>cogitarent;</span> <span class='ocrx_word' id='word_1_193' title='bbox 1377 1500 1442 1538; x_wconf 91' lang='lat' dir='ltr'>sed</span> <span class='ocrx_word' id='word_1_194' title='bbox 1471 1501 1544 1538; x_wconf 89' lang='lat' dir='ltr'>huc</span> <span class='ocrx_word' id='word_1_195' title='bbox 1571 1501 1691 1552; x_wconf 92' lang='lat' dir='ltr'>potis-</span> 
     </span>
     <span class='ocr_line' id='line_1_23' title="bbox 160 1564 1692 1617; baseline -0.001 -13"><span class='ocrx_word' id='word_1_196' title='bbox 160 1567 294 1604; x_wconf 90' lang='lat' dir='ltr'>simum</span> <span class='ocrx_word' id='word_1_197' title='bbox 332 1569 556 1617; x_wconf 86' lang='lat' dir='ltr'>spectarent,</span> <span class='ocrx_word' id='word_1_198' title='bbox 590 1570 633 1602; x_wconf 89' lang='lat' dir='ltr'>ut</span> <span class='ocrx_word' id='word_1_199' title='bbox 659 1564 820 1602; x_wconf 85' lang='lat' dir='ltr'>Divinae</span> <span class='ocrx_word' id='word_1_200' title='bbox 845 1565 931 1613; x_wconf 89' lang='lat' dir='ltr'>(fol.</span> <span class='ocrx_word' id='word_1_201' title='bbox 960 1566 1018 1613; x_wconf 66' lang='lat' dir='ltr'>Sa)</span> <span class='ocrx_word' id='word_1_202' title='bbox 1045 1564 1304 1603; x_wconf 84' lang='lat' dir='ltr'>institutiones</span> <span class='ocrx_word' id='word_1_203' title='bbox 1334 1577 1439 1602; x_wconf 86' lang='lat' dir='ltr'>suam</span> <span class='ocrx_word' id='word_1_204' title='bbox 1467 1564 1692 1613; x_wconf 79' lang='lat' dir='ltr'>dignitatem</span> 
     </span>
     <span class='ocr_line' id='line_1_24' title="bbox 159 1628 1692 1680; baseline -0.001 -10"><span class='ocrx_word' id='word_1_205' title='bbox 159 1633 198 1670; x_wconf 91' lang='lat' dir='ltr'>in</span> <span class='ocrx_word' id='word_1_206' title='bbox 234 1641 402 1669; x_wconf 77' lang='lat' dir='ltr'>CHRISTI</span> <span class='ocrx_word' id='word_1_207' title='bbox 432 1630 601 1668; x_wconf 86' lang='lat' dir='ltr'>Ecclesia</span> <span class='ocrx_word' id='word_1_208' title='bbox 629 1630 856 1675; x_wconf 84' lang='lat' dir='ltr'>obtinerent,</span> <span class='ocrx_word' id='word_1_209' title='bbox 883 1629 922 1667; x_wconf 90' lang='lat' dir='ltr'>id</span> <span class='ocrx_word' id='word_1_210' title='bbox 950 1629 1052 1680; x_wconf 90' lang='lat' dir='ltr'>quod</span> <span class='ocrx_word' id='word_1_211' title='bbox 1080 1642 1121 1667; x_wconf 89' lang='lat' dir='ltr'>ea</span> <span class='ocrx_word' id='word_1_212' title='bbox 1149 1628 1230 1680; x_wconf 89' lang='lat' dir='ltr'>ipsa</span> <span class='ocrx_word' id='word_1_213' title='bbox 1257 1629 1358 1680; x_wconf 86' lang='lat' dir='ltr'>apud</span> <span class='ocrx_word' id='word_1_214' title='bbox 1385 1629 1535 1667; x_wconf 90' lang='lat' dir='ltr'>eosdem</span> <span class='ocrx_word' id='word_1_215' title='bbox 1563 1630 1692 1668; x_wconf 87' lang='lat' dir='ltr'>Patres</span> 
     </span>
     <span class='ocr_line' id='line_1_25' title="bbox 159 1693 1694 1746; baseline -0.001 -13"><span class='ocrx_word' id='word_1_216' title='bbox 159 1695 415 1746; x_wconf 85' lang='lat' dir='ltr'>usurpationis</span> <span class='ocrx_word' id='word_1_217' title='bbox 449 1694 490 1732; x_wconf 91' lang='lat' dir='ltr'>in</span> <span class='ocrx_word' id='word_1_218' title='bbox 527 1707 617 1731; x_wconf 89' lang='lat' dir='ltr'>voce</span> <span class='ocrx_word' id='word_1_219' title='bbox 645 1693 878 1732; x_wconf 87' lang='lat' dir='ltr'>Sacramenti</span> <span class='ocrx_word' id='word_1_220' title='bbox 905 1700 1082 1739; x_wconf 85' lang='lat' dir='ltr'>(concors</span> <span class='ocrx_word' id='word_1_221' title='bbox 1110 1693 1280 1742; x_wconf 87' lang='lat' dir='ltr'>interim)</span> <span class='ocrx_word' id='word_1_222' title='bbox 1310 1694 1469 1732; x_wconf 84' lang='lat' dir='ltr'>varietas</span> <span class='ocrx_word' id='word_1_223' title='bbox 1495 1694 1694 1732; x_wconf 86' lang='lat' dir='ltr'>manifeste</span> 
     </span>
     <span class='ocr_line' id='line_1_26' title="bbox 159 1756 1695 1808; baseline 0.001 -13"><span class='ocrx_word' id='word_1_224' title='bbox 159 1763 334 1795; x_wconf 84' lang='lat' dir='ltr'>testatur:</span> <span class='ocrx_word' id='word_1_225' title='bbox 374 1770 505 1807; x_wconf 91' lang='lat' dir='ltr'>nempe</span> <span class='ocrx_word' id='word_1_226' title='bbox 540 1757 655 1808; x_wconf 89' lang='lat' dir='ltr'>quod,</span> <span class='ocrx_word' id='word_1_227' title='bbox 692 1757 723 1794; x_wconf 90' lang='lat' dir='ltr'>si</span> <span class='ocrx_word' id='word_1_228' title='bbox 759 1756 910 1808; x_wconf 87' lang='lat' dir='ltr'>quando</span> <span class='ocrx_word' id='word_1_229' title='bbox 952 1757 993 1795; x_wconf 92' lang='lat' dir='ltr'>in</span> <span class='ocrx_word' id='word_1_230' title='bbox 1021 1757 1204 1794; x_wconf 88' lang='lat' dir='ltr'>eiusmodi</span> <span class='ocrx_word' id='word_1_231' title='bbox 1231 1757 1420 1796; x_wconf 88' lang='lat' dir='ltr'>auditores</span> <span class='ocrx_word' id='word_1_232' title='bbox 1458 1758 1695 1805; x_wconf 79' lang='lat' dir='ltr'>incidissent,</span> 
     </span>
     <span class='ocr_line' id='line_1_27' title="bbox 161 1822 1695 1873; baseline 0.003 -15"><span class='ocrx_word' id='word_1_233' title='bbox 161 1822 226 1872; x_wconf 89' lang='lat' dir='ltr'>qui</span> <span class='ocrx_word' id='word_1_234' title='bbox 253 1822 360 1870; x_wconf 83' lang='lat' dir='ltr'>signa</span> <span class='ocrx_word' id='word_1_235' title='bbox 383 1827 537 1859; x_wconf 79' lang='lat' dir='ltr'>externa</span> <span class='ocrx_word' id='word_1_236' title='bbox 565 1823 894 1859; x_wconf 86' lang='lat' dir='ltr'>Sacramentorum</span> <span class='ocrx_word' id='word_1_237' title='bbox 923 1822 1036 1860; x_wconf 87' lang='lat' dir='ltr'>veluti</span> <span class='ocrx_word' id='word_1_238' title='bbox 1062 1836 1217 1873; x_wconf 88' lang='lat' dir='ltr'>prorsus</span> <span class='ocrx_word' id='word_1_239' title='bbox 1232 1822 1381 1863; x_wconf 84' lang='lat' dir='ltr'>inutilia</span> <span class='ocrx_word' id='word_1_240' title='bbox 1402 1828 1695 1872; x_wconf 89' lang='lat' dir='ltr'>contemnerent,</span> 
     </span>
     <span class='ocr_line' id='line_1_28' title="bbox 161 1885 1693 1942; baseline 0.003 -18"><span class='ocrx_word' id='word_1_241' title='bbox 161 1899 289 1924; x_wconf 83' lang='lat' dir='ltr'>vocem</span> <span class='ocrx_word' id='word_1_242' title='bbox 326 1885 443 1936; x_wconf 87' lang='lat' dir='ltr'>ipsam</span> <span class='ocrx_word' id='word_1_243' title='bbox 480 1887 712 1924; x_wconf 87' lang='lat' dir='ltr'>Sacramenti</span> <span class='ocrx_word' id='word_1_244' title='bbox 745 1886 791 1924; x_wconf 88' lang='lat' dir='ltr'>ad</span> <span class='ocrx_word' id='word_1_245' title='bbox 828 1887 907 1937; x_wconf 85' lang='lat' dir='ltr'>ipsa</span> <span class='ocrx_word' id='word_1_246' title='bbox 936 1887 1042 1936; x_wconf 86' lang='lat' dir='ltr'>signa</span> <span class='ocrx_word' id='word_1_247' title='bbox 1069 1889 1264 1933; x_wconf 84' lang='lat' dir='ltr'>referrent,</span> <span class='ocrx_word' id='word_1_248' title='bbox 1290 1892 1332 1926; x_wconf 87' lang='lat' dir='ltr'>ut</span> <span class='ocrx_word' id='word_1_249' title='bbox 1358 1902 1400 1926; x_wconf 89' lang='lat' dir='ltr'>ea</span> <span class='ocrx_word' id='word_1_250' title='bbox 1427 1902 1447 1926; x_wconf 88' lang='lat' dir='ltr'>a</span> <span class='ocrx_word' id='word_1_251' title='bbox 1477 1895 1693 1942; x_wconf 85' lang='lat' dir='ltr'>contemptu</span> 
     </span>
     <span class='ocr_line' id='line_1_29' title="bbox 163 1948 1695 2002; baseline 0.004 -18"><span class='ocrx_word' id='word_1_252' title='bbox 163 1948 419 1993; x_wconf 85' lang='lat' dir='ltr'>vindicarent;</span> <span class='ocrx_word' id='word_1_253' title='bbox 445 1969 496 1976; x_wconf 96' lang='lat'><strong>—</strong></span> <span class='ocrx_word' id='word_1_254' title='bbox 522 1960 566 1985; x_wconf 87' lang='lat' dir='ltr'>ac</span> <span class='ocrx_word' id='word_1_255' title='bbox 600 1961 762 1992; x_wconf 86' lang='lat' dir='ltr'>rursum,</span> <span class='ocrx_word' id='word_1_256' title='bbox 792 1948 823 1985; x_wconf 87' lang='lat' dir='ltr'>si</span> <span class='ocrx_word' id='word_1_257' title='bbox 849 1949 1000 1999; x_wconf 87' lang='lat' dir='ltr'>quando</span> <span class='ocrx_word' id='word_1_258' title='bbox 1031 1962 1114 1986; x_wconf 89' lang='lat' dir='ltr'>cum</span> <span class='ocrx_word' id='word_1_259' title='bbox 1141 1949 1217 1987; x_wconf 92' lang='lat' dir='ltr'>illis</span> <span class='ocrx_word' id='word_1_260' title='bbox 1254 1955 1419 1999; x_wconf 81' lang='lat' dir='ltr'>agerent,</span> <span class='ocrx_word' id='word_1_261' title='bbox 1455 1951 1522 2002; x_wconf 88' lang='lat' dir='ltr'>qui</span> <span class='ocrx_word' id='word_1_262' title='bbox 1548 1952 1620 1990; x_wconf 88' lang='lat' dir='ltr'>toti</span> <span class='ocrx_word' id='word_1_263' title='bbox 1655 1952 1695 1990; x_wconf 90' lang='lat' dir='ltr'>in</span> 
     </span>
     <span class='ocr_line' id='line_1_30' title="bbox 164 2011 1694 2067; baseline 0.004 -20"><span class='ocrx_word' id='word_1_264' title='bbox 164 2011 357 2060; x_wconf 79' lang='lat' dir='ltr'>signorum</span> <span class='ocrx_word' id='word_1_265' title='bbox 396 2012 576 2048; x_wconf 84' lang='lat' dir='ltr'>duntaxat</span> <span class='ocrx_word' id='word_1_266' title='bbox 612 2011 860 2050; x_wconf 84' lang='lat' dir='ltr'>admiratione</span> <span class='ocrx_word' id='word_1_267' title='bbox 887 2012 1093 2057; x_wconf 88' lang='lat' dir='ltr'>haererent,</span> <span class='ocrx_word' id='word_1_268' title='bbox 1121 2026 1248 2051; x_wconf 90' lang='lat' dir='ltr'>vocem</span> <span class='ocrx_word' id='word_1_269' title='bbox 1277 2015 1510 2052; x_wconf 87' lang='lat' dir='ltr'>Sacramenti</span> <span class='ocrx_word' id='word_1_270' title='bbox 1538 2016 1584 2053; x_wconf 87' lang='lat' dir='ltr'>ad</span> <span class='ocrx_word' id='word_1_271' title='bbox 1612 2016 1694 2067; x_wconf 88' lang='lat' dir='ltr'>ipsa</span> 
     </span>
     <span class='ocr_line' id='line_1_31' title="bbox 163 2076 1692 2130; baseline 0.004 -17"><span class='ocrx_word' id='word_1_272' title='bbox 163 2076 338 2126; x_wconf 84' lang='lat' dir='ltr'>mysteria</span> <span class='ocrx_word' id='word_1_273' title='bbox 378 2077 645 2113; x_wconf 86' lang='lat' dir='ltr'>transferrent:</span> <span class='ocrx_word' id='word_1_274' title='bbox 683 2077 747 2114; x_wconf 88' lang='lat' dir='ltr'>sed</span> <span class='ocrx_word' id='word_1_275' title='bbox 792 2082 916 2115; x_wconf 87' lang='lat' dir='ltr'>tamen</span> <span class='ocrx_word' id='word_1_276' title='bbox 952 2078 1154 2128; x_wconf 88' lang='lat' dir='ltr'>aliquando</span> <span class='ocrx_word' id='word_1_277' title='bbox 1192 2079 1303 2116; x_wconf 86' lang='lat' dir='ltr'>etiam</span> <span class='ocrx_word' id='word_1_278' title='bbox 1338 2084 1498 2130; x_wconf 84' lang='lat' dir='ltr'>utraque</span> <span class='ocrx_word' id='word_1_279' title='bbox 1533 2080 1625 2118; x_wconf 88' lang='lat' dir='ltr'>haec</span> <span class='ocrx_word' id='word_1_280' title='bbox 1651 2082 1692 2120; x_wconf 91' lang='lat' dir='ltr'>in</span> 
     </span>
     <span class='ocr_line' id='line_1_32' title="bbox 166 2141 1694 2189; baseline 0.003 -11"><span class='ocrx_word' id='word_1_281' title='bbox 166 2154 256 2178; x_wconf 89' lang='lat' dir='ltr'>voce</span> <span class='ocrx_word' id='word_1_282' title='bbox 293 2141 524 2178; x_wconf 88' lang='lat' dir='ltr'>Sacramenti</span> <span class='ocrx_word' id='word_1_283' title='bbox 553 2141 835 2189; x_wconf 78' lang='lat' dir='ltr'>coniungerent,</span> <span class='ocrx_word' id='word_1_284' title='bbox 860 2145 904 2179; x_wconf 90' lang='lat' dir='ltr'>ut</span> <span class='ocrx_word' id='word_1_285' title='bbox 932 2155 1056 2179; x_wconf 91' lang='lat' dir='ltr'>veram</span> <span class='ocrx_word' id='word_1_286' title='bbox 1085 2144 1412 2181; x_wconf 86' lang='lat' dir='ltr'>Sacramentorum</span> <span class='ocrx_word' id='word_1_287' title='bbox 1440 2144 1623 2183; x_wconf 85' lang='lat' dir='ltr'>rationem</span> <span class='ocrx_word' id='word_1_288' title='bbox 1650 2160 1694 2184; x_wconf 85' lang='lat' dir='ltr'>ac</span> 
     </span>
     <span class='ocr_line' id='line_1_33' title="bbox 165 2204 891 2244; baseline 0.001 -1"><span class='ocrx_word' id='word_1_289' title='bbox 165 2210 335 2243; x_wconf 88' lang='lat' dir='ltr'>naturam</span> <span class='ocrx_word' id='word_1_290' title='bbox 361 2204 513 2242; x_wconf 87' lang='lat' dir='ltr'>interim</span> <span class='ocrx_word' id='word_1_291' title='bbox 541 2210 891 2244; x_wconf 86' lang='lat' dir='ltr'>commonstrarent.</span> 
     </span>
    </p>

    <p class='ocr_par' dir='ltr' id='par_1_5' title="bbox 165 2269 1697 2641">
     <span class='ocr_line' id='line_1_34' title="bbox 215 2269 1691 2322; baseline 0.004 -14"><span class='ocrx_word' id='word_1_292' title='bbox 215 2272 267 2308; x_wconf 89' lang='lat' dir='ltr'>At</span> <span class='ocrx_word' id='word_1_293' title='bbox 294 2283 379 2307; x_wconf 88' lang='lat' dir='ltr'>vero</span> <span class='ocrx_word' id='word_1_294' title='bbox 409 2282 565 2307; x_wconf 88' lang='lat' dir='ltr'>concors</span> <span class='ocrx_word' id='word_1_295' title='bbox 592 2269 657 2307; x_wconf 84' lang='lat' dir='ltr'>illa</span> <span class='ocrx_word' id='word_1_296' title='bbox 685 2271 833 2308; x_wconf 84' lang='lat' dir='ltr'>Patrum</span> <span class='ocrx_word' id='word_1_297' title='bbox 862 2271 902 2308; x_wconf 90' lang='lat' dir='ltr'>in</span> <span class='ocrx_word' id='word_1_298' title='bbox 931 2272 1143 2322; x_wconf 85' lang='lat' dir='ltr'>usurpanda</span> <span class='ocrx_word' id='word_1_299' title='bbox 1171 2285 1262 2309; x_wconf 90' lang='lat' dir='ltr'>voce</span> <span class='ocrx_word' id='word_1_300' title='bbox 1285 2274 1517 2311; x_wconf 85' lang='lat' dir='ltr'>Sacramenti</span> <span class='ocrx_word' id='word_1_301' title='bbox 1534 2275 1691 2314; x_wconf 78' lang='lat' dir='ltr'>varietas</span> 
     </span>
     <span class='ocr_line' id='line_1_35' title="bbox 165 2333 1697 2388; baseline 0 -15"><span class='ocrx_word' id='word_1_302' title='bbox 165 2348 241 2373; x_wconf 87' lang='lat' dir='ltr'>non</span> <span class='ocrx_word' id='word_1_303' title='bbox 278 2334 372 2372; x_wconf 83' lang='lat' dir='ltr'>levia</span> <span class='ocrx_word' id='word_1_304' title='bbox 409 2334 518 2370; x_wconf 89' lang='lat' dir='ltr'>nobis</span> <span class='ocrx_word' id='word_1_305' title='bbox 553 2333 707 2371; x_wconf 87' lang='lat' dir='ltr'>dissidia</span> <span class='ocrx_word' id='word_1_306' title='bbox 733 2335 876 2385; x_wconf 88' lang='lat' dir='ltr'>peperit</span> <span class='ocrx_word' id='word_1_307' title='bbox 902 2341 1043 2385; x_wconf 84' lang='lat' dir='ltr'>postea,</span> <span class='ocrx_word' id='word_1_308' title='bbox 1071 2336 1160 2373; x_wconf 86' lang='lat' dir='ltr'>dum</span> <span class='ocrx_word' id='word_1_309' title='bbox 1187 2349 1282 2386; x_wconf 86' lang='lat' dir='ltr'>quae</span> <span class='ocrx_word' id='word_1_310' title='bbox 1308 2335 1366 2373; x_wconf 88' lang='lat' dir='ltr'>illi</span> <span class='ocrx_word' id='word_1_311' title='bbox 1393 2341 1697 2388; x_wconf 56' lang='grc' dir='ltr'><em>συνεκδοχικῶς,</em></span> 
     </span>
     <span class='ocr_line' id='line_1_36' title="bbox 165 2398 1694 2453; baseline 0.002 -14"><span class='ocrx_word' id='word_1_312' title='bbox 165 2408 227 2438; x_wconf 85' lang='lat' dir='ltr'>aut</span> <span class='ocrx_word' id='word_1_313' title='bbox 264 2407 536 2448; x_wconf 75' lang='grc' dir='ltr'><em>μετωνυμικῶς</em></span> <span class='ocrx_word' id='word_1_314' title='bbox 575 2398 762 2441; x_wconf 86' lang='lat' dir='ltr'>dicebant,</span> <span class='ocrx_word' id='word_1_315' title='bbox 804 2399 903 2437; x_wconf 89' lang='lat' dir='ltr'>nude</span> <span class='ocrx_word' id='word_1_316' title='bbox 938 2413 981 2437; x_wconf 88' lang='lat' dir='ltr'>ac</span> <span class='ocrx_word' id='word_1_317' title='bbox 1009 2400 1228 2451; x_wconf 84' lang='lat' dir='ltr'>simpliciter</span> <span class='ocrx_word' id='word_1_318' title='bbox 1255 2401 1391 2451; x_wconf 84' lang='lat' dir='ltr'>exponi</span> <span class='ocrx_word' id='word_1_319' title='bbox 1420 2412 1631 2453; x_wconf 86' lang='lat' dir='ltr'>coeperunt,</span> <span class='ocrx_word' id='word_1_320' title='bbox 1657 2408 1694 2442; x_wconf 90' lang='lat' dir='ltr'>et</span> 
     </span>
     <span class='ocr_line' id='line_1_37' title="bbox 167 2463 1695 2518; baseline 0.003 -17"><span class='ocrx_word' id='word_1_321' title='bbox 167 2477 244 2502; x_wconf 87' lang='lat' dir='ltr'>non</span> <span class='ocrx_word' id='word_1_322' title='bbox 281 2464 321 2501; x_wconf 88' lang='lat' dir='ltr'>in</span> <span class='ocrx_word' id='word_1_323' title='bbox 359 2463 589 2500; x_wconf 84' lang='lat' dir='ltr'>Sacramenti</span> <span class='ocrx_word' id='word_1_324' title='bbox 627 2475 718 2500; x_wconf 91' lang='lat' dir='ltr'>voce</span> <span class='ocrx_word' id='word_1_325' title='bbox 745 2467 903 2509; x_wconf 83' lang='lat' dir='ltr'>tantum,</span> <span class='ocrx_word' id='word_1_326' title='bbox 930 2464 992 2501; x_wconf 88' lang='lat' dir='ltr'>sed</span> <span class='ocrx_word' id='word_1_327' title='bbox 1021 2464 1060 2501; x_wconf 89' lang='lat' dir='ltr'>in</span> <span class='ocrx_word' id='word_1_328' title='bbox 1089 2464 1251 2515; x_wconf 87' lang='lat' dir='ltr'>partium</span> <span class='ocrx_word' id='word_1_329' title='bbox 1278 2479 1427 2516; x_wconf 89' lang='lat' dir='ltr'>quoque</span> <span class='ocrx_word' id='word_1_330' title='bbox 1455 2466 1554 2504; x_wconf 82' lang='lat' dir='ltr'>illius</span> <span class='ocrx_word' id='word_1_331' title='bbox 1582 2481 1695 2518; x_wconf 86' lang='lat' dir='ltr'>expo-</span> 
     </span>
     <span class='ocr_line' id='line_1_38' title="bbox 166 2527 1696 2578; baseline 0.003 -13"><span class='ocrx_word' id='word_1_332' title='bbox 166 2528 301 2566; x_wconf 79' lang='lat' dir='ltr'>sitione</span> <span class='ocrx_word' id='word_1_333' title='bbox 336 2527 485 2565; x_wconf 86' lang='lat' dir='ltr'>demum</span> <span class='ocrx_word' id='word_1_334' title='bbox 522 2527 703 2564; x_wconf 87' lang='lat' dir='ltr'>dissensio</span> <span class='ocrx_word' id='word_1_335' title='bbox 742 2532 822 2564; x_wconf 91' lang='lat' dir='ltr'>orta</span> <span class='ocrx_word' id='word_1_336' title='bbox 851 2532 959 2570; x_wconf 83' lang='lat' dir='ltr'>esset,</span> <span class='ocrx_word' id='word_1_337' title='bbox 987 2528 1302 2578; x_wconf 84' lang='lat' dir='ltr'>quemadmodum</span> <span class='ocrx_word' id='word_1_338' title='bbox 1333 2543 1400 2567; x_wconf 89' lang='lat' dir='ltr'>suo</span> <span class='ocrx_word' id='word_1_339' title='bbox 1429 2530 1512 2568; x_wconf 91' lang='lat' dir='ltr'>loco</span> <span class='ocrx_word' id='word_1_340' title='bbox 1542 2532 1696 2570; x_wconf 85' lang='lat' dir='ltr'>(licetur.</span> 
     </span>
     <span class='ocr_line' id='line_1_39' title="bbox 166 2590 494 2641; baseline 0.006 -11"><span class='ocrx_word' id='word_1_341' title='bbox 166 2594 250 2641; x_wconf 90' lang='lat' dir='ltr'>(fol.</span> <span class='ocrx_word' id='word_1_342' title='bbox 281 2594 354 2640; x_wconf 74' lang='lat' dir='ltr'>Sb).</span> <span class='ocrx_word' id='word_1_343' title='bbox 490 2590 494 2593; x_wconf 68' lang='grc'>’</span> 
     </span>
    </p>

    <p class='ocr_par' dir='ltr' id='par_1_6' title="bbox 218 2655 1696 2711">
     <span class='ocr_line' id='line_1_40' title="bbox 218 2655 1696 2711; baseline 0.002 -16"><span class='ocrx_word' id='word_1_344' title='bbox 218 2656 387 2695; x_wconf 89' lang='lat' dir='ltr'>Accessit</span> <span class='ocrx_word' id='word_1_345' title='bbox 422 2660 543 2693; x_wconf 87' lang='lat' dir='ltr'>autem</span> <span class='ocrx_word' id='word_1_346' title='bbox 582 2661 618 2693; x_wconf 86' lang='lat' dir='ltr'>ct</span> <span class='ocrx_word' id='word_1_347' title='bbox 654 2656 725 2692; x_wconf 88' lang='lat' dir='ltr'>alia</span> <span class='ocrx_word' id='word_1_348' title='bbox 763 2655 887 2693; x_wconf 86' lang='lat' dir='ltr'>adhuc</span> <span class='ocrx_word' id='word_1_349' title='bbox 923 2656 1023 2694; x_wconf 87' lang='lat' dir='ltr'>vocis</span> <span class='ocrx_word' id='word_1_350' title='bbox 1062 2658 1293 2696; x_wconf 89' lang='lat' dir='ltr'>Sacramenti</span> <span class='ocrx_word' id='word_1_351' title='bbox 1322 2660 1523 2710; x_wconf 85' lang='lat' dir='ltr'>usurpatiO,</span> <span class='ocrx_word' id='word_1_352' title='bbox 1550 2665 1696 2711; x_wconf 86' lang='lat' dir='ltr'>recepta</span> 
     </span>
    </p>
   </div>
   <div class='ocr_carea' id='block_1_3' title="bbox 212 2797 1382 2897">
    <p class='ocr_par' dir='ltr' id='par_1_7' title="bbox 212 2797 1382 2897">
     <span class='ocr_line' id='line_1_41' title="bbox 213 2797 1382 2841; baseline 0.001 -10"><span class='ocrx_word' id='word_1_353' title='bbox 213 2802 235 2838; x_wconf 89' lang='lat'>¹)</span> <span class='ocrx_word' id='word_1_354' title='bbox 259 2801 359 2832; x_wconf 89' lang='lat' dir='ltr'>Tomo</span> <span class='ocrx_word' id='word_1_355' title='bbox 383 2801 411 2832; x_wconf 84' lang='lat'>3.</span> <span class='ocrx_word' id='word_1_356' title='bbox 435 2799 537 2841; x_wconf 85' lang='lat' dir='ltr'>Epist.</span> <span class='ocrx_word' id='word_1_357' title='bbox 561 2799 600 2828; x_wconf 78' lang='lat'>85</span> <span class='ocrx_word' id='word_1_358' title='bbox 624 2798 662 2828; x_wconf 86' lang='lat' dir='ltr'>ad</span> <span class='ocrx_word' id='word_1_359' title='bbox 685 2797 908 2828; x_wconf 82' lang='lat' dir='ltr'>Demetriadcn</span> <span class='ocrx_word' id='word_1_360' title='bbox 935 2797 1099 2839; x_wconf 77' lang='lat' dir='ltr'>virginem,</span> <span class='ocrx_word' id='word_1_361' title='bbox 1124 2799 1156 2830; x_wconf 91' lang='lat' dir='ltr'>in</span> <span class='ocrx_word' id='word_1_362' title='bbox 1179 2800 1283 2832; x_wconf 88' lang='lat' dir='ltr'>medio</span> <span class='ocrx_word' id='word_1_363' title='bbox 1308 2801 1382 2832; x_wconf 83' lang='lat' dir='ltr'>fero.</span> 
     </span>
     <span class='ocr_line' id='line_1_42' title="bbox 212 2852 971 2897; baseline -0.005 -10"><span class='ocrx_word' id='word_1_364' title='bbox 212 2856 238 2894; x_wconf 72' lang='grc'>2)</span> <span class='ocrx_word' id='word_1_365' title='bbox 262 2855 301 2887; x_wconf 90' lang='lat' dir='ltr'>In</span> <span class='ocrx_word' id='word_1_366' title='bbox 324 2866 392 2897; x_wconf 84' lang='lat' dir='ltr'>cap.</span> <span class='ocrx_word' id='word_1_367' title='bbox 415 2855 461 2887; x_wconf 88' lang='lat' dir='ltr'>Io.</span> <span class='ocrx_word' id='word_1_368' title='bbox 486 2855 513 2892; x_wconf 86' lang='lat'>6,</span> <span class='ocrx_word' id='word_1_369' title='bbox 537 2856 630 2885; x_wconf 85' lang='lat' dir='ltr'>tract.</span> <span class='ocrx_word' id='word_1_370' title='bbox 654 2853 703 2891; x_wconf 82' lang='lat'>26,</span> <span class='ocrx_word' id='word_1_371' title='bbox 728 2855 800 2895; x_wconf 87' lang='lat' dir='ltr'>post</span> <span class='ocrx_word' id='word_1_372' title='bbox 822 2852 971 2884; x_wconf 81' lang='lat' dir='ltr'>medium.</span> 
     </span>
    </p>
   </div>
  </div>
 </body>
</html>
