1818 3178
685 153 877 184 nmsronA
905 155 959 182 AD
989 155 1140 185 11001111.
1606 151 1677 188 101

150 250 368 302 praestigias
402 251 557 303 inquam
594 267 680 292 suae
715 256 1140 304 transubstantiationiS‚
1175 262 1211 297 et
1244 259 1541 310 propitiatoriam
1568 260 1670 299 illam

149 315 250 361 novi,
283 315 407 353 nescio
445 316 564 362 cuius,
601 318 750 358 Christo
780 325 876 358 certe
903 321 1090 371 incogniti
1116 322 1283 374 adeoque
1309 328 1345 362 et
1371 323 1584 370 adversarii,
1611 339 1671 363 sa-

150 378 306 418 cerdotii
350 379 580 419 oblationem
623 396 690 433 pro
729 384 898 423 vivorum
945 389 982 424 et
1016 390 1251 425 mortuorum
1286 389 1474 439 peccatis?
1527 389 1673 429 Deinde

146 447 301 494 quanto,
344 443 513 490 obsecr0,
555 451 765 487 monstrum
802 449 874 487 hoc
908 450 982 488 tale
1017 452 1255 502 templorum,
1289 453 1475 499 altarium,
1511 454 1669 493 vestium

143 507 254 558 plane
288 507 531 555 scenicarum,
575 511 760 559 nolarum,
803 526 1004 558 cereorum,
1047 517 1247 562 suffituum,
1290 518 1589 557 modulationum
1625 533 1668 557 ac

146 570 450 610 histrionicarum
480 576 752 625 propemodum
787 577 1130 626 gesticulationum,
1156 580 1310 632 eiusque
1336 582 1479 620 farinae
1506 582 1669 634 plurium

142 635 449 685 superstitionum
485 644 664 690 apparatu
691 642 911 679 exornavit?
965 643 1157 681 Postremo
1185 649 1325 697 quanta
1350 645 1444 684 illud
1471 648 1670 697 tyrannide

143 711 187 736 ac
230 700 457 739 truculentia
500 708 536 740 et
581 702 759 742 hactenus
803 706 1065 755 propugnavit,
1109 711 1146 745 et
1179 721 1416 759 propugnare
1451 710 1670 757 etiamnum,

141 763 242 814 quod
275 764 316 803 in
349 779 388 803 se
414 770 482 813 est,
508 780 585 806 non
613 772 744 807 cessat.
789 769 1104 820 Nequefdubium
1131 777 1199 817 est,
1225 772 1317 822 quin
1345 787 1383 812 se
1409 777 1510 824 to-(†
1524 778 1665 824 4²¹)tum

139 828 250 878 plane
285 829 425 877 orbem,
467 831 621 870 inducta
653 832 815 871 monstri
851 833 960 871 huius
997 835 1055 872 sui
1089 835 1316 883 idololatria,
1360 839 1664 878 conculcaturum

139 905 219 931 esse
253 897 413 944 putaret.
466 895 517 934 Et
551 900 677 935 tamen
710 897 801 948 quid
836 897 911 936 iam
936 898 993 935 illi
1020 904 1179 950 prosunt
1207 913 1335 939 omnes
1362 903 1466 940 fuci?
1494 905 1584 954 quid
1611 909 1669 943 tot

141 960 322 996 conatus?
358 959 449 1011 quid
474 964 603 998 tantus
630 961 749 1000 fastus
776 967 887 1012 atque
914 964 1141 1014 apparatus?
1169 964 1261 1015 quid
1287 969 1394 1004 tanta
1421 967 1581 1019 denique
1606 973 1666 1019 ty-

138 1022 267 1060 rannis
302 1027 338 1061 et
372 1024 626 1063 truculentia?
680 1025 770 1062 Ruit
804 1025 878 1063 iam
915 1039 999 1064 ecce
1036 1031 1246 1066 monstrum
1282 1029 1377 1067 illud
1414 1032 1668 1083 sesquipedale

139 1099 226 1124 suae
259 1088 688 1127 transubstantiationis.
743 1089 834 1127 Ruit
869 1090 981 1127 simul
1013 1095 1049 1128 et
1082 1092 1341 1143 propitiatoria
1375 1094 1477 1133 illius
1513 1096 1668 1143 oblatio,

140 1163 224 1188 cum
259 1152 362 1189 omni
397 1166 463 1190 sua
500 1153 702 1204 hypocrisi,
746 1167 829 1191 cum
865 1154 969 1192 omni
1002 1156 1102 1194 fastu
1137 1160 1248 1208 atque
1284 1164 1475 1210 apparatu,
1511 1173 1668 1212 cumque

138 1215 242 1253 omni
285 1230 352 1254 sua
392 1217 592 1267 tyrannide
635 1221 671 1255 et
706 1219 947 1258 truculentia.
1002 1220 1051 1258 Et
1085 1225 1193 1259 tanto
1229 1223 1402 1271 graviore
1436 1225 1544 1276 lapsu
1579 1227 1667 1274 ruit,

136 1284 276 1329 quanto
314 1294 352 1318 se
386 1281 507 1330 magis
539 1281 579 1318 in
615 1282 774 1319 sublime
809 1284 1006 1328 extulerat,
1040 1286 1236 1337 multoque
1262 1287 1382 1337 magis
1409 1288 1596 1338 insignem
1623 1305 1666 1329 ae

133 1343 338 1392 gloriosam
381 1344 504 1382 reddit
550 1344 690 1383 Christi
725 1346 881 1385 Domini
916 1347 1093 1387 adversus
1128 1354 1341 1389 monstrum
1378 1352 1449 1390 1100
1481 1353 1521 1391 111
1555 1355 1666 1393 nobis

137 1407 331 1445 victoriam
358 1407 448 1445 haec
465 1408 680 1446 istiusmodi
698 1410 826 1448 ruinae
843 1411 1078 1461 magnitudo,
1100 1427 1213 1464 quam
1232 1414 1264 1452 si
1282 1428 1359 1453 non
1378 1416 1431 1454 ita
1450 1417 1489 1454 in
1506 1418 1664 1456 sublime

134 1471 314 1510 hactenus
348 1476 560 1510 monstrum
596 1473 731 1525 ipsum,
766 1475 884 1513 totius
921 1477 1054 1515 mundi
1093 1478 1247 1525 iudicio,
1275 1480 1494 1519 subvectum
1521 1483 1666 1522 fuisset.

115 1535 241 1579 ,Quid
268 1537 382 1574 vero?
408 1540 565 1575 tantone
594 1542 732 1577 conatu
758 1545 870 1591 atque
897 1546 1078 1593 apparatu
1105 1548 1315 1583 monstrum
1343 1546 1415 1584 hoc
1441 1548 1488 1585 ad
1516 1549 1663 1587 ruinam

132 1605 188 1638 est
214 1604 453 1651 pertractum,
481 1606 620 1652 quanto
649 1603 866 1641 institutum
892 1607 998 1643 erat?
1035 1606 1220 1658 Equidem
1247 1613 1376 1648 nostro
1405 1610 1477 1648 hoc
1504 1613 1664 1660 saeculo,

132 1663 243 1701 unius
277 1664 517 1715 potissimum
554 1666 717 1705 hominis
754 1680 865 1718 opera
903 1671 1001 1720 (perv
1023 1671 1091 1708 Dei
1127 1672 1307 1721 gratiam)
1344 1675 1485 1713 factum
1521 1681 1588 1723 est,
1624 1687 1660 1716 et

133 1728 283 1779 quidem
330 1730 534 1781 contempti
568 1731 677 1782 plane
714 1744 757 1769 ac
794 1732 1034 1772 vehementur
1068 1735 1182 1774 invisi
1220 1739 1362 1776 mundo
1397 1741 1481 1787 toti,
1516 1741 1581 1779 sed
1621 1743 1660 1780 in

134 1793 252 1831 oculis
279 1793 350 1831 Dei
376 1794 484 1832 electi
511 1795 758 1845 proculdubio
787 1799 931 1847 organi,
958 1803 1181 1852 aeternaque
1209 1802 1315 1852 digni
1340 1806 1530 1852 memoria,
1557 1806 1659 1844 Mar-

131 1857 204 1895 tini
242 1858 396 1908 inquam
431 1859 601 1907 Lutheri,
635 1865 677 1899 ut
712 1866 925 1900 monstrum
961 1863 1034 1902 hoc
1059 1866 1318 1916 prodigiosum
1347 1873 1515 1908 coactum
1542 1871 1590 1908 sit
1617 1872 1657 1909 111

132 1923 172 1970 (†
199 1924 260 1969 4b)
296 1935 470 1973 praeceps
505 1936 611 1962 ruere
638 1925 806 1965 omnino.
858 1926 962 1964 Huic
989 1941 1076 1967 vero
1105 1929 1254 1968 demum
1282 1936 1316 1970 et
1345 1933 1410 1970 alii
1437 1934 1563 1972 divino
1595 1936 1657 1973 be-

133 1985 265 2023 neficio
302 1990 570 2033 successerunt,
604 2000 668 2038 per
703 2002 810 2039 quos,
846 1989 984 2029 virtute
1019 1991 1169 2040 Divina,
1207 1999 1316 2046 caput
1349 1996 1472 2047 ipsum
1508 2001 1658 2037 satanae

131 2050 171 2086 in
207 2054 375 2088 monstro
411 2050 484 2088 11οο
518 2051 567 2089 ad
602 2051 721 2090 imum
756 2067 875 2105 usque
902 2054 1122 2104 detractum,
1156 2059 1389 2112 pedibusque
1418 2062 1557 2101 Christi
1586 2064 1654 2101 do-

130 2113 223 2151 mini
259 2114 465 2152 subiectum
509 2128 661 2166 prorsus
698 2130 778 2155 esse
814 2118 995 2167 videmus,
1031 2122 1328 2161 conculcandum
1363 2125 1537 2176 deinceps
1572 2140 1660 2178 pro·

131 2177 308 2215 culdubio
346 2179 386 2216 in
423 2179 629 2228 Euangelio
665 2180 795 2231 ipsius.
856 2183 905 2221 Et
942 2188 1098 2222 conatur
1134 2186 1284 2237 quidem
1321 2188 1444 2226 adhuc
1481 2191 1658 2229 Tartarea

132 2243 256 2294 vipera
290 2243 355 2281 illa
392 2247 502 2295 caput
529 2257 638 2281 suum
665 2245 841 2295 (pedibus
867 2247 943 2284 iam
971 2249 1112 2287 Christi
1141 2251 1295 2288 Domini
1322 2252 1362 2290 in
1389 2258 1557 2291 monstro
1587 2255 1658 2292 hoc

129 2307 181 2344 ita
215 2310 402 2358 pressum)
440 2308 561 2346 (1011110
594 2309 775 2355 attollere,
811 2311 981 2350 excitatis
1017 2313 1243 2363 quibusdam
1280 2315 1349 2354 hac
1383 2317 1423 2354 111
1449 2324 1553 2368 parte
1588 2319 1655 2356 ad-

131 2371 204 2408 huc
238 2371 429 2409 doctrinae
467 2372 642 2411 dissidiis.
700 2374 894 2412 Caeterum
928 2377 1071 2414 firmius
1107 2378 1163 2415 illi
1190 2378 1264 2416 iam
1290 2381 1419 2430 pedem
1449 2396 1558 2420 suum
1584 2384 1654 2420 im-

128 2436 263 2486 pressit
300 2435 471 2473 Christus
510 2436 694 2476 Dominus
721 2439 761 2476 in
789 2452 855 2477 suo
884 2440 1092 2490 Euangelio
1120 2443 1192 2491 (illi
1220 2443 1267 2481 sit
1294 2444 1446 2493 gloria),
1473 2460 1586 2497 quam
1614 2452 1655 2486 ut

129 2513 167 2538 se
211 2505 422 2539 monstrum
467 2501 538 2538 hoc
588 2503 728 2552 erigere
763 2505 922 2555 amplius
956 2519 1123 2556 unquam
1157 2507 1310 2546 omnino
1346 2511 1477 2560 possit.
1530 2516 1655 2563 Atque

130 2564 287 2602 caudam
320 2565 471 2616 quidem
507 2566 568 2603 hic
605 2580 708 2605 suam
745 2569 869 2619 vipera
904 2570 969 2607 illa
1003 2571 1126 2608 adhuc
1162 2571 1309 2611 vibrare
1336 2573 1406 2612 hac
1432 2580 1543 2627 atque
1568 2577 1656 2616 illac

128 2641 207 2667 non
243 2634 374 2677 cessat,
409 2631 456 2668 ad
493 2632 649 2669 serenda
683 2632 890 2683 alcndaque
926 2634 1079 2672 dissidia
1115 2636 1316 2686 quaedam3
1354 2639 1416 2676 sed
1446 2646 1554 2690 caput
1582 2643 1654 2680 sibi

130 2694 344 2732 conculcari
381 2695 467 2741 iam,
503 2695 669 2746 adeoque
706 2700 741 2734 et
785 2698 978 2748 comprimi
1014 2700 1109 2736 ferre
1147 2701 1307 2750 cogitur,
1345 2703 1431 2740 velit
1467 2704 1580 2743 nolit:
1621 2714 1656 2744 et

131 2757 270 2796 caudae
315 2772 402 2797 suae
447 2760 686 2811 quantumvis
731 2764 924 2799 tortuosae
962 2762 1113 2801 verbera
1148 2765 1384 2815 languidiora
1429 2779 1508 2805 esse
1545 2771 1657 2808 sentit

129 2822 353 2869 hauddubie,
388 2839 500 2876 quam
537 2830 577 2863 ut
613 2825 723 2863 nobis
751 2826 790 2863 in
819 2826 968 2864 Christo
997 2827 1160 2866 Domino
1188 2830 1344 2880 luceque
1372 2831 1569 2881 Euangelii
1598 2834 1653 2871 sui

126 2886 273 2925 laetalia
311 2889 468 2940 amplius
496 2890 760 2941 quoquomodo
789 2905 867 2929 csse
893 2891 1050 2942 possint.
1105 2894 1206 2933 Iacet
1234 2894 1411 2934 niiniriun
1440 2898 1654 2937 conculcata
