1818 3178
173 124 241 154 CIV
805 115 1046 146 PRAEFATIO.

179 250 200 274 υ
225 228 346 270 batur
390 234 442 278 et,
482 225 725 281 priusquam
763 222 1063 271 institueretur,
1097 232 1240 260 coram
1274 216 1460 259 Ecclesia
1491 221 1576 258 tota
1607 231 1682 273 per

182 323 202 347 u
228 306 364 355 partes
412 295 695 352 explicabatur
855 293 962 335 facta
1011 290 1203 333 omnibus
1253 295 1465 346 potestate,
1518 294 1567 329 ut
1610 304 1686 331 nos

182 393 202 417 n
226 375 413 412 amanter
465 366 749 414 admonerent,
804 363 837 405 si
882 378 964 418 qua
1010 368 1129 418 parte
1172 360 1247 402 sibi
1297 360 1519 416 quisquam
1569 359 1685 401 satis-

183 463 203 488 η
232 440 381 481 factum
426 452 506 478 non
539 451 624 477 esse
655 435 919 477 existimaret.
979 433 1044 475 Ita
1076 448 1176 474 vero
1206 433 1288 474 iam
1322 432 1467 473 edocta
1497 430 1684 474 Ecclesia

181 531 202 556 u
227 542 235 550 .
256 541 287 552 ..
335 515 501 549 ventum
543 506 708 548 tandem
741 513 800 547 est
832 505 882 547 ad
915 506 1073 546 rituum
1106 518 1274 559 quoque
1304 502 1457 544 nostris
1488 501 1687 544 Ecclesiis

180 603 200 627 η
225 579 477 636 peculiarem
507 575 853 619 institutionem.’'
886 576 933 633 ¹).
977 576 1103 617 Hanc
1134 575 1416 616 recensionem
1449 573 1686 615 Micronius

176 650 339 705 respicit
384 650 424 690 in
460 649 715 704 praefatione
745 646 872 689 libelli
905 648 981 694 sui,
1010 645 1082 688 ubi
1115 646 1237 687 dicit:
1275 667 1296 690 ῃ
1317 643 1583 687 Waeronder
1613 660 1685 701 ge-

176 744 196 769 μ
223 727 342 761 weest
372 720 404 761 is
435 719 510 761 Ian
545 718 798 768 WVtenhoue,
832 718 896 759 die
928 717 1021 758 dese
1052 732 1151 758 onse
1183 715 1553 773 tegenwoordighe
1574 716 1684 758 ordi-

178 815 198 838 μ
223 790 431 832 (linantien
480 791 518 831 in
558 805 655 831 cnse
696 788 1025 831 Nederlantsche
1057 788 1221 844 sprake,
1252 794 1359 829 wten
1392 786 1532 843 latyne
1562 801 1682 828 ouer·

177 885 198 907 u
223 862 365 919 gheset
411 861 563 904 lieeft.'’
599 862 629 916 2)
689 860 834 912 Quum
875 860 981 901 enim
1015 859 1143 901 latine
1175 859 1284 900 hanc
1314 858 1557 914 Liturgiam
1593 873 1685 900 con·

174 933 399 988 scripsisset
438 933 461 974 ὲ.
501 932 652 981 Lasco,
701 933 819 973 cuius
859 930 1065 972 formulae
1112 938 1249 972 tamen
1285 928 1445 985 belgice
1476 944 1554 986 pro
1585 944 1682 971 con-

172 1005 289 1046 cione
320 1003 516 1045 dicendae
547 1010 692 1054 essent,
717 1003 951 1058 interpretis
973 1002 1155 1044 officium
1178 1001 1420 1044 Utenliovio
1441 1000 1681 1044 mandatum

170 1075 258 1117 fuit.
321 1075 478 1117 Errant
523 1076 666 1131 igitur,
715 1075 785 1130 qui
828 1074 1029 1115 Micronii
1075 1073 1201 1115 verba
1242 1073 1294 1115 ad
1323 1073 1453 1129 ipsius
1485 1073 1683 1114 Micronii

171 1146 356 1189 libellum
404 1147 602 1196 referunt,
650 1162 783 1201 neque
815 1146 910 1187 satis
942 1145 1285 1195 observaverunt,
1320 1160 1445 1200 quam
1478 1143 1682 1186 absonum

171 1228 210 1261 et
241 1218 461 1261 ridiculum
493 1226 598 1261 esset
628 1226 669 1260 et
700 1219 852 1261 mirum
885 1218 1011 1274 plane
1043 1218 1171 1269 dictu,
1204 1217 1384 1274 Belgam
1416 1216 1575 1274 Belgae
1596 1216 1682 1258 offi-

172 1291 245 1332 ciis
290 1305 411 1332 usum
453 1291 575 1332 fuisse
615 1291 655 1332 in
702 1290 842 1332 libello
892 1290 1065 1342 edendo,
1098 1291 1171 1346 qui
1203 1291 1423 1346 utriusque
1453 1289 1682 1332 vernaculo

171 1376 360 1403 sermone
391 1362 598 1417 loquatur.
632 1361 738 1414 Quis
769 1377 922 1418 quaeso
953 1377 1053 1404 sana
1083 1369 1220 1404 mente
1251 1363 1465 1418 praeditus
1496 1376 1680 1417 unquam

172 1432 324 1481 credat,
356 1432 625 1484 Microniuni,
659 1435 729 1488 qui
747 1440 805 1474 tot
827 1440 1025 1489 tantaque
1047 1434 1134 1488 ipse
1155 1432 1318 1490 belgice
1340 1432 1527 1485 ediderit,
1554 1432 1681 1474 latine

175 1503 461 1559 conscripsisse
505 1503 692 1546 libellum
737 1520 858 1546 suum
903 1506 1002 1560 (quo
1032 1519 1223 1546 sermone
1255 1519 1488 1558 numquam
1519 1503 1684 1559 scripsit

177 1574 355 1630 publice)
390 1581 428 1615 et
459 1574 564 1616 hanc
594 1574 764 1617 latinam
798 1576 1095 1625 recensionem,
1130 1575 1248 1617 cuius
1279 1574 1429 1616 nullibi
1449 1574 1685 1630 reperiatur

175 1646 391 1701 vestigium
417 1672 467 1678 —-
490 1647 522 1687 si
543 1646 743 1688 exstiterit
764 1648 945 1698 omnino,
970 1647 1080 1703 quod
1101 1654 1212 1689 certe
1229 1662 1339 1703 nego
1356 1672 1410 1678 ——
1428 1646 1682 1698 Utenhovio‚

173 1722 217 1756 ut
257 1731 345 1757 eam
377 1716 536 1773 belgice
568 1725 759 1767 verteret,
792 1718 1028 1760 tradidisse!
1092 1717 1206 1770 Quid
1240 1733 1339 1760 vero
1371 1718 1511 1760 multis
1541 1717 1679 1760 verbis

172 1803 276 1843 opus
306 1795 364 1830 est
393 1789 434 1831 in
465 1803 510 1830 re
541 1796 622 1830 tam
656 1798 768 1831 certa
799 1798 967 1845 tamque
999 1790 1238 1846 plausibili?
1273 1804 1405 1844 quum
1435 1791 1524 1845 ipsa
1555 1789 1679 1832 huius

173 1859 394 1916 Liturgiae
438 1861 554 1916 prior
586 1861 769 1902 recensio
799 1862 942 1918 aliqua
973 1862 1117 1904 saltem
1152 1868 1270 1918 parte
1301 1861 1419 1903 nobis
1449 1862 1680 1904 etiamnum

173 1932 349 1986 supersit
380 1932 419 1973 in
443 1931 720 1973 confessionis
740 1932 1019 1975 Londinensis
1042 1934 1316 1975 vetustissima
1338 1933 1515 1975 editione
1537 1933 1680 1984 latina,

173 2016 295 2055 quam
328 2017 441 2044 nunc
470 2003 652 2058 primum
684 2004 807 2045 editio
838 2011 980 2047 nostra
1011 2004 1189 2057 exhibet,
1225 2004 1342 2060 (Vol.
1375 2004 1619 2059 324—339)
1644 2012 1684 2046 et

169 2075 327 2129 primae
369 2073 553 2130 belgicae
593 2075 790 2116 versionis
831 2075 976 2118 titulus
1016 2076 1168 2117 diserte
1210 2083 1397 2128 testetur,
1430 2091 1472 2117 se
1513 2091 1681 2131 quoque

170 2145 276 2186 hanc
305 2144 542 2200 Liturgiam
577 2145 751 2201 pagellis
781 2148 864 2188 suis
895 2147 1006 2190 dare.
1068 2146 1230 2199 Quodsi
1262 2146 1490 2188 indubitate
1522 2153 1681 2188 constat

174 2216 318 2271 igitur,
353 2214 594 2257 Utenhovio
626 2215 747 2257 unice
770 2216 892 2257 huius
915 2216 1197 2259 Confessionis
1219 2217 1451 2259 versionem
1477 2216 1682 2273 belgicam

172 2285 323 2337 deberi,
355 2301 420 2327 res
448 2289 535 2342 ipsa
563 2286 735 2342 flagitat,
767 2287 1114 2344 eum-Liturgiae
1146 2289 1270 2330 huius
1292 2303 1457 2343 quoque
1479 2288 1680 2329 exstitisse

175 2358 442 2413 interpretem
476 2359 522 2413 ³).

229 2425 403 2468 Duobus
434 2426 582 2468 dehine
612 2426 760 2482 elapsis
791 2427 910 2468 annis
942 2429 994 2482 (a.
1019 2427 1162 2483 1553),
1198 2442 1328 2483 quum
1352 2427 1540 2470 Ecclesia
1561 2426 1677 2469 Lon-

214 2601 237 2639 ¹)
261 2600 286 2632 1.
308 2601 326 2631 ὸ.
349 2600 468 2638 LASCO,
494 2601 602 2640 Opera,
626 2600 694 2632 Vol.
719 2601 762 2633 ΙΙ.
784 2611 815 2642 p.
841 2601 886 2638 11,
914 2601 962 2632 12.

209 2657 235 2695 2)
260 2657 466 2694 Mrcuomus,
493 2656 603 2687 Christ.
630 2656 748 2693 Ordin„
770 2667 801 2697 p.
824 2658 862 2687 A.
886 2658 913 2689 5.
943 2645 990 2688 α..

210 2713 235 2751 ³)
259 2713 310 2744 Sic
333 2723 456 2753 quoque
481 2712 602 2752 egregie
626 2712 785 2742 dirimitur
809 2712 847 2742 lis
870 2715 901 2743 et
923 2712 954 2743 iu
979 2713 1182 2744 concordiam
1207 2714 1394 2754 rediguntur
1419 2714 1516 2745 YPEII
1540 2716 1571 2744 et
1587 2714 1682 2744 MEN-

164 2777 287 2799 eroAE
316 2767 501 2804 sententiae,
531 2777 664 2807 quorum
688 2767 767 2797 alter
790 2766 962 2798 Utenhovii
986 2768 1163 2799 versionem
1187 2768 1304 2799 editam
1329 2779 1395 2799 esse
1419 2769 1555 2800 affirmat
1578 2769 1681 2809 (YPEY

166 2834 203 2853 en
228 2823 406 2859 Dssintour,
429 2834 457 2854 0.
483 2823 501 2853 l.
525 2822 560 2852 Τ,
583 2821 607 2852 1.
632 2822 714 2860 524),
752 2822 831 2853 alter
854 2833 927 2853 vcro
952 2827 1045 2863 negat
1068 2823 1145 2863 (Lit.
1172 2824 1296 2854 Gesehr.
1318 2824 1349 2854 d.
1377 2824 1454 2855 Ned.
1478 2825 1574 2856 Her-v.
1597 2824 1683 2856 lcerk.

166 2888 196 2920 p.
219 2878 282 2918 21).
327 2877 397 2908 Non
421 2879 487 2907 tota
510 2875 655 2917 epistola,
680 2875 731 2906 secl
758 2886 828 2918 pars
851 2877 918 2907 eius
941 2877 1026 2919 typis
1050 2888 1162 2908 excusa
1186 2880 1234 2908 est
1256 2878 1289 2908 iu
1312 2877 1531 2911 Confessione.
