1818 3178
198 99 399 108 ww
407 98 621 107 stxmwvvxss
627 101 632 105 -
644 101 653 106 2
660 96 1328 109 xmvvvwmmmmaewsaevvsswvwm

167 537 1608 635 SERENISSIMO

460 728 568 785 AC
605 729 1297 808 CHRISTIANJSSJMO

116 889 298 943 Principi
337 895 375 932 et
411 892 590 943 Domino,
633 892 800 934 Domino
840 893 1160 935 EDVVARDO
1201 895 1283 937 eius
1323 894 1488 936 nominis
1526 899 1647 944 semro,

146 963 328 1015 Αηρῖὶαε,
371 964 579 1013 Franeiae,
622 968 659 1005 et
701 964 915 1005 Hiberniae
946 965 1060 1017 Refflf,
1092 982 1207 1008 verae
1243 966 1468 1007 Catholicae
1499 970 1616 1021 atque

176 1036 424 1089 Apostolieae
451 1036 557 1091 fidei
597 1036 807 1092 defensori,
840 1041 910 1077 ete.
942 1038 1109 1079 Ioannes
1141 1037 1165 1079 ὰ
1196 1039 1322 1079 Dasea
1351 1039 1589 1092 smmi-inlev-

207 1109 299 1149 dens
339 1109 540 1149 Ecclesiae
560 1108 858 1161 pereyrztnorum
888 1109 1063 1150 Londim·
1095 1111 1303 1152 iozstz'tmae
1335 1115 1443 1164 optat
1469 1127 1560 1162 qra-

235 1181 330 1221 tiam
361 1184 398 1221 et
420 1195 559 1233 pacem
590 1196 614 1220 a
644 1180 729 1220 Deo
759 1180 884 1221 Patre
913 1185 1042 1221 nostro
1063 1196 1141 1234 per
1176 1182 1370 1233 Cleo-istum
1401 1181 1532 1222 Domi-

261 1266 364 1300 num,
398 1251 564 1299 unicum,
596 1265 792 1300 summum,
826 1255 944 1306 atque
975 1257 1186 1302 aeternum,
1218 1254 1374 1306 Beqem,
1402 1254 1501 1294 Doe-

291 1327 422 1372 torem,
455 1338 502 1363 ac
532 1322 760 1378 Pontificem
791 1323 1011 1365 animm-um
1041 1329 1277 1366 nostrarum.
1338 1326 1472 1367 Amen.

166 1567 335 1605 INTER
360 1568 491 1613 multa,
526 1581 621 1618 quae
649 1567 819 1606 homines
846 1569 984 1619 passim
1013 1569 1246 1607 admirantur
1273 1569 1311 1607 in
1340 1583 1462 1607 rerum
1491 1569 1646 1608 Divina-

100 1644 199 1668 rum
238 1631 549 1675 consideratione,
585 1632 622 1669 id
661 1632 827 1683 plerique
855 1646 999 1670 summa
1025 1633 1272 1671 admiratione
1301 1634 1457 1683 dignum
1485 1647 1564 1671 esse
1589 1634 1649 1670 iu-

117 1687 302 1741 dicarunt,
339 1696 418 1733 Rex
458 1695 808 1742 Christianissirnel,
846 1697 959 1747 qued,
997 1710 1078 1734 cum
1118 1697 1218 1735 Deus
1256 1697 1344 1749 Opt..
1378 1697 1479 1736 Max.
1512 1698 1559 1735 sit
1587 1712 1645 1735 rc-

116 1774 201 1799 vera
230 1761 332 1798 solus
359 1761 437 1811 ipse
465 1761 650 1798 Dominus
679 1774 721 1798 ac
748 1762 961 1799 moderator
989 1763 1156 1800 omnium
1175 1767 1210 1800 et
1230 1776 1324 1813 quae
1343 1763 1381 1800 in
1404 1763 1518 1808 coelo,
1538 1764 1577 1812 (†
1589 1765 1646 1811 2¹¹)

117 1829 153 1863 et
192 1838 285 1876 quae
320 1826 358 1862 in
390 1829 509 1863 terra:
545 1829 693 1863 tantum
729 1825 878 1863 interim
914 1828 1104 1877 permittat
1131 1827 1205 1864 iam
1231 1827 1318 1865 inde
1346 1828 1392 1864 ab
1420 1829 1502 1877 ipso
1529 1841 1647 1878 usque

116 1888 225 1926 initio
262 1889 392 1926 mundi
427 1889 647 1927 maledictae
682 1889 737 1926 illi
775 1890 931 1940 viperae,
958 1891 1086 1937 totius,
1122 1891 1288 1942 inquam,
1317 1891 1470 1928 humani
1497 1892 1643 1940 generis

116 1953 341 1999 insidiatori,
387 1953 561 1999 Diabolo,
599 1966 674 1992 non
711 1954 749 1991 in
788 1967 856 1991 nos
890 1958 1051 2000 tantum,
1086 1968 1180 2005 quos
1221 1955 1360 2006 alioqui
1399 1959 1433 1992 ct
1462 1955 1496 1992 in
1526 1955 1645 2005 prima

119 2017 317 2055 creationis
345 2016 490 2066 origine
518 2018 721 2055 secundum
759 2031 861 2054 suam
896 2018 1014 2068 ipsius
1042 2019 1324 2056 similitudinem
1354 2023 1504 2056 sanctos
1533 2023 1645 2069 atque

117 2082 346 2119 immortales
391 2082 429 2119 in
469 2082 606 2119 lumbis
643 2082 760 2126 Adae,
795 2083 906 2132 primi
940 2084 1191 2133 progenitoris
1226 2084 1357 2128 nostri,
1387 2088 1584 2127 creaverat,
1612 2088 1649 2121 et

118 2159 220 2184 nunc
257 2146 404 2183 demum
441 2146 550 2183 etiam
585 2146 624 2183 in
654 2152 932 2184 sacrosanctum
958 2147 1145 2196 unigeniti
1172 2148 1240 2184 filii
1269 2148 1325 2185 sui
1354 2161 1486 2198 eorpus
1513 2148 1646 2198 mysti-

120 2223 202 2247 cum
240 2224 305 2260 per
341 2223 445 2247 suam
483 2210 683 2259 gratuitam
720 2210 1011 2248 misericordiam
1048 2211 1282 2261 adgregavit;
1321 2211 1382 2249 sed
1412 2211 1450 2248 in
1481 2211 1644 2249 divinam

118 2287 266 2326 quoque
303 2274 467 2311 eiusdem
502 2273 619 2324 ipsius
655 2274 723 2310 filii
761 2274 817 2311 sui
846 2274 1067 2321 doctrinam,
1104 2275 1269 2325 adeoque
1305 2279 1340 2312 et
1374 2276 1411 2312 in
1441 2289 1501 2312 eas
1529 2275 1646 2325 ipsius

117 2338 386 2383 institutiones,
414 2351 506 2388 quas
541 2337 604 2374 ille
639 2337 754 2375 veluti
782 2338 1037 2388 Colophonem
1065 2338 1262 2388 quemdam
1291 2339 1412 2376 omnis
1441 2353 1527 2376 suae
1556 2340 1645 2376 doc-

116 2403 251 2444 trinae,
282 2402 493 2452 pignusque
528 2406 734 2438 extremum
771 2415 923 2439 suorum
958 2402 996 2439 in
1027 2412 1106 2439 nos·
1127 2403 1402 2449 beneficiorum,
1428 2417 1471 2441 ae
1498 2408 1647 2441 nostrae

118 2467 282 2505 vicissim
319 2480 406 2515 erga
444 2480 481 2503 se
517 2466 758 2515 gratitudinis
791 2466 1074 2504 incitamentum
1110 2467 1148 2504 in
1187 2481 1250 2505 sua
1288 2467 1455 2505 Ecclesia
1486 2469 1650 2519 reliquit,

119 2536 161 2569 ut
189 2545 261 2569 non
292 2531 341 2568 ita
371 2531 531 2568 multum
561 2531 688 2567 abesse
717 2530 833 2567 videri
860 2530 1128 2581 propemodum
1155 2531 1285 2581 possit,
1313 2532 1401 2582 quin
1424 2537 1459 2570 et
1478 2534 1644 2570 membra

121 2595 286 2646 eorporis
332 2595 470 2632 Christi
518 2594 640 2631 onmia
678 2594 830 2641 (solutis
867 2594 968 2631 illius
1006 2595 1269 2644 compagibus)
1305 2596 1457 2633 tandem
1493 2596 1641 2633 tandem

121 2660 285 2711 dissipet,
320 2666 355 2698 et
392 2660 600 2697 doctrinam
637 2659 714 2696 eius
753 2659 950 2696 salutarem
988 2659 1204 2709 supprimat,
1234 2664 1268 2697 ct
1296 2660 1551 2698 institutiones
1581 2662 1643 2698 de-

119 2725 231 2774 nique
267 2724 384 2775 ipsius
412 2737 539 2761 omnes
566 2723 603 2760 in
633 2722 922 2760 abominandam
950 2736 1054 2760 suam
1081 2723 1333 2761 idololatriam
1360 2724 1644 2761 insidiosissime

119 2787 370 2826 transformet.
401 2787 533 2838 Neque
562 2799 648 2823 sane
675 2789 811 2823 temero
839 2784 875 2822 id
905 2785 1038 2835 passim
1069 2785 1253 2823 mirantur
1281 2799 1420 2831 omnCS,
1450 2786 1534 2823 dum
1558 2800 1644 2824 suae

119 2851 275 2891 rationis
302 2851 484 2890 iudicium
512 2854 729 2902 sequuntur.
779 2849 883 2888 Haec
909 2849 1007 2887 enim
1037 2863 1110 2888 non
1140 2851 1212 2889 nisi
1240 2864 1284 2889 ex
1311 2851 1556 2902 praesenti-(†
1583 2853 1644 2900 2b)

1447 2916 1491 2957 7*
