1818 3178
742 113 800 141 ΕΡ.
833 112 974 140 noc'rn.
1547 104 1620 140 503

94 221 192 265 Adu,
227 233 327 258 nunc
362 231 426 270 per
462 220 541 257 eius
577 219 874 258 inobedientiam
911 219 1008 259 servi
1036 220 1179 271 peccati
1208 220 1413 260 nascimur.
1465 220 1619 258 conditi

94 297 223 324 sumus
251 284 372 323 sancti
399 283 549 322 divinae
576 289 612 322 et
639 284 782 333 gloriae
808 288 845 322 et
873 285 1104 334 cognitionis
1131 284 1346 336 participes,
1373 296 1473 322 nunc
1499 283 1619 335 perci-

94 362 180 401 pere
215 363 259 388 ex
287 349 398 387 nobis
422 361 499 387 non
526 362 740 399 possumus,
768 363 864 400 quae
892 354 981 388 sunt
1008 349 1079 387 Dei
1106 354 1142 388 et
1167 349 1209 388 in
1236 348 1341 388 omni
1367 353 1497 387 nostro
1525 361 1621 400 quo-

91 414 185 453 libet
221 414 388 466 specioso
422 427 546 465 opere,
578 414 617 451 in
653 414 758 452 omni
794 414 957 466 denique
994 419 1123 452 nostra
1151 414 1381 464 cogitatione
1407 422 1617 464 peccamus.

95 478 249 517 Conditi
277 490 404 516 sumus
431 478 478 516 ad
507 478 621 516 vitam
648 483 838 516 aeternam
865 483 907 516 ut
935 478 1004 516 Dei
1031 478 1236 528 imaginem
1263 479 1303 516 in
1330 478 1440 516 terris
1465 479 1621 516 referre-

93 556 190 587 mus,
215 555 316 580 nunc
342 546 492 594 propter
519 543 696 581 adnatam
724 543 835 581 nobis
863 541 1054 584 ἀπειθίαν
1081 543 1238 581 ferimur
1257 555 1388 582 omnes
1406 543 1446 582 in
1465 547 1622 581 mortem

92 610 280 644 aeternam
309 612 346 644 et
372 607 469 644 ferre
497 606 669 655 cogimur
697 606 914 651 sathanam,
940 607 1004 657 qui
1031 619 1101 644 nos
1121 607 1167 644 ad
1188 620 1276 645 suae
1294 607 1472 657 imaginis
1490 607 1623 645 sim-ili-

92 671 274 718 tudinem,
304 671 341 710 h.
359 685 406 716 e.,
434 676 691 722 contemptum
718 675 755 709 et
783 671 911 709 odium
940 671 1013 709 Dei
1040 671 1256 722 pertrahere
1284 685 1428 723 semper
1457 675 1627 710 conatur.

93 735 164 774 Est
190 736 306 786 igitur
333 749 375 774 ea
403 735 525 774 nostri
551 736 691 786 imago,
717 749 828 787 quam
858 736 898 774 in
919 736 1030 774 nobis
1049 749 1252 785 agnoscere
1271 749 1401 775 omnes
1424 736 1624 775 debemus:

94 800 254 851 Concipi
286 804 323 838 et
360 800 464 838 nasci
492 800 531 837 in
559 800 707 851 peccati
734 800 930 845 servitute,
957 800 1150 838 subiectos
1178 804 1260 838 tota
1286 801 1366 839 vita
1392 804 1522 839 nostra
1548 813 1630 838 esse

92 863 386 907 inobedientiae,
423 864 616 902 subiectos
655 864 830 902 caecitati
865 863 967 914 quod
994 863 1041 901 ad
1069 863 1198 902 divina
1226 864 1372 908 attinet,
1397 863 1629 916 propendere

91 928 132 966 in
168 941 279 966 omne
312 942 431 977 genus
465 933 706 979 peccatorum
739 933 852 979 atque
887 928 981 966 adeo
1017 929 1057 966 in
1085 929 1189 966 omni
1216 929 1330 967 etiam
1357 933 1490 967 nostro
1517 941 1627 980 opere

91 1005 256 1043 peccare.
312 993 505 1030 Praeterea
541 993 632 1030 ferri
666 1005 736 1030 nos
772 993 812 1030 in
851 992 1039 1030 Sathanae
1076 992 1365 1031 similitudinem
1393 1006 1437 1030 ac
1464 999 1624 1031 mortem

91 1057 212 1108 ipsam
248 1061 452 1102 aeternam,
487 1056 562 1094 nisi
587 1056 772 1094 medicum
804 1056 1038 1101 haberemus,
1066 1056 1130 1107 qui
1157 1050 1272 1094 vitam
1300 1061 1470 1095 nostram
1495 1070 1518 1094 a
1544 1062 1622 1095 tam

93 1121 269 1159 horribili
301 1121 459 1159 interitu
493 1133 646 1172 prorsus
683 1120 837 1171 alioqui'
872 1120 1084 1158 inevitabili
1128 1120 1362 1163 redemisset.
1399 1119 1513 1171 idque
1549 1133 1628 1158 non

91 1195 242 1238 propter
270 1199 351 1233 nos,
379 1187 498 1224 multo
524 1185 648 1224 minus
675 1189 827 1236 propter
855 1185 986 1223 merita
1015 1189 1144 1222 nostra
1172 1185 1262 1229 ulla,
1290 1185 1356 1222 sed
1382 1189 1536 1236 propter
1559 1198 1627 1222 no·

92 1248 205 1286 minis
232 1248 289 1286 sui
317 1249 438 1286 sancti
464 1247 636 1296 gloriam,
665 1259 759 1297 quae
788 1246 858 1283 hoc
885 1247 1075 1298 poscebat,
1104 1251 1142 1284 ut
1162 1246 1458 1296 intelligeremus
1476 1258 1625 1285 omnem

93 1317 262 1350 nostram
291 1312 449 1349 salutem
477 1324 554 1349 non
582 1325 603 1348 a
631 1310 743 1349 nobis
769 1309 862 1361 ipsis
891 1311 1078 1349 nostrisve
1104 1310 1250 1348 meritis
1279 1310 1342 1348 sed
1370 1324 1391 1348 a
1411 1312 1491 1349 sola
1506 1324 1624 1363 eaque
1654 1340 1661 1347 .

89 1377 255 1426 gratuita
299 1376 403 1414 illius
447 1374 709 1413 misericordia
755 1379 791 1411 et
836 1374 944 1425 queri
980 1379 1160 1426 perpetuo
1196 1379 1232 1412 et
1269 1375 1478 1426 exspectari
1513 1375 1627 1414 etiam

92 1446 277 1493 oportere.
330 1440 545 1478 Differimus
578 1444 706 1478 tamen
741 1452 762 1476 a
800 1428 980 1483 Sathana,
1017 1440 1120 1490 quod
1157 1440 1221 1477 ille
1259 1439 1447 1478 destinata
1474 1451 1634 1491 prorsus

95 1507 288 1545 voluntate
314 1519 358 1543 ac
386 1509 602 1556 contemptu
631 1504 846 1542 voluntario
875 1505 954 1554 agit
982 1504 1168 1556 quidquid
1196 1505 1288 1554 agit.
1314 1517 1385 1542 nos
1410 1517 1498 1543 vero
1524 1505 1632 1542 infir-

93 1571 223 1619 mitate
259 1571 369 1609 nobis
406 1570 545 1608 adnata
572 1582 782 1621 peccamus.
835 1569 908 1607 Ille
936 1582 1012 1607 non
1039 1573 1164 1620 potest
1192 1583 1268 1607 non
1295 1573 1476 1621 perpetuo
1505 1569 1631 1608 odisse

93 1635 229 1681 Deum,
255 1648 337 1682 nos,
365 1635 447 1680 etsi.
474 1635 543 1673 sub
572 1631 764 1676 ἀπειθίαν
793 1634 975 1680 conclusi,
1001 1647 1150 1672 omnem
1179 1638 1348 1672 nostram
1378 1634 1630 1673 substantiam

91 1700 252 1751 turpiter
286 1699 557 1745 decoxerimus,
583 1699 744 1737 reditum
773 1700 1023 1738 nihilominus
1050 1703 1173 1737 tamen
1211 1699 1260 1737 ad
1286 1703 1429 1750 patrem
1457 1703 1630 1738 nostrum

93 1764 261 1802 omnium
300 1764 413 1813 longe
437 1763 821 1813 indulgentissimum,
847 1762 997 1814 prodigi
1023 1763 1126 1801 illius
1153 1763 1224 1800 filii
1249 1763 1434 1814 exemplo,
1461 1763 1634 1814 quando·

93 1842 166 1880 que
192 1828 428 1867 meditamur.
455 1827 528 1865 llle
553 1827 765 1877 gehennam
793 1828 909 1865 habet
935 1827 1010 1865 iam
1039 1827 1113 1865 sibi
1140 1831 1176 1865 et
1204 1827 1282 1865 suis
1309 1827 1453 1876 angelis
1479 1827 1520 1864 in
1542 1840 1633 1878 poe-

93 1906 180 1932 nam
207 1893 350 1944 peccati
378 1891 435 1930 sui
463 1892 720 1938 constitutam,
735 1905 817 1939 nos,
836 1892 908 1930 etsi
926 1891 998 1930 toti
1013 1892 1052 1930 in
1069 1892 1174 1930 illam
1190 1905 1339 1942 quoque
1353 1891 1632 1930 incredulitatis

94 1962 245 1997 nostrae
279 1956 534 1995 inclinatione
559 1957 876 2008 propendeamus,
904 1956 1075 1994 nondum
1101 1959 1228 1994 tamen
1255 1955 1396 1993 addicti
1421 1956 1478 1993 illi
1506 1968 1633 1994 sumus

94 2027 247 2074 propter
283 2021 491 2066 Christum,
527 2020 592 2072 qui
619 2033 706 2059 mox
735 2034 756 2058 a
783 2023 937 2072 peccato
964 2019 1187 2071 promissus,
1215 2020 1409 2057 continuo
1433 2019 1544 2057 etiam
1571 2032 1635 2057 ve·

95 2086 235 2124 neflcae
268 2085 370 2123 illius
404 2085 552 2136 viperae
589 2088 702 2136 caput
738 2088 932 2122 conterere
964 2083 1002 2122 in
1040 2083 1153 2122 nobis
1190 2083 1324 2134 coepit,
1362 2087 1404 2121 ut
1437 2083 1508 2121 etsi
1536 2083 1633 2121 nihil

94 2150 198 2189 aliud
225 2163 337 2201 quam
364 2149 576 2200 gehennam
603 2152 683 2187 tota
713 2148 787 2186 vita
816 2152 947 2186 nostra
974 2159 1268 2199 promereamur,
1296 2160 1374 2184 non
1401 2151 1527 2184 tamen
1546 2146 1631 2185 ideo

95 2215 142 2252 ad
177 2215 281 2252 illam
318 2214 626 2259 condemnemur,
661 2215 925 2264 praeterquam
964 2212 995 2250 si
1032 2210 1176 2249 Christi
1214 2210 1436 2249 beneficium
1472 2223 1493 2248 a
1520 2210 1632 2249 nobis

95 2282 311 2329 contemptu
336 2278 409 2329 ipsi
437 2281 568 2316 nostro
596 2277 861 2328 propellamus,
886 2275 927 2313 id
954 2276 1056 2327 quod
1084 2288 1129 2314 ex
1147 2275 1442 2326 promissionum
1461 2274 1632 2313 doctrina

95 2343 232 2381 clarius
259 2342 468 2393 apparebit.

492 2472 507 2520 ᾗ
536 2473 596 2509 11.
651 2472 709 2508 De
734 2470 878 2507 divinis
899 2468 1233 2518 promissionibus.

147 2600 289 2638 Omnes
325 2598 597 2651 promissiones
633 2611 729 2649 quae
768 2596 814 2634 ad
843 2598 1001 2636 salutem
1027 2602 1197 2635 nostram
1222 2596 1490 2648 quoquomodo
1517 2597 1634 2648 perti·

95 2670 199 2711 nent,
235 2665 429 2703 Christum
463 2664 661 2702 intuentur
688 2666 801 2714 atque
828 2662 1010 2701 hactenus
1037 2662 1085 2701 ad
1115 2675 1188 2700 nos
1215 2662 1418 2714 pertinent,
1447 2667 1634 2713 quatenus

93 2735 132 2769 et
165 2744 236 2769 nos
263 2731 311 2769 ad
339 2729 531 2768 Christum
559 2728 804 2780 pertinemus.
856 2728 929 2766 Ille
956 2729 1057 2766 enim
1086 2729 1189 2767 solus
1217 2728 1456 2772 est-ostium,
1482 2727 1546 2765 ille
1571 2727 1632 2765 via

91 2799 128 2832 et
155 2795 243 2840 vita,
269 2795 332 2832 ille
360 2794 520 2844 denique
547 2793 681 2830 unicus
710 2792 780 2830 Dei
807 2796 843 2830 et
870 2792 1066 2830 hominum
1095 2792 1292 2837 mediator,
1319 2793 1401 2831 sine
1420 2804 1496 2842 quo
1520 2799 1631 2829 nemo

87 2870 239 2908 prorsus
274 2859 321 2897 ad
356 2862 499 2909 patrem
536 2858 732 2895 coelestem
767 2857 959 2908 pervenire
1005 2868 1167 2908 unquam
1195 2861 1332 2908 potest.
1388 2857 1507 2894 Datae
1534 2858 1624 2894 sunt
