1818 3178
212 112 286 146 402
709 122 923 149 RESPONSIO
951 124 1040 150 Anv.
1071 124 1233 152 Hosxrm.

213 220 370 265 Coenae,
405 224 446 257 ut
482 220 650 259 Ministri
675 221 849 260 manibus
883 224 1097 273 porrigatur
1132 228 1166 261 et
1194 237 1256 262 ore
1284 225 1425 263 carnali
1451 239 1472 262 a
1497 226 1570 276 piis
1596 226 1733 277 pariter

209 289 320 335 atque
355 285 479 335 impiis
515 288 693 327 sumatur.
728 299 806 324 non
841 287 927 324 ideo
953 292 1078 325 tamen
1105 289 1270 332 efficitur,
1296 289 1426 339 negari
1451 303 1473 327 a
1499 290 1621 333 nobis,
1649 304 1730 328 cor-

208 360 277 397 pus
316 346 456 384 Christi
490 346 642 385 Domini
676 348 786 386 nobis
813 348 852 386 in
882 350 1027 387 Coenae
1057 364 1126 388 usu
1154 351 1321 399 legitimo
1349 351 1430 389 dari
1465 357 1528 389 aut
1563 353 1733 391 exhiberi

208 410 313 447 iuxta
349 415 519 448 naturam
548 415 657 462 atque
684 413 948 463 proprietatem
985 414 1306 453 sacramentorum
1343 429 1387 453 ex
1416 416 1553 453 Divina
1580 416 1732 454 institu-

206 475 320 513 tione.
358 477 496 527 Aperte
523 490 684 528 namque
710 479 941 529 profitemur,
967 478 1049 529 pios
1077 492 1205 517 omnes
1232 479 1272 517 iu
1301 480 1425 518 Coena
1462 494 1548 518 vcro
1586 481 1732 532 corpori

207 543 243 576 et
288 540 463 589 sanguini
508 541 647 579 Christi
682 541 837 579 Domini
874 555 958 580 vere
994 542 1105 580 etiam
1144 543 1416 581 communicare
1459 544 1544 588 fide,
1587 544 1732 582 etiamsi

210 604 512 645 constantissime
547 619 738 655 negemus,
769 606 891 657 ipsum
929 620 1062 658 eorpus
1089 611 1126 645 et
1153 609 1371 657 sanguinem
1409 609 1548 647 Christi
1580 609 1732 648 Domini

210 668 249 706 in
288 668 370 719 ipso
405 683 501 720 pane
536 683 579 707 ac
615 667 701 708 virio
731 672 876 708 Coenae
904 685 968 709 seu
996 671 1066 709 sub
1093 685 1187 723 pane
1215 686 1258 710 ae
1286 673 1372 710 vino
1410 675 1467 711 vel
1502 687 1566 725 per
1602 687 1733 725 panem

209 746 253 770 ac
288 734 414 772 vinum
451 735 528 772 sive
564 748 646 773 cum
675 749 770 786 pane
796 749 839 773 ac
867 736 954 773 vino
982 736 1033 773 ita
1061 737 1240 782 exhiberi,
1268 742 1311 775 ut
1346 739 1531 789 corporeis
1571 739 1738 776 Ministri

209 798 383 836 manibus
420 803 455 836 et
488 799 560 850 piis
597 799 707 837 simul
743 804 778 837 et
804 800 929 850 impiis
957 801 1231 850 prostituantur
1260 814 1397 852 oreque
1426 803 1566 840 carnali
1601 816 1621 839 a
1665 803 1737 853 piis

207 862 344 912 pariter
380 867 490 913 atque
524 863 648 914 impiis
686 869 893 902 sumantur.
948 864 992 901 Id
1021 877 1133 915 porro
1163 866 1194 902 si
1221 878 1296 902 non
1325 865 1506 916 probatur
1534 866 1670 911 Hosio,
1696 868 1734 904 in

210 940 359 964 arenam
396 928 459 965 hic
496 928 692 966 nobiscum
730 928 944 973 descendat,
982 942 1059 966 non
1094 930 1219 967 minus
1255 931 1352 973 enim
1399 931 1459 968 hic
1502 936 1738 982 oppugnatur

206 1005 357 1030 suorum
386 995 470 1041 (26)
506 994 870 1040 transubstantiatio,
904 1007 1014 1044 quam
1053 995 1391 1033 consubstantiatio
1420 995 1615 1046 quaedam,
1641 1009 1736 1046 quae

205 1057 252 1095 ab
282 1058 422 1097 Albero
449 1062 485 1096 et
512 1059 588 1096 suis
616 1059 848 1108 syncretistis
875 1063 1143 1110 propugnatur.

807 1188 1069 1227 Articulus
1097 1192 1132 1227 8.

260 1317 516 1355 nRecordatio
545 1322 600 1355 est
628 1331 752 1355 rorum
778 1318 1072 1368 praeteritarum,
1100 1332 1177 1356 non
1204 1319 1468 1369 praesentium.
1523 1319 1614 1357 Cum
1643 1332 1731 1368 ergo

209 1382 413 1419 'Christus
450 1381 562 1419 dicit:
615 1382 702 1419 Hoc
729 1383 841 1419 facite
864 1383 903 1419 in
930 1396 1050 1420 meam
1080 1383 1484 1429 commemorationem,
1509 1405 1560 1413 —
1586 1388 1730 1434 oportet

209 1460 415 1497 api-aesens
443 1459 519 1485 non
548 1460 626 1484 esse
656 1460 789 1497 corpus
818 1447 1011 1486 Domini.”

820 1576 1112 1627 ResponsiO.

256 1707 401 1744 Vellem
446 1706 539 1744 mihi
585 1706 730 1743 Hosius
767 1706 828 1743 hic
861 1719 928 1756 pro
969 1706 1109 1743 Albero
1146 1705 1401 1756 responderet,
1437 1719 1485 1743 an
1521 1705 1730 1743 recordatio

204 1784 328 1808 rerum
365 1771 412 1808 sit
446 1771 712 1821 praesentium,
748 1784 795 1808 an
841 1783 928 1807 vero
974 1770 1272 1821 praeteritarum.
1330 1770 1480 1808 Quodsi
1515 1784 1639 1808 rerum
1676 1775 1731 1808 est

204 1836 502 1886 praeteritarum,
539 1835 723 1885 siquidem
760 1835 910 1872 Platoni
945 1835 1055 1872 fidem
1092 1835 1215 1872 adhuc
1253 1834 1461 1872 habendam
1499 1848 1579 1873 esse
1612 1839 1732 1886 putat,

205 1900 394 1946 ostendat,
428 1913 510 1938 eum
540 1899 601 1936 hic
628 1899 740 1937 nobis
767 1899 807 1936 in
835 1903 933 1937 terra
961 1899 1205 1950 corporaliter
1233 1899 1362 1936 adesse
1390 1903 1573 1950 oportere,
1598 1899 1639 1937 in
1668 1912 1731 1936 cu-

204 1964 262 2001 ius
307 1963 568 2001 recordatione
614 1976 658 2000 ex
703 1963 898 2013 ipsiusmet
942 1962 1180 2000 institutione
1224 1975 1428 2007 versamur,
1470 1962 1621 1999 tametsi
1671 1962 1733 1999 hic

204 2029 303 2066 mala
329 2029 403 2067 fide
433 2029 595 2066 Alberus
625 2032 753 2066 nostra
781 2028 906 2065 omnia
935 2031 1119 2066 recenset..
1162 2027 1389 2077 Quanquam
1424 2027 1520 2064 enim
1558 2027 1732 2071 fatemur,

205 2094 369 2131 Coenam
405 2107 425 2131 a
463 2093 614 2130 Christo
651 2092 816 2131 Domino
853 2092 1069 2130 institutam
1096 2105 1175 2130 esse
1201 2092 1246 2129 ad
1276 2091 1395 2142 ipsius
1422 2091 1733 2136 recordationem,

203 2157 341 2196 diserte
368 2162 495 2196 tamen
524 2157 714 2200 docemus,
743 2157 851 2206 signa
881 2159 1209 2195 sacramentorum
1237 2170 1316 2195 esse
1345 2156 1452 2206 signa
1480 2157 1532 2194 rei
1551 2157 1731 2207 praeteri-

200 2226 273 2266 tae,
314 2222 630 2274 prae-(27)sentis
675 2227 711 2260 et
755 2222 918 2267 futurae,
952 2235 1084 2273 nempe
1131 2221 1407 2259 communionis
1452 2225 1604 2259 nostrae
1647 2235 1730 2259 cum

204 2287 357 2325 Christo
395 2287 559 2325 Domino
595 2287 637 2325 in
666 2300 822 2337 corpore
849 2291 885 2325 et
914 2288 1099 2336 sanguine
1125 2287 1255 2338 ipsius.
1310 2286 1539 2324 Praeteritae
1565 2286 1733 2337 inquam,

202 2354 388 2402 quatenus
425 2350 567 2388 dudum
602 2350 677 2388 iam
715 2350 934 2388 incarnatus
977 2355 1045 2397 est,
1079 2355 1250 2388 mortuus
1285 2355 1352 2396 est,
1385 2349 1589 2387 resurrexit
1627 2349 1729 2387 etin

202 2415 347 2453 coelum
393 2414 575 2454 ascendit.
629 2415 852 2461 Praesentis,
893 2418 1079 2465 quatenus
1120 2414 1186 2451 illa
1229 2413 1434 2452 etiamnum
1470 2412 1631 2451 fruimur
1664 2425 1729 2463 per

200 2479 326 2526 fidem,
362 2480 531 2518 omnium
568 2484 693 2518 autem
731 2480 1077 2530 significantissime
1104 2479 1145 2518 in
1174 2480 1321 2517 Coenae
1348 2492 1431 2516 usu.
1486 2477 1535 2515 Et
1569 2477 1729 2523 suturae,

201 2548 387 2596 quatenus
413 2545 518 2583 illius
547 2545 861 2596 complementum
890 2544 1015 2582 adhuc
1040 2544 1080 2582 in
1110 2548 1238 2582 nostra
1264 2542 1536 2582 resurrectione
1563 2541 1730 2579 futurum

201 2614 452 2661 expectamus.
507 2611 581 2649 Sed
609 2611 702 2650 haec
728 2611 826 2649 forte
854 2610 981 2648 videre
1009 2609 1133 2648 noluit
1161 2609 1336 2656 Alberus,
1362 2607 1484 2646 multo
1511 2606 1635 2644 minus
1663 2620 1730 2645 au·

199 2678 276 2713 tem
303 2675 512 2725 exscriptor
539 2675 659 2726 ipsius
686 2675 847 2721 Hosius,
873 2674 1181 2726 quandoquidem
1208 2673 1407 2712 struendae
1433 2670 1546 2710 nobis
1573 2684 1638 2722 per
1664 2684 1728 2710 eos

201 2739 411 2780 calumniae
438 2752 513 2779 non
543 2739 841 2780 subserviebant,
