1818 3178
217 122 290 160 274

222 230 323 268 lendi
357 230 472 272 orant,
499 222 713 275 praesertim
744 234 827 258 cum
853 220 928 256 illis
956 231 1031 257 non
1061 231 1127 268 ego
1157 218 1289 258 solum.
1317 216 1378 254 sed
1406 216 1507 266 ipsae
1533 215 1644 252 etiam
1671 213 1740 251 Pe-

225 293 458 341 regrinorum
505 287 694 324 Ecclesiae
730 283 981 328 Francoforti,
1016 282 1175 332 denique
1211 285 1246 319 et
1281 281 1345 319 alii
1381 280 1434 331 pii
1466 292 1509 317 ac
1545 279 1647 316 docti
1674 276 1744 315 viri

222 358 497 407 impeterentur,
523 365 570 390 ne
596 354 766 388 nostrum
796 349 984 386 silentium
1010 351 1046 384 et
1073 347 1165 384 mihi
1192 350 1228 384 et
1254 346 1328 383 illis
1356 345 1479 389 etiam,
1506 343 1570 394 qui
1589 342 1743 380 eandem

223 434 366 460 mecum
395 431 540 456 causam
572 416 769 457 sustinent,
797 413 921 451 fraudi
948 411 1212 463 quoquomodo
1240 424 1319 448 esse
1346 413 1482 460 posset.
1531 408 1630 446 Quia
1658 419 1744 444 vero

225 484 462 535 westphalus
499 482 570 518 hoc
605 479 778 530 inprimis
814 479 934 516 facere
969 481 1138 523 conatur,
1175 482 1214 513 ut
1240 476 1472 526 persuadeat,
1499 487 1568 511 nos
1596 486 1615 509 a
1645 473 1744 509 Cou-

223 550 383 587 fessione
410 551 631 596 Augustana
656 546 696 582 in
725 545 870 582 Coenae
897 542 1116 580 Dominicae
1143 547 1362 590 argumento
1384 540 1591 582 dissentire,
1615 537 1744 574 etiam-

221 613 251 648 si
279 611 317 648 in
345 614 472 648 nostra
498 608 725 657 Purgatione
754 605 1037 643 consensionem
1067 617 1150 640 cum
1176 603 1242 640 illo
1273 602 1403 640 callide
1432 602 1657 645 simulemus,
1676 611 1747 636 no-

223 680 340 712 strum
376 686 476 711 nunc
513 685 589 710 non
627 670 708 717 erit,
743 670 801 707 vel
828 670 989 707 refutare
1017 667 1226 704 doctrinam
1254 665 1564 709 adversariorum,
1593 663 1650 699 vel
1678 675 1748 699 no-

227 745 339 777 stram
376 737 594 789 approbare,
630 736 695 773 sed
728 735 769 772 in
807 734 879 771 hoc
907 733 1089 770 duntaxat
1115 730 1366 768 insistendum
1393 730 1475 775 erit,
1501 734 1543 766 ut
1571 726 1747 764 ostenda-

222 818 318 849 mus,
353 816 421 840 nos
457 804 549 852 (qua
584 805 688 851 parte
720 799 883 836 accusati
910 797 1065 844 fuimus)
1094 809 1170 834 non
1199 795 1369 847 equidem
1396 795 1483 831 fuco
1512 791 1748 842 hypocrisive

222 868 311 912 ulla,
347 865 658 917 quemadmodum
699 863 935 914 Westplialus
977 861 1237 905 calumniatur,
1274 860 1338 898 sed
1372 872 1499 896 revera
1537 871 1619 895 cum
1649 857 1748 894 Con-

223 931 384 970 fessione
428 933 650 980 Augustana
696 928 917 974 consentire,
941 949 993 955 -
1019 939 1061 964 ac
1088 925 1245 976 proinde
1271 937 1390 962 meras
1418 936 1497 961 esse
1533 921 1752 965 calumnias,

224 1010 314 1047 quas
351 994 591 1045 VVestphalus
628 993 739 1030 nobis
776 992 885 1029 furiis
923 992 997 1029 suis
1033 990 1195 1039 agitatus
1231 988 1376 1036 in—(fol.
1416 986 1598 1034 5)tendit;
1630 998 1750 1035 neque

221 1067 297 1099 tam
334 1073 404 1097 nos
440 1072 460 1096 a
499 1058 715 1109 Westphalo
752 1056 893 1107 impeti,
920 1069 1031 1106 quam
1059 1055 1179 1105 ipsam
1206 1053 1331 1104 potius
1361 1054 1620 1101 Augustanam
1650 1050 1751 1087 Con-

222 1124 435 1168 fessionem,
471 1124 511 1160 in
539 1135 610 1173 qua
637 1135 707 1159 nos
735 1120 888 1170 alioqui,
916 1133 992 1157 non
1019 1119 1172 1156 mutatis
1200 1130 1357 1168 usquam
1384 1115 1485 1153 illius
1512 1113 1648 1158 verbis,
1677 1113 1752 1150 cla-

224 1189 392 1226 rissimos
428 1187 618 1225 doctrinae
655 1189 804 1223 nostrae
841 1185 964 1222 fontes
1001 1186 1351 1227 commonstramus,
1386 1193 1462 1218 non
1500 1183 1624 1217 autem
1652 1178 1753 1215 Con-

223 1253 422 1291 sessionem
458 1252 578 1302 ipsam
603 1250 929 1293 transformamus,
964 1248 1037 1285 nisi
1065 1248 1096 1285 si
1123 1245 1340 1297 Westphalo
1369 1245 1658 1282 transformasse
1685 1246 1753 1286 est,

226 1318 349 1354 verbis
384 1316 500 1367 ipsius
539 1314 795 1353 Confessionis
833 1313 938 1363 loqui
965 1318 1001 1350 et
1028 1325 1154 1349 eorum
1182 1310 1530 1360 interpretationem
1555 1312 1682 1358 petere
1709 1319 1753 1344 ex
1781 1309 1783 1311 ’

228 1386 357 1419 mutua
393 1384 504 1431 atque
539 1379 707 1418 unanimi
741 1379 910 1415 locorum
944 1377 1046 1414 illius
1084 1375 1293 1419 collatione,
1324 1379 1359 1412 et
1386 1387 1462 1411 non
1491 1372 1611 1421 magis
1638 1371 1754 1409 multo

226 1447 390 1483 elevatur
426 1445 591 1493 dignitas
625 1449 735 1494 atque
771 1442 972 1480 auctoritas
1008 1440 1125 1491 ipsius
1163 1438 1431 1484 Confessionis‚
1468 1438 1555 1475 dum
1584 1449 1604 1473 a
1631 1435 1755 1473 verbis

227 1523 271 1547 ac
308 1509 492 1547 sententia
525 1507 642 1558 ipsius
677 1507 724 1544 ad
760 1506 885 1544 nescio
922 1518 1015 1556 quos
1062 1505 1141 1553 ejus
1177 1508 1337 1547 autores,
1374 1515 1493 1552 neque
1521 1513 1636 1551 usque
1664 1498 1756 1536 adeo

227 1575 326 1612 inter
361 1587 399 1611 se
428 1573 643 1618 concordes,
676 1574 913 1622 provocatur.
970 1569 1052 1606 Nos
1081 1581 1169 1605 sane
1196 1567 1297 1604 nulla
1325 1564 1509 1615 ejusmodi
1537 1561 1757 1601 diverticula

229 1644 293 1678 aut
322 1639 478 1688 suffugia
505 1637 729 1688 quaerimus,
757 1636 821 1673 sed
849 1635 894 1672 ad
922 1635 1040 1685 ipsam
1071 1632 1367 1676 Confessionem‚
1395 1634 1433 1668 ut
1462 1629 1561 1667 edita
1588 1628 1759 1673 habetur,

229 1716 486 1755 provocamus.
540 1701 676 1739 Verbis
725 1700 803 1749 ejus
849 1704 1002 1744 stamus,
1046 1701 1081 1734 et
1127 1709 1255 1734 eorum
1300 1693 1644 1745 interpretationem
1681 1704 1758 1729 non

231 1767 380 1806 aliunde
412 1767 585 1818 petimus,
619 1779 731 1816 quam
767 1778 810 1802 ex
840 1763 986 1801 collatis
1021 1766 1150 1799 mutuo
1185 1761 1284 1803 inter
1312 1773 1391 1797 sese
1418 1758 1510 1796 locis
1537 1758 1576 1795 in
1606 1760 1758 1794 contro—

232 1846 336 1871 verso
384 1832 455 1869 hoc
499 1834 717 1880 argumento
764 1828 880 1880 ipsius
919 1826 1188 1865 Confessionis‚.
1243 1824 1357 1862 Quod
1394 1822 1566 1873 equidem
1603 1821 1643 1858 in
1677 1820 1760 1871 ipsa

234 1911 363 1935 causae
389 1896 614 1934 tractatione
640 1894 748 1933 facile
777 1892 1041 1944 conspicietur,
1067 1890 1113 1928 a‘d
1142 1904 1254 1941 quam
1281 1889 1357 1927 iam
1386 1888 1534 1926 demum
1561 1885 1761 1937 progedia-

229 1975 330 2000 mur:

230 2028 363 2065 Ioan.
394 2028 417 2064 ὲ
444 2025 610 2064 LascO.
1212 2021 1247 2059 1.

282 2092 409 2130 Verba
426 2090 566 2128 Hilarii
582 2103 645 2128 ve-
1060 2086 1107 2124 W
1119 2099 1138 2124 e
1150 2088 1225 2136 stp
1236 2084 1261 2121 h
1273 2083 1314 2121 al
1327 2096 1350 2120 u
1362 2095 1391 2122 S.

231 2155 644 2200 rissimaessefatemur‚
748 2154 843 2202 Leyz'
876 2153 1055 2201 scriptum
1092 2150 1268 2188 Polom'ci
1292 2147 1473 2192 Baronis,
1500 2146 1543 2183 de
1573 2157 1644 2193 quo
1672 2144 1765 2193 quid

234 2221 297 2260 sed
325 2234 346 2258 a
375 2219 582 2270 Westphali
603 2219 644 2256 in
695 2220 831 2256 rectius
868 2224 899 2255 et
935 2218 1054 2255 verius
1090 2217 1128 2252 in
1165 2227 1309 2251 summa
1349 2213 1430 2261 quis
1469 2211 1614 2254 dixerit,
1650 2221 1763 2258 quam

232 2300 301 2325 nos
342 2286 473 2336 inique
520 2285 645 2322 detor·
699 2284 791 2320 illud
829 2283 971 2319 Hilarii
1006 2295 1050 2319 ezr
1086 2281 1179 2318 libro
1208 2280 1361 2328 septimo
1390 2278 1437 2314 de
1470 2276 1671 2313 Tri-nitate:
1699 2274 1766 2311 In-

239 2352 342 2402 queri
361 2351 531 2389 dicimus.
567 2349 650 2387 Nos
702 2348 937 2386 credibilibus
975 2347 1058 2394 (fol.
1086 2347 1127 2393 6)
1163 2345 1304 2393 inqem‘z'
1336 2343 1478 2380 artibus
1513 2354 1551 2378 se
1578 2340 1766 2377 haeretica

238 2417 336 2454 enim
387 2416 527 2453 nullius
578 2427 650 2451 un·
700 2413 883 2451 subtilitas
910 2411 1141 2460 eircumayit.

240 2493 351 2531 quam
377 2479 570 2516 haereseos
595 2478 650 2515 le-

239 2545 368 2594 gitime
395 2541 571 2580 accusati,
589 2554 655 2579 ne-

241 2609 328 2646 dum
373 2606 609 2644 condemnati
656 2618 784 2643 sumus
826 2616 870 2642 ac
907 2616 955 2641 ne
989 2602 1110 2640 auditi
1145 2599 1294 2651 quidem
1331 2609 1508 2647 unquam,
1544 2593 1608 2632 sed
1646 2593 1768 2631 omnis

243 2678 393 2712 nostrae
428 2671 618 2708 doctrinae
655 2671 778 2706 fontes
814 2672 849 2706 et
886 2669 926 2705 in
956 2666 1159 2717 Scripturis
1188 2663 1327 2702 sanctis
1356 2665 1391 2699 et
1418 2661 1457 2698 in
1485 2659 1684 2710 primaevis
1712 2662 1768 2696 at-

246 2751 316 2790 que
350 2734 579 2774 orthodoxis
620 2733 808 2770 Ecclesiae
844 2731 984 2770 Christi
1018 2735 1105 2782 post
1140 2727 1343 2780 Apostolos
1371 2724 1547 2762 Patribus
1575 2735 1768 2760 common-

245 2809 417 2845 stramus,
442 2798 563 2851 parati
589 2797 730 2847 alioqui
759 2810 900 2846 semper
927 2799 1058 2834 nostra
1086 2793 1292 2845 approbare
1318 2789 1455 2834 omnia,
1484 2788 1515 2825 si
1542 2787 1692 2838 quando
1721 2785 1768 2824 ad

247 2867 500 2907 Christianum
537 2861 689 2912 aliquod
727 2861 956 2912 colloquium
984 2859 1238 2905 admittamur,
1264 2854 1365 2907 quod
1393 2853 1561 2905 equidem
1590 2852 1770 2891 hactenus
