1818 3178
1516 112 1588 153 373

65 224 123 263 vel
160 227 258 263 certe
295 236 372 262 non
406 224 486 262 sine
520 218 757 275 praeiudiciis
793 224 976 273 legerunt.
1030 223 1112 262 Nos
1148 223 1248 261 enim
1284 221 1430 261 disertis
1466 223 1589 261 verbis

63 288 307 338 postulamus,
334 300 380 325 ne
407 287 518 325 nobis
545 287 621 325 ulla
656 300 810 339 usquam
837 288 930 326 fides
958 287 1138 326 habeatur
1166 288 1333 333 omnino,
1359 287 1433 325 nisi
1459 291 1589 338 quate-

61 365 133 390 nus
177 352 298 390 omnis
341 355 491 390 nostrae
528 351 719 390 doctrinae
752 353 875 390 fontes
909 353 950 390 in
986 352 1179 403 scripturis
1215 353 1356 390 sanctis
1399 352 1588 390 evidenter

63 422 408 454 commonstremus.
460 418 539 454 Aut
582 416 698 465 igitur
743 417 1004 468 Propheticam
1042 417 1154 454 simul
1187 420 1298 466 atque
1333 416 1589 467 Apostolicam

62 480 272 519 doctrinam
305 480 484 518 novitatis
521 485 708 527 accusent,
741 485 804 518 aut
842 481 1015 519 desinant
1043 484 1173 518 nostra
1200 481 1378 518 novitatis
1405 493 1591 525 accusare,

63 557 219 595 quorum
262 545 387 582 fontes
421 544 740 583 luculentissimos
775 545 815 582 in
852 544 1055 595 Scripturis
1091 549 1228 589 extare,
1264 557 1400 593 negare
1435 543 1589 581 omnino

61 622 138 647 non
182 613 351 660 possunt.
405 609 522 648 Porro
570 610 659 647 dum
694 615 862 647 nostram
899 610 1108 647 doctrinam
1146 610 1324 647 novitatis
1359 609 1591 653 insimulant,

59 684 187 709 eorum
224 685 262 710 se
295 673 445 724 ipsimet
483 673 686 724 discipulos
723 686 766 711 ac
802 685 1033 711 successores
1067 686 1147 711 esse
1175 673 1379 718 declarant,
1414 674 1492 724 qui,
1518 673 1590 710 etsi

61 736 236 774 virtutem
272 736 439 775 divinam
474 738 513 776 in
551 737 701 775 Christo
739 737 903 775 Domino
943 737 1095 788 eiusque
1129 737 1299 775 doctrina
1336 738 1590 788 conspicerent

61 801 269 847 manifeste,
305 802 483 840 novitatis
519 802 623 839 illam
660 806 796 846 tamen,
825 814 908 838 cum
934 801 1037 838 aliud
1066 801 1161 838 nihil
1187 805 1340 852 possent
1370 801 1503 845 dicere,
1530 814 1592 838 ac·

64 868 206 903 cusant.
262 865 413 903 Quibus
457 865 630 916 equidem
671 865 742 902 hoc
786 866 869 902 loco
915 865 1016 903 aliud
1056 878 1132 903 non
1168 865 1448 916 respondemus,
1482 878 1593 916 quam

62 929 166 979 quod
202 929 372 967 Christus
408 930 591 967 Dominus
628 929 838 967 Pharisaeis
876 930 963 967 olim
992 929 1132 979 legitur
1160 930 1408 980 respondisse,
1436 942 1519 967 cum
1545 929 1592 967 ab

61 993 137 1031 illis
172 999 208 1032 et
243 994 322 1045 ipse
348 994 526 1033 novitatis
555 994 858 1042 cu-(69)iusdam
883 994 924 1031 in
952 993 1195 1043 astringenda
1221 994 1366 1044 repudii
1392 994 1593 1043 indulgen-

61 1058 114 1096 tia
150 1062 388 1096 accusaretur
423 1058 752 1108 indulgentiaeque
787 1057 845 1095 illi
885 1057 1042 1095 inducta
1069 1071 1089 1095 a
1119 1057 1226 1095 Mose
1253 1057 1458 1108 antiquitas
1484 1071 1593 1108 prae-

62 1126 258 1168 texeretur,
286 1135 431 1173 nempe,
456 1122 503 1159 ab
531 1122 640 1160 initio
668 1134 747 1160 non
775 1121 829 1159 sic
855 1122 984 1160 fuisse.
1021 1124 1079 1159 Ac
1104 1121 1274 1172 proinde,
1301 1121 1348 1167 ad
1376 1135 1486 1172 quem
1511 1135 1593 1159 mo-

64 1185 152 1223 dum
191 1185 363 1224 Christus
397 1185 583 1223 Dominus
608 1185 821 1223 astrictioni
848 1198 936 1223 suae
962 1185 1057 1224 falso
1086 1185 1272 1223 obiectam
1298 1199 1379 1224 esse
1405 1199 1469 1236 per
1496 1186 1594 1223 Pha-

62 1248 201 1286 risaeos
243 1261 422 1299 nuperam
461 1249 687 1299 illamprae
722 1248 955 1286 matrimonii
989 1248 1134 1297 origine
1173 1248 1362 1286 Mosaicae
1394 1249 1596 1298 indulgen-

59 1312 136 1350 tiae
163 1312 437 1362 antiquitatem,
464 1316 638 1350 revocata
663 1312 806 1363 alioqui
832 1316 912 1350 tota
940 1312 1195 1350 controversia
1223 1313 1269 1350 ad
1288 1313 1447 1363 primam
1464 1313 1597 1350 matri-

63 1377 182 1415 monii
217 1377 413 1426 originem,
440 1390 460 1415 a
488 1390 562 1427 qua
588 1381 739 1428 propter
765 1377 896 1428 populi
922 1366 1228 1422 obstinationem,
1257 1377 1364 1415 Mose
1391 1377 1531 1428 alioqui
1557 1377 1597 1414 id

65 1442 317 1493 permittente,
334 1442 539 1480 discessum
557 1446 647 1488 erat,
664 1463 714 1471 —
732 1442 785 1480 ita
805 1447 841 1480 et
861 1455 930 1480 nos
943 1442 1154 1480 doctrinam
1165 1446 1334 1480 nostram
1354 1455 1374 1479 a
1387 1442 1598 1480 Pharisaeis

61 1507 157 1552 istis,
183 1507 304 1545 nostri
328 1507 508 1557 temporis
535 1506 770 1557 antiquariis,
798 1507 893 1545 falso
922 1507 1101 1545 novitatis
1128 1507 1297 1544 accusari
1315 1507 1487 1552 dicimus,
1507 1507 1595 1544 dum

62 1585 83 1609 a
109 1572 307 1623 Papisticis
344 1572 520 1609 omnibus
554 1572 795 1622 quantumvis
823 1572 979 1623 receptis
1008 1572 1339 1610 constitutionibus
1368 1572 1525 1610 decretis
1552 1585 1597 1608 ac

62 1636 198 1674 ritibus
236 1637 283 1674 ad
309 1637 469 1687 primam
496 1636 686 1674 Ecclesiae
715 1637 856 1675 Christi
882 1637 1066 1686 originem
1093 1638 1329 1688 primumque
1356 1637 1456 1675 illius
1483 1637 1596 1685 (Pro-

63 1700 234 1750 pheticas
263 1700 417 1751 inquam
455 1704 490 1738 et
526 1701 765 1751 Apostolicas
803 1702 1024 1752 scripturas)
1051 1714 1311 1752 provocamus,
1338 1707 1374 1740 et
1403 1714 1487 1739 cum
1516 1701 1594 1738 Do-

65 1763 167 1801 mino
205 1763 382 1802 dicimus:
419 1765 481 1802 Ab
517 1765 626 1802 initio
664 1778 741 1802 non
777 1765 830 1803 sic
856 1765 940 1804 fuit.
995 1767 1053 1803 Ac
1080 1766 1394 1817 quemadmodum
1423 1765 1594 1803 Christus

64 1827 249 1865 Dominus
285 1840 361 1865 non
396 1841 506 1879 posse
540 1829 588 1866 ab
628 1829 706 1866 ullo
743 1830 895 1867 homine
931 1830 1085 1869 dissolvi
1121 1831 1358 1881 pronunciat,
1385 1830 1486 1881 quod
1513 1830 1592 1868 Deo

62 1892 143 1943 ipso
190 1896 319 1930 autore
365 1893 717 1941 con-(70)iunctum
751 1900 861 1940 esset,
896 1895 948 1933 ita
986 1899 1023 1933 et
1055 1907 1126 1933 nos
1162 1895 1257 1932 nihil
1293 1908 1423 1933 eorum
1458 1895 1594 1933 mutari

64 1957 270 2008 violarique
310 1957 387 1994 ullo
422 1958 534 1996 modo
571 1958 737 2009 potuisse
773 1959 944 2004 dicimus,
979 1972 1098 2010 neque
1131 1973 1195 2010 per
1232 1960 1351 2010 Papas
1385 1960 1484 1997 ullos
1528 1973 1593 2010 per

65 2022 161 2059 male
189 2021 386 2059 conciliata
414 2022 565 2072 quaevis
591 2022 758 2074 ipsorum
787 2023 957 2068 concilia,
984 2037 1078 2074 quae
1095 2037 1160 2074 per
1180 2013 1371 2063 Christum
1390 2023 1595 2061 Dominum

64 2085 104 2123 in
139 2099 204 2124 sua
244 2085 412 2123 Ecclesia
445 2087 619 2124 instituta
659 2100 797 2138 perque
823 2088 902 2125 eius
931 2087 1079 2126 demum
1106 2088 1310 2139 Apostolos
1338 2089 1535 2125 observata
1562 2092 1599 2125 et

65 2150 176 2187 nobis
215 2150 260 2188 ad
289 2155 496 2188 extremum
525 2151 676 2202 scriptis
704 2164 830 2189 eorum
860 2152 1117 2189 commendata
1144 2165 1224 2190 esse
1251 2156 1411 2191 constat.
1467 2152 1597 2191 Quid?

65 2214 167 2265 quod
195 2228 264 2252 nos
293 2215 410 2252 multo
440 2228 543 2253 nuno
568 2217 719 2263 rectius,
746 2229 841 2266 quae
867 2217 915 2254 ab
943 2217 1027 2254 istis
1055 2217 1192 2254 violata
1219 2217 1405 2255 abolitave
1432 2221 1530 2260 sunt,
1549 2217 1597 2254 ad

63 2279 252 2328 legitimos
297 2292 384 2317 suos
419 2280 459 2317 in
498 2281 701 2330 Scripturis
737 2281 859 2318 fontes
895 2294 1069 2319 revocare
1106 2294 1296 2327 conamur,
1332 2282 1600 2320 inclarescente

63 2345 282 2395 praesertim
324 2345 464 2395 ubique
510 2345 582 2382 iam
620 2345 747 2383 divino
785 2346 966 2384 beneficio
1004 2346 1175 2384 doctrina
1210 2347 1409 2396 Euangelii
1447 2347 1600 2392 christi,

67 2422 179 2459 quam
217 2409 307 2446 olim
346 2408 515 2446 Mosaica
550 2409 615 2446 illa
651 2409 796 2460 repudii
831 2410 1065 2460 indulgentia
1103 2410 1251 2448 Christo
1280 2411 1444 2448 Domino
1470 2416 1599 2450 autore

67 2474 114 2511 ad
140 2473 300 2524 primam
337 2474 568 2511 matrimonii
596 2474 780 2523 originem
807 2475 1065 2519 revocabatur,
1092 2476 1239 2513 etiamsi
1266 2475 1367 2513 illam
1395 2489 1415 2513 a
1444 2476 1596 2514 Christo

68 2537 245 2582 Domino,
279 2543 321 2576 ut
357 2539 429 2575 alia
467 2538 604 2585 omnia,
639 2543 675 2576 et
709 2539 912 2576 iustissime
948 2543 984 2577 et
1021 2540 1254 2578 sanctissime
1280 2545 1491 2578 revocatam
1519 2554 1599 2578 csse

69 2615 146 2640 non
181 2602 409 2641 dubitamus.
466 2603 657 2640 Nimirum
694 2603 850 2641 dubium
886 2617 963 2642 non
1001 2608 1068 2647 est,
1105 2604 1250 2649 Mosen,
1285 2605 1431 2643 fidelem
1458 2605 1599 2656 alioqui

69 2665 139 2704 Dei
166 2666 392 2712 ministrum,
420 2667 515 2704 nibil
542 2671 577 2705 et
605 2667 678 2712 hic,
704 2671 746 2705 ut
773 2668 866 2705 alibi
895 2668 1044 2719 ubique,
1071 2668 1151 2706 sine
1176 2669 1354 2719 peculiari
1383 2669 1596 2707 hauddubie

69 2730 172 2768 verbi
201 2730 320 2769 divini
347 2732 498 2769 oraculo
527 2731 658 2780 egisse.
689 2732 826 2782 Papam
854 2745 940 2770 vero
970 2736 1116 2771 constat
1145 2738 1321 2771 conatum
1348 2747 1427 2771 esse
1455 2747 1597 2784 semper

71 2806 153 2831 cum
189 2797 266 2834 suis
301 2797 477 2834 omnibus
515 2810 662 2835 omnem
698 2811 849 2848 prorsus
887 2797 1051 2836 divinam
1088 2799 1449 2847 Ecclesia-(7l)stici
1486 2799 1598 2835 mini-

71 2859 173 2898 sterii
211 2861 486 2901 ordinationem
515 2862 668 2901 omnino
698 2862 923 2909 subvertere,
950 2874 1026 2914 quo
1054 2876 1140 2902 suae
1167 2863 1361 2914 tyrannidi
1388 2867 1500 2914 atque
1527 2863 1599 2901 im-
