1818 3178
102 130 245 140 ΜΨ
249 123 1611 139 ΜΜΜΜκκωωκΜΑΜΜΜᾺΜΜΝκΜ

276 574 659 639 SUMMA
741 574 1402 637 DOCTRINAE

224 796 383 839 MEAE
433 796 511 839 DE
561 795 834 839 CORPORIS
886 794 1110 837 CHRISTI
1158 795 1223 837 IN
1274 795 1465 840 COENA

512 881 728 923 DOMINI
779 880 1173 923 EXHIBITIONE.

130 1247 252 1285 Docui
294 1260 436 1298 semper
468 1249 503 1284 et
540 1245 668 1292 doceo,
705 1258 837 1296 corpus
874 1248 909 1282 et
945 1245 1165 1295 sanguinem
1199 1245 1339 1284 Christi
1374 1235 1527 1285 Domini
1562 1247 1603 1286 in

81 1312 225 1350 Coenae
261 1315 491 1349 sacramento
528 1310 637 1348 nobis
676 1322 749 1347 non
777 1313 923 1347 tantum
951 1310 1169 1358 significari,
1197 1311 1259 1348 sed
1287 1324 1370 1348 vere
1396 1311 1507 1349 etiam
1537 1325 1601 1349 ex-

80 1376 220 1422 hiberi;
250 1380 433 1414 caeterum
462 1376 572 1424 longe
600 1374 671 1412 alia
698 1375 856 1418 ratione,
883 1387 994 1425 quam
1021 1387 1041 1412 a
1070 1374 1197 1412 multis
1219 1388 1319 1413 nunc
1339 1375 1462 1413 doceri
1482 1376 1603 1415 video.

80 1439 231 1478 Etenim
257 1439 327 1477 sub
355 1439 578 1490 corporis
607 1437 757 1476 nomine
785 1451 860 1476 non
888 1438 1060 1488 equidem
1086 1438 1205 1489 ipsam
1235 1439 1400 1490 corporis
1426 1440 1602 1478 substan·

78 1504 181 1547 tiam,
228 1516 358 1553 nempe
394 1515 543 1540 carnem
575 1502 696 1554 ipsam
734 1505 845 1552 atque
881 1514 963 1539 ossa
1000 1501 1139 1539 Christi
1176 1502 1342 1547 Domini,
1377 1503 1441 1541 sed
1477 1504 1603 1554 potius

81 1567 381 1607 communionem
417 1567 583 1618 corporis
615 1566 731 1617 ipsius
765 1566 949 1616 intelligo,
979 1567 1089 1616 juxta
1116 1566 1222 1604 Pauli
1247 1567 1604 1618 interpretationem,

82 1635 103 1671 1
133 1633 199 1671 Co.
227 1634 287 1678 10,
314 1636 354 1670 ut
381 1645 514 1669 coenae
542 1630 757 1681 mysterium
786 1644 862 1668 non
890 1643 977 1668 sanc
1004 1630 1052 1668 sit
1080 1643 1164 1668 caro
1191 1631 1271 1681 ipsa
1291 1635 1326 1669 et
1345 1644 1429 1669 ossa
1451 1632 1604 1680 Christi,

81 1698 145 1735 sed
173 1702 299 1736 nostra
326 1697 449 1748 potius
477 1709 562 1734 cum
589 1696 738 1734 Christo
765 1695 929 1733 Domino
959 1696 1171 1733 communio
1199 1709 1242 1734 ac
1270 1696 1426 1735 societas
1454 1697 1492 1735 in
1522 1710 1604 1735 cor·

80 1776 170 1814 pore
204 1762 340 1813 ipsius„
386 1762 550 1800 Rursum
586 1774 722 1799 coenae
757 1765 1027 1799 sacramentum
1063 1774 1143 1799 esse
1180 1761 1262 1799 dico
1299 1775 1376 1800 non
1413 1766 1605 1802 externam

81 1827 181 1864 illius
214 1830 374 1871 tantum,
409 1826 620 1864 institutam
647 1839 668 1864 a
697 1825 846 1864 Christo
874 1825 1051 1872 Domino,
1079 1827 1361 1871 caeremoniam,
1387 1828 1506 1866 multo
1533 1828 1605 1866 mi-

81 1903 151 1929 nus
193 1890 273 1940 ejus
317 1890 510 1935 elementa,
545 1902 674 1940 nempe
709 1902 842 1940 panem
878 1894 913 1927 et
950 1889 1091 1934 vinum,
1127 1889 1190 1927 sed
1225 1894 1418 1928 externam
1453 1891 1604 1942 quidem

83 1954 352 1993 caeremoniam
379 1955 444 2002 (A.
474 1951 534 2001 5¹³)
570 1958 764 1991 externum
792 1953 902 1991 etiam
940 1966 1076 1991 coenae
1110 1953 1228 2004 ipsius
1265 1954 1412 2003 signum
1441 1968 1520 1993 esse
1547 1956 1604 1993 sa·

82 2023 174 2058 teor.
227 2019 421 2056 Caeterum
455 2018 565 2056 aliam
600 2022 789 2068 praeterea
824 2031 973 2068 quoque
998 2017 1038 2055 in
1067 2031 1202 2056 coenae
1231 2024 1461 2057 sacramento
1487 2019 1605 2058 actio-

84 2096 166 2121 nem
195 2082 281 2120 huic
309 2082 416 2131 signo
444 2085 598 2119 externo
625 2080 804 2130 adjungo,
830 2093 961 2131 nempe
986 2080 1172 2118 internam
1198 2081 1360 2131 Spiritus
1388 2081 1508 2119 sancti
1536 2081 1605 2119 sub

83 2146 163 2197 ipsa
191 2146 419 2183 caeremonia
446 2145 485 2183 in
512 2144 650 2182 nostris
679 2144 853 2182 cordibus
881 2144 1146 2195 operationem,
1180 2158 1254 2195 qua
1280 2145 1422 2197 alioqui
1449 2146 1609 2192 sublata,

86 2223 238 2248 coenam
274 2210 426 2247 Domini
462 2222 541 2247 esse
576 2222 686 2258 nego,
720 2209 868 2246 etiamsi
893 2213 1046 2247 externa
1073 2209 1175 2247 illius
1205 2211 1435 2248 caeremonia
1463 2211 1605 2262 specio-

86 2275 230 2313 sissime
264 2278 474 2326 peragatur.
528 2275 721 2311 Postremo
756 2273 909 2311 verbum
946 2273 1216 2312 exhibendi
1252 2275 1290 2312 in
1333 2288 1468 2313 coenae
1494 2289 1606 2324 argu-

86 2343 212 2377 mento
246 2339 357 2388 longe
391 2338 508 2384 aliter,
541 2351 652 2390 quam
687 2338 853 2389 plerique
889 2338 1046 2384 faciunt,
1079 2338 1235 2389 accipio,
1290 2338 1470 2377 Exhiberi
1506 2339 1605 2376 enim

88 2405 148 2442 hic
185 2404 283 2441 idem
318 2416 397 2441 esse
432 2403 527 2448 dico,
562 2403 663 2454 quod
698 2403 738 2441 in
776 2408 975 2454 conspectu
1010 2403 1091 2454 ipso
1129 2404 1305 2442 constitui
1340 2416 1383 2441 ac
1410 2403 1503 2449 sisti,
1529 2416 1606 2441 non

86 2474 210 2507 autem
247 2468 379 2505 donari
414 2467 511 2505 tradi
544 2468 739 2505 transferri
783 2480 845 2505 seu
889 2468 1126 2514 transfundi,
1161 2469 1473 2519 quemadmodum
1509 2482 1606 2506 non-

88 2534 182 2573 nulli
228 2533 374 2571 docent.
429 2532 478 2570 Et
523 2532 680 2570 cibum
725 2546 804 2570 esse
842 2533 1066 2583 interpretor
1102 2534 1188 2571 fidei
1225 2538 1374 2572 nostrae
1409 2533 1456 2570 ad
1491 2533 1606 2571 vitam

87 2602 273 2636 aeternam
318 2597 357 2633 in
402 2595 538 2634 nostris
579 2596 712 2634 animis
749 2597 1069 2635 confirmationem
1105 2597 1489 2647 etobsignationem.
1543 2597 1605 2635 Ad

88 2661 189 2700 huno
214 2659 379 2705 modum,
405 2659 571 2709 inquam,
597 2673 665 2709 ego
694 2674 801 2699 voces
829 2661 919 2699 istas
949 2675 1091 2714 semper
1117 2663 1294 2714 usurpavi
1320 2666 1356 2700 et
1376 2675 1476 2700 nunc
1494 2663 1605 2701 etiam

88 2739 238 2777 usurp0‚
272 2729 383 2776 atque
414 2726 521 2774 juxta
557 2724 654 2762 hano
688 2726 797 2764 talem
834 2739 968 2765 vocum
1004 2727 1159 2766 istarum
1188 2727 1467 2779 usurpationem
1495 2728 1605 2767 docui

91 2803 233 2842 semper
258 2794 294 2828 et
322 2790 448 2835 doceo,
480 2789 527 2826 in
565 2801 741 2827 coenae
770 2804 815 2828 sa
829 2796 1100 2838 eramento,
1136 2792 1208 2830 hoc
1232 2796 1299 2837 est,
1324 2791 1364 2830 in
1391 2796 1470 2830 tota
1496 2793 1605 2844 plena

90 2869 132 2897 ac
167 2855 331 2906 legitima
359 2867 494 2893 coenae
524 2853 740 2893 Dominicae
767 2855 1014 2900 institutione.
1041 2858 1107 2905 (A.
1139 2858 1196 2905 6¹³)
1223 2869 1297 2894 non
1327 2859 1449 2894 autem
1477 2856 1516 2895 in
1543 2869 1607 2896 ex·-
