1818 3178
174 133 244 170 106
706 131 894 159 EPISTOLA
924 131 974 156 An
1003 129 1155 156 REGEM.

170 246 302 281 ornatu
337 238 541 278 meretricio
569 247 691 279 exuas,
719 245 860 283 suoque
886 230 978 268 illud
1006 233 1140 266 ornatu
1168 229 1334 277 virgineo
1362 241 1510 266 rursum
1535 229 1685 274 induas,

171 319 242 357 qno
285 303 452 342 videlicet
495 314 515 338 a
555 310 696 336 summo
741 297 807 333 illo
845 296 989 343 Regum
1026 292 1191 329 omnium
1227 292 1329 341 Rege
1364 305 1407 329 ac
1442 292 1684 340 Nomotheta,

173 370 319 408 Christo
364 365 526 408 domino,
566 363 605 399 in
640 362 716 398 suis
750 358 1049 397 institutionibus
1086 360 1258 394 ornatum
1294 370 1373 394 esse
1408 360 1566 395 constat.
1621 358 1685 395 Sic

169 434 265 471 enim
309 433 395 468 nota
440 431 478 476 (2
515 428 572 474 2²¹)
610 425 756 462 demum
800 424 868 461 erit
904 422 974 460 toti
997 420 1202 458 'Ecclesiae
1247 420 1386 458 Christi
1420 421 1512 459 fides
1547 425 1611 460 tua
1642 422 1682 460 in

168 495 303 534 tuenda
338 493 434 530 filiae
469 491 539 528 tibi
575 488 817 533 concreditae,
853 500 930 524 non
964 484 1066 522 domi
1101 485 1212 522 modo
1249 489 1346 532 tuae,
1374 485 1437 523 sed
1464 490 1542 524 toto
1572 486 1682 524 etiam

167 559 254 597 orbe
280 561 459 595 terrarum
485 553 634 605 publica
663 553 866 590 honestate.

216 621 380 672 Exposui
399 625 516 657 autem
539 619 659 668 aliqua
679 630 723 654 ex
741 621 844 668 parte
864 616 902 652 in
911 614 1038 652 libello
1051 614 1261 651 hocnostro
1276 613 1469 669 illecebras
1479 627 1680 663 ganearum

165 684 445 735 Papisticaruni,
479 681 613 731 quibus
655 681 979 717 Sacramentorum
1014 690 1121 715 usum
1156 677 1309 714 lenones
1347 677 1402 714 illi
1430 677 1684 715 Romanenses

164 747 418 797 indignissime
437 747 687 796 deturparunt.
716 743 885 781 Iudicavi
902 743 1005 787 item,
1028 747 1067 779 ut
1086 741 1203 792 potui,
1221 754 1346 779 verum
1364 755 1500 792 purum
1510 756 1553 780 ac
1565 743 1682 792 virgi·-

164 827 270 852 ncinn
291 816 459 849 ornatum
478 811 590 854 illius,
608 814 679 846 uta
694 807 1047 845 doininoinstitutus
1058 811 1124 844 est.
1153 806 1319 843 Tantum
1330 806 1373 843 de
1387 819 1455 843 usu
1466 806 1683 857 disciplinae

165 877 357 915 dicendum
376 875 496 912 adhuc
516 878 592 912 erat
609 874 720 924 paulo
733 872 1034 918 accuratius,nisi
1044 871 1255 920 argumenti
1267 871 1426 921 suscepti
1435 871 1530 908 ratio
1540 871 1612 908 alio
1623 885 1683 910 me

163 942 345 985 traxisset,
380 938 526 977 tametsi
562 937 639 975 eius
680 950 826 987 quoque
852 935 1087 973 meminimus
1118 935 1213 972 circa
1241 935 1328 972 finis
1358 936 1681 972 Sacramentorum

163 1007 329 1043 oninium
356 1003 651 1055 explicationem.
680 1002 793 1038 Nihil.
814 1004 937 1038 antem
964 1013 1078 1050 aeque
1105 1013 1238 1037 ornare
1264 1003 1386 1050 potest
1412 1012 1522 1036 usum
1551 1000 1682 1037 Sacra-

161 1074 369 1108 mentorum
396 1068 435 1105 in
463 1066 629 1104 Ecclesia
658 1065 797 1103 Christi
823 1070 933 1114 atque
960 1064 1126 1113 legitima
1155 1063 1373 1114 disciplinae
1394 1063 1681 1101 Ecclesiasticae

163 1133 258 1170 circa
293 1131 397 1168 illum
433 1128 654 1172 observatio,
690 1141 820 1178 nempe
856 1132 896 1164 ut
925 1140 1002 1164 sese
1030 1130 1159 1164 mutuo
1188 1140 1328 1172 omnes,
1355 1127 1420 1178 qui
1446 1141 1520 1165 una
1548 1128 1682 1166 Sacra-

162 1196 295 1235 mentis
329 1198 497 1240 utuntur,
522 1193 681 1244 primum
708 1192 884 1243 privatim
911 1196 946 1229 et
973 1196 1140 1229 amanter
1166 1195 1208 1229 ut
1236 1192 1381 1237 fratres,
1409 1192 1440 1230 si
1467 1193 1559 1243 quid
1586 1193 1682 1231 alius

161 1263 200 1300 in
234 1262 306 1299 alio
343 1260 543 1298 desiderat:
583 1257 714 1295 deinde
750 1257 896 1295 duobus
932 1261 995 1295 aut
1032 1257 1154 1295 tribus
1191 1257 1383 1303 adhibitis,
1416 1279 1467 1286 —
1493 1261 1680 1308 postremo

161 1327 309 1378 publice
349 1337 494 1375 quoque
537 1337 580 1361 ex
625 1322 737 1360 verbo
773 1322 842 1359 Dei
874 1321 1098 1359 admoneant
1135 1322 1376 1361 consolentur
1413 1322 1603 1372 corrigant
1638 1336 1682 1360 ac

161 1389 428 1442 reprehendant
462 1388 565 1425 iuxta
605 1399 711 1424 suum
750 1386 906 1437 quisquc
943 1386 1112 1424 ordinem
1149 1386 1195 1423 ad
1232 1385 1484 1424 attestandum
1510 1390 1681 1425 nostrum

162 1456 324 1493 studium
358 1455 397 1491 in
433 1453 565 1490 veteris
601 1452 698 1489 inter
734 1464 802 1488 nos
838 1451 1011 1489 fermenti
1048 1451 1329 1502 expurgatione,
1357 1455 1392 1488 et
1418 1451 1681 1502 promovendis

161 1519 201 1567 (ἦέ
229 1514 287 1565 2”)
316 1517 471 1555 subinde
498 1514 749 1553 incitamentis
776 1515 934 1552 assiduis
961 1528 1080 1553 novae
1107 1515 1293 1554 internos
1314 1516 1611 1567 conspersionis;
1631 1537 1681 1544 —

162 1587 214 1628 ut,
246 1583 309 1632 qui
337 1595 451 1619 unum
478 1593 546 1617 nos
573 1593 718 1630 panem,
744 1592 859 1617 unum
890 1592 1023 1630 corpus
1051 1592 1130 1617 esse
1156 1582 1338 1617 testamur
1365 1592 1435 1617 usu
1463 1580 1682 1617 Sacramen-

162 1651 297 1691 torum,
330 1646 510 1683 mundum
544 1657 612 1681 nos
648 1644 758 1682 etiam
794 1648 905 1694 atque
932 1648 1181 1694 expurgatum
1207 1656 1340 1694 panem
1368 1643 1524 1680 Domini
1552 1656 1684 1694 cupere

165 1724 254 1755 essc,
282 1710 500 1748 unanimiter
528 1722 653 1746 omncs
682 1708 921 1747 declaremus.
958 1709 1115 1746 Utinam
1143 1722 1228 1746 vero
1257 1708 1298 1745 id
1324 1708 1435 1746 nobis
1463 1708 1586 1746 videre
1612 1708 1682 1746 ali-

166 1774 312 1824 quando
353 1773 461 1811 liceat
505 1772 578 1810 tuis
613 1772 799 1823 auspiciis,
843 1772 923 1810 Rex
959 1772 1216 1810 Serenissime!
1263 1772 1303 1809 in
1340 1772 1470 1821 Regno
1509 1772 1579 1809 hoc
1614 1775 1680 1809 tuo

166 1822 437 1882 florentissimo,
469 1841 644 1887 tuumque
671 1836 731 1873 hic
758 1837 965 1887 exemplum
992 1837 1156 1887 reliquae
1185 1836 1356 1887 deinceps
1384 1834 1572 1874 Ecclesiae
1600 1849 1680 1874 om-

167 1915 231 1939 ncs
266 1906 344 1939 toto
381 1901 470 1938 orbe
505 1900 715 1938 Christiano
751 1904 963 1950 sequantur.
1017 1900 1273 1937 Voluissenius
1302 1900 1452 1950 quidem
1489 1913 1571 1947 nos,
1604 1900 1682 1937 eius

167 1965 218 2002 1·οἱ
255 1965 436 2015 specimen
472 1965 725 2015 qualecunque
761 1964 846 2001 dare
880 1964 919 2000 in
953 1964 1124 2002 instituta
1151 1967 1235 2001 tuae
1265 1963 1474 2002 Maiestatis
1502 1964 1681 2001 beneficio

168 2035 247 2081 (per
277 2031 344 2068 Dci
368 2029 543 2079 gratiam)
579 2033 705 2066 nostra
732 2029 792 2065 hic
817 2029 1098 2079 peregrinorum
1127 2029 1307 2074 Ecclesia,
1335 2029 1366 2066 si
1394 2029 1504 2066 nobis
1522 2029 1563 2066 id
1584 2029 1683 2066 bona

169 2102 251 2133 tuac
292 2095 495 2132 Maiestatis
532 2094 637 2131 venia
667 2093 843 2139 licuisset,
877 2093 1041 2144 adeoque
1078 2098 1113 2131 et
1150 2107 1251 2131 nunc
1287 2094 1477 2137 vellemus,
1505 2094 1536 2131 si
1561 2094 1686 2139 liceat,

170 2173 285 2209 neque
322 2158 586 2202 dubitaremus,
621 2170 697 2194 reni
733 2157 883 2194 maioris
912 2158 1027 2195 multo
1056 2158 1199 2195 fructus
1229 2159 1320 2203 fore,
1348 2171 1459 2208 quam
1485 2157 1574 2195 ullis
1601 2171 1682 2195 om-

172 2224 258 2260 nino
297 2223 415 2260 verbis
443 2222 618 2273 explicari
646 2225 768 2272 queat.
823 2222 928 2259 Certe
957 2226 992 2259 et
1020 2221 1065 2259 ad
1094 2222 1371 2272 repurgandum
1398 2223 1571 2272 Regnum
1598 2223 1682 2260 uni-

172 2300 316 2324 versum
347 2291 430 2323 tune
468 2285 686 2331 Maiestatis,
722 2298 804 2322 cum
848 2285 997 2334 flagitiis
1041 2286 1228 2331 omnibus,
1262 2291 1343 2324 tum
1378 2299 1463 2324 vero
1499 2286 1682 2337 imprimis

172 2350 280 2387 ctiam
309 2349 424 2387 Sectis
451 2363 493 2386 ac
521 2349 760 2392 Haeresibus,
787 2362 885 2386 nunc
910 2349 1060 2400 ubique,
1088 2354 1127 2388 ut
1154 2363 1347 2401 nunquam
1369 2354 1489 2396 antea,
1507 2363 1681 2399 grassan-

172 2414 284 2458 tibus,
316 2418 350 2451 et
386 2413 431 2450 ad
469 2413 630 2451 sistenda
664 2414 753 2451 item
787 2413 987 2451 domestica
1021 2414 1144 2452 onmia
1172 2415 1362 2452 doctrinae
1390 2413 1556 2460 dissidia,
1583 2413 1681 2451 haud

175 2478 248 2515 scio
284 2491 331 2514 an
367 2477 441 2514 ulla
475 2477 624 2515 omnino
660 2481 695 2514 et
730 2477 873 2515 facilior
908 2482 943 2516 et
968 2478 1096 2515 utilior
1122 2483 1158 2516 et
1184 2480 1303 2528 magis
1332 2478 1543 2516 Christiana
1571 2478 1683 2516 etiam

174 2541 266 2578 ratio
302 2541 449 2590 reperiri
484 2541 612 2590 possit.
666 2541 766 2580 Quid
800 2546 923 2580 autem
957 2544 1074 2592 magis
1101 2543 1223 2594 expeti
1251 2542 1401 2594 opta-(ffe
1428 2543 1592 2592 3³)rique
1620 2542 1684 2579 dc·

175 2606 259 2642 beat
294 2605 333 2641 in
370 2604 506 2641 Christi
542 2604 714 2651 Ecclesia,
751 2620 860 2656 qnam
896 2611 949 2651 ut,
986 2608 1199 2658 compositis
1227 2607 1401 2645 omnibus
1430 2607 1621 2645 doctrinae
1649 2611 1684 2644 et

174 2669 381 2706 animorum
419 2667 590 2714 dissidiis,
624 2668 662 2705 in
696 2675 824 2707 mutuo
858 2683 985 2708 omnes
1020 2685 1143 2708 amore
1171 2685 1214 2708 ac
1242 2671 1453 2718 concordia,
1479 2671 1588 2709 unius
1615 2684 1684 2708 nos

175 2747 257 2771 vcre
293 2732 456 2783 corporis
492 2733 655 2770 membra
678 2746 755 2771 csse
783 2736 850 2772 sub
879 2736 996 2786 capite
1023 2742 1151 2774 nostro
1181 2737 1329 2774 Christo
1358 2736 1521 2773 Domino
1552 2736 1684 2773 unani-

176 2799 282 2835 miter
308 2798 552 2835 testaremur?
606 2796 692 2834 Huc
719 2812 804 2836 sane
832 2804 997 2850 spectant
1024 2801 1170 2851 piorum
1198 2801 1365 2838 omnium
1393 2801 1527 2846 studia,
1555 2801 1618 2851 qui
1645 2801 1684 2838 in

180 2860 468 2898 Sacranicntaria
516 2860 763 2899 controversia
809 2863 1060 2913 componenda
1106 2863 1230 2901 onmia
1273 2863 1345 2900 sibi
1389 2863 1568 2902 tentanda
1595 2875 1686 2909 esse,
