1818 3178
751 149 827 177 rim
834 147 989 176 EFA'HO.
1556 143 1632 174 XXI

97 255 402 314 apologeticam
434 253 648 296 doctrinae
686 260 854 296 nostrae
883 253 1184 295 confessionem
1220 277 1272 284 —
1303 276 1358 284 —-
1389 265 1566 307 eamque
1599 266 1621 294 a

96 328 276 372 Calvino
308 352 361 358 —
392 327 544 369 lectam
577 352 631 359 -—
662 325 864 369 edendam
897 325 1056 376 curavi,
1090 331 1130 367 et
1161 324 1360 381 quoniam
1393 323 1470 366 sub
1500 322 1621 380 prelo

95 401 232 444 adhuc
285 400 429 442 haeret
477 398 717 455 exemplum
766 399 882 440 illius
921 413 1042 439 manu
1087 399 1325 452 descriptum
1373 397 1436 455 (ut
1476 395 1621 438 haberi

95 488 209 516 nunc
252 473 310 515 ita
355 479 526 528 repente
573 472 722 528 potuit)
764 476 859 513 tuae
904 471 1109 512 maiestati
1146 471 1190 513 in
1231 486 1289 512 me
1332 470 1488 527 quidem
1519 475 1620 520 erat,

88 545 415 604 praetermittere
445 545 630 588 voluisse.
718 542 831 596 Quid
861 542 964 584 haec
996 541 1123 584 verba
1151 541 1407 598 significent:
1472 564 1494 590 u
1507 541 1622 583 Tuae

99 617 300 660 maiestati
331 617 374 658 in
408 632 474 658 me
503 615 671 672 quidem
705 623 807 666 erat,
839 615 1172 671 praetermittere
1193 613 1402 656 voluisse’'
1425 629 1477 656 ne
1499 611 1624 656 Oedi-

96 705 176 747 pus
215 689 386 746 quidem
426 689 651 746 intelligat.
711 687 851 731 Voces
881 693 989 738 sunt,
1021 686 1134 728 omni
1165 686 1377 743 plausibili
1407 701 1534 729 sensu
1564 686 1622 728 sic

97 762 316 805 destitutae
357 768 404 804 ut
445 762 518 818 qui
555 776 699 803 sanam
744 766 927 802 mentem
966 758 1134 801 lectioni
1163 758 1359 801 adhibere
1389 758 1505 811 solet,
1538 774 1622 801 non

95 835 332 892 impingere
362 835 410 876 iis
444 833 567 890 plane
598 848 682 875 non
713 833 854 889 possit.
887 831 1054 874 Revera
1086 845 1261 873 coecum
1293 846 1380 874 esse
1411 830 1545 883 debet,
1578 832 1622 873 ni

96 906 357 949 manifestam
401 906 599 948 lacunam
644 905 686 946 in
728 903 808 946 hoc
849 909 1052 945 contextu
1085 910 1229 959 aperte
1259 903 1358 945 satis
1388 902 1520 945 latere
1551 902 1622 944 de-

99 977 340 1036 prehendat.
374 977 544 1021 Conieci
576 975 769 1033 equidem
798 975 1069 1018 inserendum
1099 990 1207 1018 esse:
1244 998 1266 1024 η
1280 974 1400 1017 Tuae
1423 976 1625 1018 maiestati

101 1050 250 1108 [offero,
291 1055 337 1092 ut
367 1051 510 1104 palam
541 1049 597 1091 sit
627 1065 686 1091 me
716 1050 875 1091 nultum
907 1048 1179 1091 observantiae
1209 1062 1316 1090 meae
1351 1048 1458 1090 Tuae
1489 1048 1621 1090 Maie-

97 1124 197 1165 statz‘
237 1115 389 1165 debitae
430 1122 632 1174 indicium,
676 1122 885 1180 quantum]
931 1122 975 1164 in
1020 1137 1085 1164 me
1118 1120 1287 1177 quidem
1318 1126 1410 1162 erat
1438 1125 1624 1176 praeter--

99 1195 261 1237 mittere
306 1193 516 1237 voluisse’'
560 1193 671 1250 quod
703 1194 884 1236 aliorum
912 1193 1067 1236 iudicio
1099 1193 1308 1249 permitto,
1371 1191 1511 1234 Erunt
1541 1191 1625 1234 for·

98 1275 216 1320 tasse,
260 1268 333 1324 qui
374 1283 440 1310 me
486 1267 594 1309 male
637 1267 914 1323 imperiteque
960 1265 1166 1309 medendo
1215 1266 1378 1307 auxisse
1429 1266 1624 1307 morbum

100 1347 344 1397 querentur,
386 1339 452 1382 vel
484 1340 753 1382 desultoriam
787 1346 970 1397 arguent
1000 1339 1227 1388 levitatem,
1260 1353 1342 1394 qua
1373 1337 1473 1380 satis
1502 1344 1627 1380 teme-

99 1414 208 1456 rarie
247 1419 489 1455 contextum
532 1413 752 1454 restituere
784 1417 956 1453 conatus
987 1410 1078 1453 sim.
1143 1410 1335 1466 Accipio,
1370 1408 1624 1452 Gerdesium

97 1501 148 1528 ex
192 1485 242 1527 iis
281 1485 386 1536 fore,
435 1485 468 1527 si
499 1485 731 1527 etiamnum
772 1483 1098 1540 Groninganam
1145 1481 1302 1524 scolam
1348 1496 1424 1524 sua
1456 1487 1627 1524 ornaret

99 1559 346 1609 eruditione,
388 1574 467 1601 nec
505 1574 643 1600 meam
684 1558 883 1614 ineptam,
931 1557 965 1599 si
996 1555 1177 1605 videtur,
1209 1553 1512 1611 impudentiam
1544 1553 1622 1610 ipsi

101 1631 328 1674 obtrudere
373 1632 415 1673 in
462 1631 602 1673 animo
648 1636 721 1674 est.
786 1629 883 1671 Hoc
929 1634 1069 1670 autem
1117 1643 1200 1669 non
1246 1626 1377 1683 capio,
1419 1641 1497 1668 cur
1541 1641 1626 1668 non

100 1703 314 1762 punctillis
359 1703 506 1745 saltem
553 1701 802 1759 quibusdam
845 1699 1159 1756 interponendis
1190 1698 1323 1741 obiter
1354 1697 1553 1741 lacunam
1584 1712 1626 1739 se

100 1775 337 1818 observasse
368 1774 614 1817 indicaverit
646 1775 709 1816 vir
740 1773 1026 1816 clarissimus?
1060 1772 1178 1828 quini
1209 1771 1251 1813 iu
1284 1769 1454 1822 notulis,
1488 1769 1629 1812 deesse

99 1847 258 1904 aliquid
302 1846 354 1890 ad
394 1847 623 1889 sententiae
663 1853 819 1888 rectam
853 1844 1172 1902 intelligentiam
1206 1858 1292 1885 uno
1323 1841 1471 1885 saltem
1501 1841 1630 1883 verbo

101 1920 344 1963 monuerit?
387 1934 465 1962 cur
495 1919 532 1961 ei
565 1919 701 1961 visum
733 1918 783 1960 sit
813 1916 1076 1960 Lubieniecii
1107 1930 1245 1958 meras
1274 1915 1450 1972 ineptias
1481 1914 1522 1956 in
1555 1928 1631 1956 sua

99 1992 276 2035 editione
307 1991 425 2033 nobis
455 2005 683 2046 recoquere
716 1996 757 2032 et
788 1990 1094 2031 vitiosissimum
1128 1988 1270 2030 vitiose
1301 1986 1537 2030 describere
1568 1986 1628 2028 lo-

101 2065 234 2106 cum?
297 2063 351 2105 Et
392 2070 530 2105 tamen
573 2077 672 2105 vera
709 2077 774 2104 me
820 2061 957 2104 dicere
989 2061 1077 2118 ipsa
1107 2060 1232 2102 huius
1265 2060 1345 2102 loci
1376 2058 1486 2116 apud
1518 2057 1628 2101 Ger-

100 2136 260 2179 desium
303 2136 506 2192 inspectio
547 2134 721 2177 docebit.
788 2134 872 2177 Vel
915 2135 972 2176 sic
1017 2140 1155 2175 tamen
1186 2133 1228 2174 in
1260 2132 1341 2174 hoc
1371 2132 1469 2174 vitio
1501 2146 1633 2188 punc-

102 2209 191 2252 tilla
237 2209 496 2266 typographi
537 2223 681 2250 errore
714 2208 875 2256 omissa,
909 2222 987 2263 per
1017 2205 1323 2263 negligentiam
1353 2206 1524 2247 amissas
1555 2220 1628 2246 no-

100 2281 221 2332 tulas,
256 2288 501 2337 praetexere
553 2280 644 2335 quis
692 2278 877 2322 defuncti
924 2278 1002 2320 viri
1048 2277 1182 2320 laudis
1228 2277 1431 2319 curiosior
1476 2281 1632 2333 posset.

97 2353 212 2405 Quid
258 2367 358 2394 vero
399 2351 636 2403 dicendum,
683 2352 716 2393 si
750 2351 1021 2403 ἐπίιύτοφορῷ
1065 2364 1162 2392 eum
1205 2347 1558 2406 deprehendimus
1589 2348 1631 2390 in

96 2425 193 2466 vitio
233 2424 554 2482 typographico,
601 2422 715 2480 quod
748 2423 850 2465 olim
879 2423 962 2465 iam
996 2437 1019 2464 a
1050 2421 1315 2464 Lubieniecii
1344 2419 1629 2479 typographis

95 2496 232 2537 fuerat
272 2496 571 2537 commissum?
634 2493 689 2536 Et
718 2495 874 2550 passim
915 2500 1054 2535 tamen
1086 2491 1185 2535 talia
1215 2493 1256 2534 in
1290 2491 1485 2534 Gerdesii
1515 2496 1633 2532 textu

96 2573 338 2617 occurrunt,
374 2565 492 2607 cuius
524 2565 585 2606 rei
616 2563 750 2607 obiter
781 2579 915 2606 unum
947 2563 1181 2606 alterumve
1212 2562 1451 2619 exemplum
1477 2576 1629 2618 expro-

98 2652 209 2679 mere
243 2637 343 2679 mihi
374 2637 509 2679 liceat.
544 2636 727 2694 Legitur
759 2637 801 2678 in
835 2636 978 2678 eadem
1010 2635 1095 2685 illa,
1127 2636 1178 2678 de
1209 2650 1293 2691 qua
1326 2635 1410 2677 iam
1431 2633 1625 2682 diximus,

95 2709 279 2765 epistola,
327 2708 513 2752 Luam.
545 2709 609 2753 ed.
642 2725 682 2766 p.
718 2710 787 2760 84,
823 2709 925 2752 haec
958 2707 1108 2751 verba:
1146 2731 1166 2756 η
1187 2706 1269 2751 Sed
1305 2706 1438 2749 videat
1471 2706 1633 2762 Lippo-

99 2804 118 2828 ῃ
141 2796 320 2824 mannus
351 2796 423 2833 ME,
463 2782 562 2825 duni
598 2799 640 2824 se
695 2808 743 2814 ι-
774 2782 1072 2824 haeriticorum
1105 2780 1287 2823 iudicem
1318 2795 1404 2821 esse
1436 2779 1630 2828 somniat,

634 542 660 560 25

98 2877 120 2902 ῃ
143 2879 192 2885 -
224 2855 398 2910 ipsemet
428 2856 608 2898 aeternis
641 2854 858 2911 gehennae
890 2853 1145 2897 cruciatibus
1177 2851 1415 2896 tradatur.”
1471 2851 1629 2908 Ecquis

93 2926 276 2971 tironum
309 2934 392 2972 tam
425 2942 562 2970 crassa
593 2933 733 2973 mente
763 2934 835 2980 est,
871 2927 974 2984 quin
1007 2927 1049 2971 in
1075 2925 1257 2984 legendo
1279 2925 1415 2968 statim
1438 2938 1624 2968 errorem
