1818 3178
518 121 570 148 DE
600 121 883 149 sAanMEN'rIs
915 121 1127 148 recessim:
1155 122 1333 148 CHRISTI.
1618 114 1687 149 189

155 222 335 260 scient-iae
371 222 455 270 (fol.
485 224 571 269 88¹2)
610 227 758 261 nostrae
795 236 882 271 erga
917 223 1050 269 Deum,
1090 223 1227 261 fiducia
1262 223 1373 261 vestis
1402 226 1550 261 nostrae
1578 223 1690 268 illius,

158 300 272 337 quam
306 286 513 331 induimus,
549 290 698 324 nostrae
736 288 888 337 inquam
925 300 1008 324 cum
1047 287 1195 325 Christo
1225 287 1387 325 Domino
1417 287 1691 326 communionis

161 351 200 388 in
230 363 383 401 corpore
410 354 446 387 et
474 350 656 399 sanguine
684 351 813 402 ipsius.

212 415 265 452 De
300 415 435 452 mentis
473 428 557 452 vcro
595 420 706 466 atque
743 415 941 453 affectuum
967 416 1209 454 renovatione
1238 416 1335 454 circa
1363 416 1539 466 baptismi
1567 418 1691 455 consi-

162 478 392 516 derationem
432 478 607 516 docemur
650 480 696 516 ab
731 479 861 517 codem
898 480 979 530 ipso
1007 480 1135 524 Paulo,
1164 480 1249 518 dum
1281 480 1505 531 baptismum
1534 494 1690 519 renova·

157 543 273 581 tionis
301 543 453 593 spiritus
482 543 602 581 sancti
631 545 819 581 lavacrum
847 558 925 582 esse
953 544 1074 582 docet.
1129 544 1201 582 Sed
1229 545 1396 583 omnium
1425 545 1692 595 significantis-

160 607 263 652 sime,
290 606 378 645 dum
406 612 553 658 sumpto
582 612 802 656 argumento
830 622 851 645 a
881 612 1027 645 nostrae
1056 621 1140 645 cum
1169 608 1318 647 Christo
1348 610 1624 648 communionis
1651 611 1691 648 in

161 670 344 721 baptismo
381 672 612 716 testimonio,
649 676 832 722 quatenus
870 685 957 709 sane
990 672 1031 710 in
1069 674 1368 712 communionem
1406 675 1537 713 mortis
1565 677 1690 727 sepul-

158 739 265 773 turae
299 747 342 773 ac
377 731 661 773 resurrectionis
701 736 839 773 Christi
874 736 1117 786 baptizamur,
1154 737 1342 788 baptismo
1372 743 1501 777 nostro
1529 753 1597 778 nos
1625 741 1693 778 ad-

159 799 304 838 moneri
340 803 510 846 testatur,
546 804 597 845 nt,
634 800 664 837 si
705 801 744 838 in
775 800 1075 838 communionem
1101 802 1234 839 mortis
1263 803 1471 854 sepulturae
1498 817 1541 841 ae
1569 818 1694 842 resur-

160 864 337 902 rectionis
383 864 522 902 Christi
567 877 634 901 nos
679 864 884 915 baptizatos
922 877 999 902 esse
1034 865 1229 912 credimus,
1267 868 1376 905 simul
1414 869 1524 906 etiam
1561 869 1617 906 illi
1655 871 1694 908 in

163 929 301 966 nostris
339 929 531 967 affectibus
558 942 622 980 per
650 942 793 967 omnem
825 929 939 966 vitam
966 934 1132 967 nostram
1166 931 1496 978 commoriendum,
1522 933 1694 972 affectus-

164 1007 234 1044 que
281 998 430 1032 nostros
477 994 780 1044 consepeliendos
817 1007 916 1039 esse,
953 1007 996 1031 ac
1037 994 1185 1033 demum
1222 1009 1305 1034 cnm
1339 997 1404 1034 illo
1440 999 1550 1036 nobis
1588 1000 1696 1036 simul

162 1060 273 1097 etiam
310 1059 353 1097 ad
393 1060 488 1097 vitae
525 1059 729 1096 novitatem
763 1059 1034 1108 resurgendum
1073 1060 1337 1110 intelligamus.
1401 1063 1513 1100 Unde
1552 1064 1696 1102 demum

165 1125 274 1162 facile
301 1128 464 1175 apparet,
492 1125 558 1162 sub
589 1125 857 1162 Sacramentali
883 1125 947 1162 illa
975 1125 1015 1162 in
1044 1125 1229 1176 baptismo
1259 1126 1520 1176 obsignatione
1549 1134 1697 1167 nostrae

164 1201 246 1226 cum
294 1189 443 1226 Christo
489 1188 652 1226 Domino
698 1188 972 1226 communionis
1023 1193 1210 1240 utrunque
1247 1190 1345 1227 hunc
1381 1191 1480 1229 illius
1534 1193 1697 1231 fructum

168 1253 444 1304 comprehendi,
478 1267 609 1304 nempe
637 1258 672 1291 et
701 1256 966 1304 πληροφορίαν
1003 1258 1038 1292 et
1073 1255 1209 1293 mentis
1247 1260 1394 1294 nostrae
1430 1257 1698 1309 affectuumque

168 1318 407 1366 nostro-(fol.
437 1319 606 1365 89a)rum
633 1317 929 1357 renovationem.

217 1383 599 1420 Commonstravimus
634 1383 750 1432 igitur
786 1388 821 1421 et
861 1383 900 1421 in
929 1383 1112 1434 baptismo
1141 1385 1213 1422 iam
1244 1389 1366 1436 partes
1395 1400 1522 1424 omnes
1551 1392 1699 1425 nostrae

167 1446 411 1493 diffinitionis,
454 1460 567 1497 quam
612 1447 786 1485 omnibus
821 1447 861 1485 in
899 1461 1033 1496 genere
1068 1449 1318 1488 Sacramentis
1348 1450 1527 1489 dedimus.
1583 1452 1696 1489 Nunc

165 1511 387 1561 peculiarem
430 1511 613 1562 Baptismi
655 1511 767 1549 etiam
802 1512 1072 1559 diffinitionem,
1109 1526 1202 1563 quae
1229 1513 1346 1564 priori
1373 1514 1429 1551 illi
1465 1515 1699 1566 respondeat,

167 1576 360 1614 addemus.

217 1640 472 1691 Dicimusque,
508 1641 738 1692 Baptismum
778 1655 855 1680 esse
892 1642 1057 1680 divinam
1091 1642 1378 1689 ordinationem,
1414 1657 1519 1694 quae,
1555 1645 1595 1682 in
1624 1644 1696 1682 Ec-

168 1705 299 1742 clesiae
334 1705 542 1743 ministerio
578 1706 712 1756 posita,
750 1706 802 1743 sic
841 1711 878 1744 ut
915 1707 962 1744 ad
988 1710 1108 1744 totam
1136 1708 1289 1745 omnino
1319 1708 1459 1746 Christi
1486 1708 1690 1746 Ecclesiam

169 1769 368 1820 omniaque
403 1769 570 1807 membra
595 1770 696 1807 illius
733 1770 920 1809 ordinarie
946 1771 1141 1821 pertineat,
1167 1794 1218 1800 —
1246 1772 1381 1810 habeat
1408 1773 1557 1823 sig-num
1585 1787 1692 1811 suum

172 1833 331 1880 visibile,
359 1837 548 1871 externam
575 1834 745 1872 videlicet
773 1848 792 1872 a
823 1834 984 1872 Domino
1013 1836 1224 1874 institutam
1251 1837 1410 1874 formam
1440 1851 1502 1875 seu
1532 1851 1693 1875 ceremo-

168 1898 283 1943 niam,
310 1911 442 1948 nempe
468 1902 659 1936 externam
686 1898 727 1936 in
755 1912 890 1936 nomen
918 1899 1039 1937 Patris
1067 1904 1101 1937 et
1129 1900 1216 1937 Filii
1244 1904 1279 1938 et
1299 1901 1458 1951 Spiritus
1480 1902 1611 1947 sancti,
1632 1916 1695 1940 scu

169 1964 207 2001 in
246 1976 381 2001 nomen
417 1962 571 2001 Domini
598 1964 687 2001 Iesu
716 1963 855 2001 Christi
882 1978 999 2014 aquae
1025 1965 1247 2003 tinctionem
1274 1966 1350 2004 sive
1377 1967 1618 2013 ablutionem,
1644 1988 1694 1996 —

170 2033 206 2065 et
235 2027 370 2064 habeat
396 2026 484 2064 item
515 2040 622 2065 suum
651 2028 841 2065 invisibile
869 2029 1100 2077 mysterium,
1127 2042 1258 2080 nempe
1286 2034 1453 2068 nostram
1477 2043 1559 2067 cum
1589 2031 1697 2068 Chri-

173 2094 230 2127 sto
259 2089 422 2126 Domino
450 2089 490 2126 in
520 2102 673 2140 corpore
700 2095 734 2128 et
762 2092 944 2140 sanguine
971 2092 1087 2142 ipsius
1116 2094 1428 2139 communionem,
1456 2095 1604 2132 nomine
1632 2095 1696 2132 illo

172 2154 293 2191 Patris
327 2158 362 2191 ct
399 2153 485 2190 Filii
521 2158 557 2192 et
595 2154 753 2205 Spiritus
792 2155 923 2200 sancti,
959 2170 1020 2193 scu
1058 2157 1209 2194 nomine
1236 2157 1390 2194 Domini
1418 2158 1504 2196 Iesu
1532 2159 1570 2196 in
1598 2160 1699 2209 Bap-

174 2218 287 2255 tismo
323 2217 595 2263 adumbratam,
632 2222 671 2255 ut
707 2219 818 2256 fidem
854 2220 955 2257 illius
992 2220 1126 2258 animis
1161 2220 1307 2271 piorum
1337 2221 1374 2259 in
1404 2222 1543 2260 Christi
1571 2223 1701 2261 Eccle-

173 2281 226 2319 sia
260 2282 313 2319 ita
347 2282 492 2330 infigat,
527 2286 716 2332 totamque
750 2283 841 2321 adeo
879 2283 1084 2322 Ecclesiam
1120 2284 1158 2322 in
1196 2290 1370 2336 perpetua
1399 2286 1499 2324 illius
1526 2287 1703 2325 fruitione

172 2346 224 2384 ita
262 2346 449 2395 obsignet,
484 2350 526 2383 ut
551 2346 590 2383 in
617 2346 680 2384 illa
710 2361 792 2385 vere
819 2352 854 2385 et
881 2361 924 2385 ex
954 2348 1078 2385 animo
1109 2349 1360 2399 conquiescat,
1387 2351 1601 2401 pacificatae
1628 2351 1702 2389 iam

176 2410 424 2448 conscientiae
460 2410 688 2457 testimonio,
724 2416 759 2449 et
795 2412 989 2450 affectuum
1019 2413 1262 2451 innovatione
1290 2427 1368 2452 eam
1397 2416 1542 2463 of-(fol.
1573 2417 1705 2464 89b)fi-

177 2473 393 2524 ciorumque
421 2473 617 2511 sedulitate
645 2475 827 2525 exprimat
853 2488 895 2512 ac
925 2479 1162 2514 contestetur.

227 2539 405 2576 Putamus
434 2542 556 2576 autem
592 2551 660 2576 nos
698 2539 795 2577 clare
834 2540 924 2577 satis
961 2553 1003 2577 ac
1030 2541 1222 2591 perspicue
1249 2541 1345 2579 hanc
1372 2542 1488 2593 ipsam
1519 2543 1707 2581 diffinitio-

178 2616 263 2640 nem
308 2603 347 2640 in
393 2603 578 2653 Baptismi
623 2603 864 2641 Sacramento
900 2604 973 2642 iam
1012 2609 1322 2644 commonstrasse
1358 2612 1393 2644 ct
1437 2608 1708 2658 comprobasse.

180 2667 313 2719 Itaque
350 2656 395 2704 ad
424 2668 580 2704 alterum
609 2671 758 2705 nostrae
779 2667 975 2706 Ecclesiae
1005 2670 1297 2710 Sacramentum.
1325 2684 1455 2722 nempe
1483 2672 1527 2708 ad
1557 2685 1709 2709 coenam

182 2731 337 2769 Domini
372 2731 446 2768 iam
484 2731 633 2768 tandem
671 2731 962 2782 progrediemur,
1007 2736 1117 2784 atque
1153 2733 1198 2770 ad
1228 2734 1383 2771 eundem
1413 2734 1531 2785 ipsmn
1560 2735 1710 2773 modum

185 2796 562 2834 commonstrabimus
599 2796 637 2833 in
676 2809 789 2834 coena
825 2796 979 2834 Domini
1008 2799 1089 2848 (per
1117 2797 1186 2836 Dei
1212 2799 1389 2848 gratiam)
1408 2789 1582 2837 nostram
1612 2800 1713 2843 illam

183 2860 414 2898 Sam-amenti
443 2860 703 2899 diffinitionem
733 2873 814 2899 cum
844 2861 1019 2900 omnibus
1046 2863 1215 2914 partibus
1243 2863 1356 2903 illius,
