1818 3178
158 95 231 131 254
695 97 811 126 runc.
840 95 930 125 nm.
960 95 1152 124 FRANCOF.

157 216 219 241 cae
255 203 346 241 adeo
381 201 569 239 Ecclesiae
605 199 791 244 doctrina,
824 210 867 234 ac
903 211 950 235 ne
979 210 1061 234 cum
1090 196 1303 246 Scripturae
1330 195 1478 246 quidem
1507 194 1677 232 unanimi

157 279 340 304 consensu
367 265 567 303 subsistere
595 262 748 299 omnino
775 274 885 312 posse
912 261 1097 298 videntur.
1151 260 1225 297 Sed
1250 273 1319 298 nos
1347 259 1410 296 hic
1435 258 1556 296 nostri
1583 258 1680 295 dun-

155 336 259 369 taxat
285 329 557 381 purgationem,
592 340 670 364 11011
697 329 819 364 autem
847 325 1006 363 aliorum
1033 324 1310 362 accusationem
1336 323 1579 367 instituimus,
1606 321 1679 359 nisi

156 395 275 433 sicubi
309 407 371 431 eos
397 393 498 443 ipsos
527 394 760 429 accusatores
788 393 938 427 nostros
966 401 1008 426 ea
1034 388 1115 438 ipsa
1143 389 1250 439 culpa
1276 388 1395 426 teneri
1423 387 1611 424 videamus
1638 387 1679 423 in

155 458 342 509 proposita
377 457 451 494 iam
488 455 754 498 controversia,
793 454 897 491 cuius
931 453 978 490 ab
1015 452 1091 490 illis
1126 458 1271 503 praeter
1307 453 1480 500 meritum
1508 455 1678 489 nostrum

155 535 381 564 accusamur,
414 522 485 558 hoc
520 525 587 566 est,
620 519 863 557 dissensionis
899 518 946 555 ab
983 518 1145 566 August.
1186 516 1441 561 Confessione,
1479 529 1588 566 quam
1616 515 1676 552 in-

153 587 260 625 terim
287 600 356 625 nos
383 585 480 631 tanti
506 598 584 623 non
610 583 781 629 facimus,
808 596 928 633 neque
955 583 994 620 in
1023 581 1164 619 Christi
1191 580 1358 619 Ecclesia
1384 581 1482 620 tanti
1509 581 1590 618 fieri
1612 580 1676 618 de-

155 650 239 687 bere
272 653 335 686 aut
370 648 481 686 etiam
515 660 625 698 posse
659 647 904 691 arbitramur,
938 651 980 683 ut
1017 658 1102 682 cum
1138 644 1369 683 dissensione
1405 658 1426 682 a
1464 646 1681 683 Catholicae

154 713 354 759 Ecclesiae,
381 712 420 749 in
446 711 575 763 primis
604 723 688 749 vero
717 724 739 748 a
767 709 981 760 Scripturae
1008 721 1144 753 sacrae,
1163 721 1349 746 consensu
1367 709 1518 759 aequari
1537 708 1683 754 debeat,

153 792 196 816 ac
231 777 387 828 proinde
423 776 569 814 scindat
605 776 716 813 etiam
753 774 1026 812 fraternitatem
1062 773 1315 811 Christianam
1345 775 1374 820 ¹)
1410 779 1521 823 atque
1549 773 1681 811 Eccle-

154 842 339 880 siasticam
377 841 605 878 societatem.
660 842 784 890 Atque
812 839 954 877 utinam
978 838 1011 875 is
1040 838 1159 875 honos
1186 839 1219 885 2)
1249 837 1446 875 haberetur
1474 850 1495 875 a
1523 839 1689 884 110-(26)

155 907 212 945 bis
249 906 436 952 omnibus,
464 905 678 956 quicunque
706 904 897 942 Christum
924 904 1154 954 profitemur,
1180 903 1426 953 Propheticae
1453 907 1488 939 et
1515 904 1681 953 Aposto-

152 973 246 1009 licae
274 971 513 1015 confessioni,
541 983 652 1020 quam
680 969 799 1007 solam
826 969 968 1019 alioqui
995 968 1166 1005 Christus
1194 967 1350 1018 ipsemet
1377 966 1563 1004 Dominus
1600 967 1683 1004 uni-

155 1049 238 1073 cum
275 1035 464 1073 Ecclesiae
500 1047 586 1072 suae
623 1033 909 1071 fundamentum
944 1036 979 1070 et
1017 1032 1316 1069 stabilimentum
1351 1044 1431 1069 esse
1466 1031 1595 1077 voluit,
1632 1036 1686 1077 ut,

154 1100 302 1138 omissis
337 1099 421 1137 aliis
456 1098 631 1136 omnibus
669 1098 800 1140 titulis,
837 1097 932 1135 hano
962 1097 1077 1134 solam
1106 1096 1314 1147 Papisticae
1342 1095 1536 1145 tyrannidi
1564 1108 1682 1146 oppo-

155 1178 347 1209 neremus,
381 1164 450 1201 hac
487 1163 566 1200 sola
603 1175 750 1200 omnem
792 1162 1044 1199 Christianam
1083 1161 1296 1198 societatem
1325 1165 1491 1199 nostram
1519 1160 1684 1199 invicem

153 1230 366 1268 metiremur
410 1242 453 1266 ac
498 1228 906 1271 circumscriberemus,
948 1231 983 1264 et
1028 1227 1124 1264 hanc
1158 1226 1276 1263 solam
1322 1226 1496 1264 omnibus
1543 1225 1682 1263 nostris

152 1294 365 1333 foederibus
400 1293 697 1344 praefigeremus.
753 1291 943 1329 Nimirum
981 1291 1094 1339 longe
1130 1290 1348 1340 augustiora
1377 1295 1505 1328 essent
1533 1291 1684 1329 foedera

154 1364 282 1398 nostra
321 1358 446 1395 omnia
479 1362 515 1395 et
550 1357 727 1395 solidiore
762 1355 861 1394 haud
899 1355 1011 1393 dubie
1039 1356 1070 1403 ³)
1106 1369 1206 1393 nexu
1244 1360 1470 1394 constarent.
1525 1356 1566 1393 Si
1593 1356 1684 1407 quid

154 1425 216 1462 hic
261 1424 388 1461 datum
432 1426 487 1460 est
519 1426 728 1472 temporum
767 1420 971 1471 iniquitati,
1005 1423 1209 1471 praestaret
1248 1433 1337 1458 sane
1372 1420 1424 1467 id,
1459 1420 1550 1457 dum
1583 1421 1685 1467 licet,

156 1487 306 1536 corrigi,
348 1499 461 1537 quam
500 1490 564 1536 per
602 1485 862 1522 necessitatem
897 1484 1084 1535 quandam
1124 1484 1237 1522 semel
1272 1482 1469 1522 inductum
1504 1489 1682 1535 perpetuo

155 1551 315 1590 defendi.
345 1551 494 1600 Semper
511 1549 608 1586 enim
629 1560 736 1585 voces
752 1547 837 1584 illae
857 1547 897 1584 in
918 1546 1057 1584 Christi
1077 1546 1245 1584 Ecclesia
1266 1550 1353 1584 sunt
1375 1546 1560 1592 vitandae,
1577 1547 1681 1596 nEgo

155 1628 238 1653 sum
264 1614 408 1659 Pauli''‚
447 1630 464 1648 u
480 1612 560 1662 Ego
591 1611 774 1662 Cephae'',
802 1610 947 1648 etiamsi
973 1614 1008 1648 et
1035 1624 1056 1648 a
1082 1610 1200 1648 Paulo
1227 1614 1264 1648 et
1291 1624 1312 1648 a
1340 1610 1465 1661 Cepha
1492 1611 1683 1649 verissima

155 1680 281 1718 doceri
308 1681 464 1723 constet,
491 1690 533 1714 ac
559 1676 717 1727 proinde
745 1675 987 1725 corrigendae
1014 1674 1137 1721 etiam,
1171 1677 1505 1726 quocun-(27)que
1531 1676 1682 1714 tandem

154 1745 280 1790 modo,
323 1755 543 1795 quacunque
578 1741 667 1779 item
704 1740 902 1779 occasione
938 1740 1014 1778 sive
1048 1740 1268 1778 necessitate
1303 1740 1554 1779 invaluerunt.
1609 1741 1682 1779 Sed

155 1810 246 1847 haec
272 1813 375 1847 extra
404 1820 552 1845 causam
579 1819 694 1845 nunc.
750 1805 811 1844 Ad
839 1805 1054 1843 institutum
1080 1805 1196 1855 igitur
1224 1809 1397 1843 nostrum
1423 1805 1629 1844 redeamus.

206 1873 288 1912 Iam
315 1885 401 1911 vero
428 1871 675 1914 ostendimus,
700 1870 745 1909 de
772 1871 908 1922 quibus
936 1870 1046 1908 nobis
1074 1870 1121 1908 sit
1148 1871 1401 1908 controversia
1430 1883 1513 1908 cum
1541 1870 1681 1909 nostris

154 1938 388 1982 adversariis,
415 1937 478 1988 qui
507 1949 576 1974 nos
602 1949 623 1973 a
653 1935 898 1973 Confessione
924 1937 1084 1984 August.
1115 1934 1313 1973 dissentire
1341 1935 1514 1974 clamant.
1567 1935 1679 1972 Reci-

152 2004 313 2041 tavimus
341 2000 596 2040 Confessionis
621 1999 740 2050 ipsius
767 1999 892 2045 verba,
918 2012 1012 2050 quae
1040 1999 1084 2037 de
1111 2004 1240 2037 nostra
1256 1999 1406 2050 quidem
1427 1999 1680 2037 controversia

153 2069 370 2119 loquuntur.
424 2064 650 2114 Redegimus
677 2064 718 2102 in
745 2067 844 2101 certa
871 2063 1054 2115 quaedam
1082 2064 1204 2115 capita
1231 2077 1414 2101 summam
1439 2063 1561 2115 ipsam
1588 2064 1678 2102 doc·

154 2134 286 2179 trinae,
322 2143 416 2182 quae
441 2128 635 2180 productis
662 2141 707 2166 ex
733 2127 814 2179 ipsa
843 2128 1087 2166 Confessione
1115 2127 1207 2166 locis
1233 2128 1408 2173 traditur,
1441 2132 1477 2166 et
1503 2131 1677 2179 putamus

155 2197 250 2236 nihil
277 2211 297 2234 a
325 2195 435 2234 nobis
461 2193 761 2245 praetermissum
788 2206 878 2239 esse,
904 2193 1006 2244 quod
1031 2193 1110 2230 illic
1139 2193 1362 2232 continetur.
1407 2193 1678 2231 Subiunximus

155 2275 243 2301 mox
277 2261 352 2298 illis
386 2259 477 2310 ipsis
514 2257 698 2308 capitibus
732 2261 882 2295 nostrae
915 2270 1063 2308 quoque
1091 2257 1285 2295 doctrinae
1313 2257 1607 2301 confessionem,
1636 2262 1677 2294 ut

155 2328 253 2365 facta
291 2324 490 2362 collatione
526 2322 692 2373 conspici
718 2321 766 2359 ab
794 2322 968 2359 omuibus
993 2321 1125 2372 possit,
1152 2335 1222 2359 nos
1249 2335 1326 2360 non
1353 2321 1465 2359 modo
1494 2334 1569 2359 non
1600 2320 1676 2358 dis-

156 2390 305 2434 sentire,
339 2400 412 2438 qua
446 2389 550 2437 parte
585 2399 815 2431 accusamur,
847 2385 895 2423 ab
931 2387 1154 2435 Augustana
1190 2385 1446 2432 confessione,
1482 2384 1546 2423 sed
1571 2385 1674 2422 illam

154 2457 273 2507 ipsam
310 2451 591 2490 confessionem
617 2451 728 2488 etiam
754 2451 795 2488 in
823 2454 951 2488 nostra
980 2450 1150 2488 doctrina
1179 2464 1199 2488 a
1226 2450 1365 2488 nostris
1392 2449 1672 2487 accusatoribus

154 2516 374 2571 oppugnari.
427 2514 599 2552 Diximus
634 2518 834 2565 postremo,
870 2515 902 2552 si
936 2528 956 2553 a
986 2515 1125 2553 nostris
1153 2517 1239 2563 (28)
1276 2513 1555 2552 accusatoribus
1585 2526 1675 2551 con-

154 2584 256 2624 vinci
291 2581 502 2625 debeamus,
537 2580 695 2617 alterum
729 2580 804 2617 illis
841 2580 976 2618 horum
1011 2580 1225 2618 faciendum
1260 2593 1360 2624 esse,
1387 2591 1519 2629 nempe
1547 2582 1586 2616 ut
1613 2583 1675 2617 aut

154 2647 265 2688 nobis
300 2645 339 2683 111
376 2643 609 2682 confessione
643 2644 724 2694 ipsa
752 2648 1058 2691 commonstrent,
1085 2644 1186 2696 quod
1212 2658 1233 2682 a
1260 2643 1371 2682 nobis
1397 2643 1437 2681 in
1464 2642 1528 2681 illa
1555 2643 1676 2694 (quod

196 2790 221 2828 ¹)
244 2787 355 2819 Verbis
378 2783 579 2826 transpositis
602 2782 679 2816 Cod.
702 2783 849 2815 Franeof.
872 2783 980 2815 habet:
1008 2784 1217 2816 Christianam
1229 2782 1483 2825 fraternitatem.

195 2844 221 2886 ²)
246 2842 322 2875 Cod.
345 2839 505 2873 Franeof.:
528 2838 636 2871 honor.
762 2838 788 2878 8)
811 2838 888 2872 Cod.
911 2840 1058 2872 Francof.
1080 2850 1139 2881 pro
1161 2837 1338 2870 hauddubie
1359 2836 1437 2878 legit
1464 2836 1570 2870 multo.
