1818 3178
771 102 1012 131 PRAEFATIO.
1516 100 1646 127 LXXIX

140 233 162 260 η
185 209 393 262 transtuli,
435 222 518 264 qua
548 207 590 249 in
623 221 669 248 re
702 207 928 250 vernaculo
958 221 1151 248 sermone
1181 205 1347 262 saepius
1377 219 1461 246 non
1493 204 1649 259 absque

140 304 162 331 ῃ
184 280 351 324 licentia
388 277 570 336 quadam
609 293 710 321 usus
746 294 853 331 sum,
899 279 1216 335 quemadmodum
1257 278 1379 320 etiam
1409 276 1454 318 in
1489 277 1650 331 Confes-

139 376 161 401 ῃ
183 354 293 396 sione
308 351 446 408 feci.”
480 352 510 407 ¹)
545 351 631 393 Ter
664 350 816 407 prodiit
847 351 993 393 versio.
1027 349 1222 391 Primum
1252 347 1438 391 Londini
1460 346 1568 389 edita
1590 353 1651 388 est

138 437 174 463 a.
209 421 318 462 1551
361 417 472 474 apud
510 418 886 475 Myerdmannum.
947 417 1141 473 Repetita
1171 417 1272 459 haec
1303 423 1363 459 est
1393 432 1431 459 a.
1465 415 1576 457 1553
1608 417 1648 456 in

138 489 281 531 eadem
327 487 446 530 urbe.
505 486 650 528 Tertia
690 486 866 540 denique
899 500 936 526 a.
970 485 1081 527 1565
1115 484 1272 526 Emdae
1303 484 1422 541 prelo
1454 483 1651 526 Ctematii

136 565 196 601 est
226 557 442 600 submissa.
504 556 706 598 Editionis
733 570 771 598 a.
805 554 914 597 1551
948 553 1092 596 titulus
1124 553 1192 595 hic
1223 562 1308 596 est:

195 632 280 673 Een
316 630 408 671 Cora
437 629 595 683 Beyryp
625 629 696 670 der
727 627 926 680 Zeerinqlce
958 641 1036 668 van
1065 627 1112 667 de
1141 626 1430 678 waeraelctiqlae
1451 627 1547 667 ende
1570 641 1653 668 een-

134 703 204 745 der
239 702 475 757 ermeynte
510 701 612 742 Gods
641 700 738 741 ende
772 697 936 749 Christi,
969 697 1066 738 ende
1096 712 1173 738 van
1207 696 1240 738 ’t
1266 699 1442 738 erloue
1471 699 1569 738 ende
1589 700 1651 740 be-

136 774 323 830 Zydinqbe
350 772 552 822 den-elohe,
584 773 676 813 door
707 772 754 811 de
789 771 1027 824 G'lcemeynte
1057 769 1126 810 der
1153 769 1203 809 W
1201 769 1450 810 tlandisenen
1481 773 1519 810 te
1550 769 1655 810 Lon-

136 848 211 888 den
255 846 468 899 inqkestelzi
501 845 560 886 is.
622 844 711 884 Met
751 856 821 883 een
851 841 1034 883 voorrede
1064 855 1144 881 van
1174 840 1253 881 Ian
1284 856 1308 881 a
1337 841 1487 891 Base-0„
1508 840 1653 894 Super-

137 919 345 960 intendent
373 932 422 957 en
452 917 514 957 die
544 915 689 955 andere
719 913 910 954 dienaren
942 913 1010 953 der
1030 911 1311 953 wtlandiseker
1337 915 1572 967 Gemeynten
1597 916 1654 952 tot

136 991 296 1033 Londen
326 987 540 1041 inqkeslelfi
569 1000 645 1026 aen
674 984 800 1026 Prins
830 985 1006 1025 Eduard
1033 984 1108 1024 den
1140 987 1269 1024 Sesten
1302 983 1449 1035 Coninq
1470 998 1546 1024 van
1568 984 1653 1024 En-

131 1061 287 1114 yellant
331 1062 400 1099 etc.
446 1060 523 1097 met
561 1056 794 1111 byqevoeqde
832 1054 974 1095 Ferme
1013 1054 1082 1094 der
1122 1054 1353 1108 qhemeyner
1379 1054 1560 1106 9ebeden,
1592 1054 1655 1095 die

138 1145 224 1173 men
268 1130 309 1171 in
354 1131 401 1170 de
443 1131 644 1183 9emeynte
690 1128 760 1167 der
802 1126 1092 1167 wtlandiselcen
1123 1125 1160 1165 is
1185 1125 1492 1180 qebrzcyekende.
1554 1125 1654 1166 Item

137 1203 270 1255 eeniye
293 1201 489 1255 psalmen,
514 1199 596 1240 tien
619 1198 662 1238 in
678 1198 826 1251 qetale,
863 1197 900 1246 1,
936 1198 974 1247 2,
1009 1196 1048 1245 3,
1080 1196 1149 1246 51,
1184 1195 1280 1245 103,
1314 1197 1409 1247 120,
1435 1197 1530 1246 124,
1557 1197 1654 1245 125,

140 1276 237 1323 127,
270 1274 364 1316 130.
405 1272 493 1314 Het
519 1269 558 1311 V
553 1271 649 1312 ader
683 1271 786 1310 Onze
803 1270 898 1310 ende
930 1269 1150 1324 Symbolum
1181 1267 1463 1320 Apostolieunz.
1494 1267 1656 1309 Londen

137 1349 184 1401 by
213 1348 358 1388 Stenen
388 1344 666 1400 Illyerdmann.
702 1341 829 1384 1551.
861 1342 922 1383 80.
983 1341 1066 1381 Per
1096 1340 1271 1393 reqalem
1302 1339 1598 1381 aucam-itatem.

147 1447 150 1448 ν
196 1417 241 1460 Α
272 1416 404 1473 capite
434 1414 485 1457 ad
517 1414 675 1456 calcem
705 1413 838 1469 igitur
867 1410 996 1454 edidit
1024 1411 1150 1453 Lasei
1180 1410 1367 1452 libellum
1393 1410 1657 1452 Utenhovius

138 1495 178 1531 et
208 1488 411 1544 quaedam
444 1491 663 1542 praeterea
689 1484 739 1525 de
770 1499 845 1526 suo
874 1482 1035 1525 adiecit.
1079 1482 1389 1536 Descripsimus
1417 1481 1529 1523 hunc
1562 1482 1656 1523 titu-

137 1560 225 1603 lum
253 1565 308 1601 'ex
334 1556 601 1600 annotatione
632 1570 759 1597 manu
790 1554 957 1610 scripta,
985 1568 1111 1609 quam
1132 1553 1172 1594 in
1191 1552 1439 1594 bibliotheca
1469 1552 1657 1594 Remon-

138 1632 374 1681 strantium,
422 1643 528 1685 quae
569 1625 878 1669 Amstelodami
908 1631 981 1676 est,
1015 1624 1249 1681 detegimus
1279 1630 1319 1664 et
1350 1638 1456 1678 quae
1488 1623 1655 1672 saeculo

136 1703 317 1754 XVHo,
350 1709 398 1744 ut
426 1716 478 1742 ex
507 1705 742 1742 atramento
772 1713 858 1754 quo
887 1697 1052 1752 signata
1082 1703 1122 1738 et
1152 1711 1174 1737 e
1207 1710 1334 1736 manu
1365 1709 1450 1750 qua.
1485 1701 1656 1737 exarata

138 1785 199 1819 est
225 1775 465 1818 luculenter
496 1778 621 1828 patet,
655 1769 864 1825 adscripta
896 1768 974 1817 fuit
1005 1767 1235 1823 exemplari
1257 1767 1446 1808 editionis
1467 1782 1504 1809 a.
1528 1767 1658 1810 1565.*

137 1847 245 1891 Fide
276 1853 418 1889 autem
447 1843 737 1900 dignissimum
782 1857 869 1883 esse
913 1847 1060 1883 testem
1102 1847 1143 1881 et
1193 1846 1358 1895 praesto
1387 1854 1431 1881 se
1461 1839 1655 1881 vetustis-

139 1921 284 1963 simam
331 1917 524 1960 habuisse
569 1930 714 1970 reapse
760 1914 1009 1965 versionem,
1052 1912 1126 1968 qui
1170 1911 1271 1953 haec
1312 1898 1373 1953 ad
1396 1910 1554 1953 calcem
1584 1910 1655 1952 ad-

141 1989 365 2046 scripserit,
397 1986 537 2029 variae
568 1991 771 2028 testantur
802 1984 1000 2026 lectiones
1021 1998 1042 2025 e
1064 1983 1201 2039 prima
1223 1982 1401 2024 editione
1423 1982 1463 2024 in
1487 1982 1654 2024 tertiam

137 2062 190 2106 ab
220 2077 269 2104 eo
298 2062 340 2103 in
371 2059 562 2115 margine
594 2062 828 2099 annotatae.
1340 2065 1344 2068 ·

196 2131 450 2185 Qualisnam
491 2127 674 2171 secunda
713 2127 846 2169 fuerit
878 2125 1003 2168 huius
1042 2125 1245 2167 versionis
1275 2124 1412 2177 editio,
1445 2124 1655 2167 incertum

136 2213 211 2259 est,
251 2204 408 2261 quippe
451 2201 569 2243 cuius
614 2198 780 2241 nullum
820 2198 1036 2252 hucusque
1079 2197 1170 2238 erui
1215 2196 1395 2252 potuerit
1424 2196 1656 2252 exemplar.

136 2276 222 2321 Vel
260 2277 316 2319 sic
356 2272 724 2317 tamen'exstitisse
753 2285 846 2312 eam
876 2285 928 2311 ex
958 2269 1068 2311 hisce
1099 2268 1229 2325 ipsius
1260 2267 1489 2310 Utenhovii
1519 2268 1656 2311 verbis

138 2348 303 2393 abunde
348 2346 546 2389 efficitur:
598 2366 619 2391 u
641 2343 748 2385 Mox
792 2358 815 2384 e
860 2341 1012 2384 nostris
1061 2340 1144 2383 duo
1192 2339 1410 2383 Lubeoam
1461 2341 1652 2396 profecti,

141 2443 163 2470 n
187 2419 348 2464 consuli
377 2433 466 2461 rem
498 2431 663 2458 omnem
692 2417 923 2470 exponunt,
954 2412 1182 2469 hospitium
1213 2410 1451 2469 hybernum
1484 2418 1656 2468 propter

141 2517 162 2543 ῃ
187 2492 405 2536 Christum
435 2487 704 2547 postulantes,
735 2501 861 2542 seque
892 2484 933 2527 id
964 2484 1134 2527 credere
1165 2489 1386 2532 testantur,
1417 2486 1523 2539 qnod
1549 2485 1657 2525 brevi

140 2588 162 2615 n
185 2567 357 2622 quadam
388 2563 482 2618 fidei
521 2559 782 2615 consessione,
812 2572 914 2614 qnae
943 2557 1112 2610 Belqiea
1142 2555 1284 2609 linqua
1314 2569 1417 2597 anno
1450 2553 1562 2597 1553
1591 2569 1656 2596 no-

141 2661 162 2687 η
185 2639 289 2680 mine
329 2636 610 2678 Ministrorum
650 2631 900 2684 Belyieorum
946 2628 1210 2671 londinensis
1259 2627 1463 2669 Ecclesiae
1511 2642 1658 2668 excusa

142 2709 282 2766 afuit,
315 2721 440 2764 quam
474 2718 614 2747 secum
648 2700 867 2752 habebant,
901 2698 1250 2756 comprehensum
1272 2697 1408 2742 erat.''
1432 2697 1464 2753 ²)
1517 2696 1658 2738 Priori

180 2803 206 2842 ¹)
229 2801 332 2832 LAsm
357 2800 467 2841 Opera,
491 2797 561 2828 Vol.
585 2796 630 2827 II.
653 2806 685 2837 p.
709 2795 779 2827 346.

175 2859 204 2897 Ξ)
226 2856 462 2892 ΌΤΕΝΗονωε,
486 2853 591 2894 Simpl.
613 2863 651 2884 ac
662 2851 727 2893 fid.
749 2851 903 2884 narratio.
926 2850 1018 2884 1560.
1041 2860 1071 2891 p.
1085 2849 1156 2882 166.
