1818 3178
562 93 778 123 ansronsio
806 92 901 120 mv,
934 89 1100 118 nosmM.
1525 72 1598 109 411

72 218 140 244 nos
167 203 293 242 animo
322 199 441 251 (quod
471 199 524 236 eis
553 196 740 236 Dominus
767 194 991 243 ignoscam),
1020 204 1087 230 nos
1115 201 1264 241 quoque
1283 200 1330 225 ex
1350 198 1413 224 sua
1433 185 1598 235 ipsorum

71 269 187 308 animi
213 265 431 319 impotentia
460 263 659 301 aestimant
686 273 730 298 ac
755 259 975 304 metiuntur,
1002 269 1087 294 cum
1114 255 1211 293 nihil
1239 252 1349 291 huius
1377 249 1600 299 cogitemus.

664 387 922 428 Articulus
949 387 1010 424 21.

130 524 331 564 nCliristus
358 523 495 560 fatetur
524 522 615 572 ipse,
641 519 744 571 quod
773 529 858 556 caro
886 516 972 564 (48)
1001 525 1076 552 non
1103 510 1255 564 prodest
1281 505 1522 561 quicquam.''

702 648 736 686 R
747 660 766 685 e
775 659 825 706 SP
835 658 856 683 0
868 659 893 684 n
905 644 945 682 si
956 656 990 683 0.

130 783 233 823 Quid
262 783 323 820 bic
352 781 533 819 Aiberum
562 777 757 816 offenderit
784 773 925 819 nescio,
952 783 1073 822 neque
1100 769 1271 807 divinare
1297 767 1407 805 etiam
1435 765 1535 803 volo.
1575 763 1617 801 Si

80 849 170 900 quid
207 852 334 886 tamen
362 846 469 883 illum
498 843 665 887 offendit,
692 841 878 879 Joannem
907 835 1151 887 Apostolum,
1177 847 1255 871 non
1281 846 1341 887 me
1367 835 1530 874 accuset,
1556 828 1622 879 qui

85 913 277 951 Christum
314 910 518 949 Dominum
555 907 666 945 huius
702 902 852 943 articuli
880 905 1047 939 autorem
1077 912 1156 936 esse
1183 900 1354 936 testatur.
1408 894 1528 932 Miror
1556 906 1622 931 au-

81 981 155 1015 tem
183 976 279 1014 nihil
306 975 436 1013 haberi
463 974 503 1011 in
531 973 602 1010 hoc
631 969 802 1009 Articulo
830 965 1006 1016 amplius,
1034 963 1107 1001 nisi
1137 962 1169 1000 si
1197 960 1342 999 Hosius
1370 958 1495 997 studio
1512 958 1619 995 illum

82 1043 134 1080 ita
171 1040 420 1083 detruncavit,
446 1052 492 1076 ne
519 1037 610 1088 quid
640 1037 737 1074 forte
764 1047 811 1071 ex
836 1032 902 1069 illo
933 1032 1064 1067 contra
1093 1027 1257 1078 seipsum
1284 1025 1478 1076 proferret.
1533 1023 1616 1060 No·

85 1112 204 1145 strum
230 1119 342 1158 porro
371 1117 448 1143 non
475 1107 543 1148 est,
570 1101 616 1139 de
642 1101 690 1138 iis
717 1111 812 1150 quae
840 1108 917 1134 non
944 1093 1107 1133 vidimus
1133 1091 1312 1136 iudicare,
1345 1089 1464 1127 multo
1491 1088 1620 1126 minus

86 1176 210 1210 autem
237 1170 283 1209 ad
310 1170 376 1207 illa
403 1166 639 1219 respondere.

687 1289 942 1330 Articulus
969 1289 1031 1325 22.

141 1428 293 1466 nVocat
320 1427 602 1465 Sacramentum
631 1423 703 1460 hoc
730 1419 935 1459 rotundum
965 1417 1085 1455 Deum
1115 1420 1151 1454 et
1177 1416 1266 1464 igne
1293 1417 1442 1452 coctum
1462 1411 1624 1449 Deum.''

899 1498 921 1515 Ι

717 1549 1011 1601 Responsio.

146 1687 194 1724 Et
230 1687 302 1723 hoe
336 1683 490 1736 perinde
527 1695 653 1719 verum
690 1685 744 1718 est
781 1684 894 1730 atque
930 1678 1084 1728 reliqua
1109 1688 1205 1726 quae
1244 1675 1525 1724 praecesserunt
1550 1670 1629 1708 fere

96 1751 234 1796 omnia,
262 1750 335 1787 hoe
362 1752 430 1793 est,
457 1746 702 1785 vanissimum
730 1757 895 1796 prorsus.
941 1743 1224 1779 Sacramentum
1253 1738 1400 1775 Coenae
1426 1747 1495 1785 ego
1523 1747 1631 1778 voco,

96 1830 173 1855 non
200 1828 288 1853 sane
314 1826 450 1865 panem
475 1813 597 1863 ipsum
626 1824 690 1862 per
718 1823 755 1847 se
783 1814 847 1847 aut
876 1809 1005 1846 vinum
1034 1807 1193 1848 Coenae,
1219 1803 1284 1841 sed
1311 1800 1506 1851 mysticam
1535 1800 1627 1836 Coe-

97 1895 177 1927 nae,
212 1885 255 1918 ut
289 1893 310 1917 a
338 1880 423 1928 (49)
452 1877 603 1915 Christo
641 1879 696 1913 est
731 1874 919 1918 instituta,
952 1885 1029 1910 una
1066 1884 1147 1908 cum
1187 1881 1254 1906 suo
1292 1865 1474 1916 Mysterio
1512 1864 1629 1902 actio-

98 1960 194 1986 nem.
250 1945 290 1982 Si
324 1944 439 1994 igitur
474 1943 595 1993 ipsum
633 1941 779 1977 Coenae
815 1940 1101 1977 Sacramentum
1135 1932 1338 1972 rotundum
1375 1931 1496 1969 Deum
1525 1942 1631 1973 voco,

99 2010 271 2062 equidem
307 2009 427 2060 ipsam
456 2007 602 2044 Coenae
628 2005 817 2043 actionem
844 2001 1052 2040 rotundum
1080 2014 1101 2038 a
1129 2012 1186 2037 me
1213 1997 1335 2035 Deum
1365 1994 1491 2033 vocari
1519 2006 1632 2044 opor-

100 2078 207 2117 teret,
234 2073 271 2111 id
301 2085 388 2109 vero
415 2085 436 2108 a
465 2084 523 2108 me
549 2082 672 2120 neque
699 2072 755 2106 est
783 2068 930 2105 dictum
957 2077 1078 2116 neque
1105 2063 1312 2113 cogitatum
1340 2072 1518 2110 unquam.
1554 2060 1635 2095 Aut

100 2139 216 2188 igitur
242 2137 347 2174 locus
375 2136 598 2187 proferatur,
624 2133 688 2171 ubi
717 2132 765 2170 ad
793 2132 894 2169 hunc
920 2129 1075 2167 modum
1093 2140 1174 2165 sum
1193 2127 1383 2176 loquutus,
1402 2145 1452 2151 —
1471 2127 1535 2160 aut
1555 2135 1635 2159 ma·

100 2203 266 2240 litiosam
302 2205 458 2251 uterque
495 2199 557 2236 hic
585 2211 690 2236 suam
719 2198 900 2246 agnoscat
929 2192 1165 2238 calumniam,
1193 2195 1229 2228 et
1257 2189 1419 2227 Alberus
1448 2187 1573 2230 simul,
1599 2191 1636 2223 et

104 2267 262 2310 Hosius,
305 2266 397 2303 alter
442 2263 593 2315 quidem
635 2263 673 2300 in
719 2263 881 2300 formato
925 2259 1027 2297 hisce
1072 2256 1207 2298 verbis,
1242 2255 1336 2292 alter
1370 2265 1457 2290 vero
1493 2252 1533 2289 in
1569 2264 1634 2288 ex-

104 2338 230 2384 cerpto
267 2344 310 2369 ac
345 2330 495 2368 demum
532 2329 607 2366 huc
645 2327 732 2365 odio
770 2323 1043 2364 mei‘nominis
1078 2320 1300 2360 transmisso
1338 2318 1410 2356 hoc
1447 2316 1637 2359 Articulo,

104 2411 214 2449 quem
248 2397 288 2434 in
330 2395 480 2446 scriptis
515 2393 607 2431 meis
640 2405 827 2443 nusquam
863 2389 1005 2440 alioqui
1041 2388 1225 2437 legerunt.
1279 2384 1362 2422 Nos
1391 2387 1488 2421 certe
1517 2382 1634 2419 multo

106 2458 413 2498 honorificentius
457 2457 501 2495 de
547 2455 796 2494 Sacramentis
833 2458 870 2492 et
906 2453 1087 2491 sentimus
1123 2454 1158 2488 et
1194 2448 1395 2499 loquimur,
1432 2460 1544 2497 quam
1580 2446 1635 2482 fa·

107 2524 219 2569 ciant,
246 2524 304 2561 vel
332 2522 512 2566 Alberici,
540 2522 597 2559 vel
626 2519 804 2558 Hosiani.
843 2517 1034 2555 Nimirum
1061 2529 1143 2554 eam
1169 2515 1245 2552 illis
1273 2513 1637 2563 dignitatematque

107 2589 302 2628 efficaciam
341 2588 556 2632 tribuimus,
593 2598 688 2636 quae
724 2589 793 2630 est,
829 2596 906 2621 non
944 2594 1032 2619 sane
1065 2593 1110 2618 ex
1147 2578 1364 2617 hominibus
1397 2577 1486 2616 ullis
1514 2576 1637 2614 ullove

107 2668 261 2706 prorsus
297 2655 462 2692 humano
498 2665 621 2704 opere,
648 2650 712 2688 sed
741 2662 837 2700 quae
864 2652 918 2685 est
946 2660 990 2685 ex
1017 2646 1099 2697 ipso
1128 2657 1213 2683 vero
1240 2649 1352 2694 atque
1379 2647 1529 2681 aeterno
1557 2640 1636 2678 Deo

107 2720 320 2772 Divinaque
347 2720 426 2757 eius
454 2715 706 2755 institutione.
762 2713 833 2750 Isti
861 2724 947 2749 vero
975 2723 1124 2748 omnem
1154 2710 1300 2747 Coenae
1328 2706 1550 2756 dignitatem
1580 2707 1636 2740 at-

109 2798 180 2835 que
223 2782 528 2832 effica-(50)ciam
565 2778 802 2818 constituunt
838 2777 878 2814 in
914 2774 1040 2813 neseio
1077 2787 1149 2824 qua
1185 2773 1452 2811 elementorum
1490 2770 1637 2806 Coenae

109 2861 172 2899 per
208 2848 426 2886 Ministrum
454 2844 747 2888 consecratione,
783 2854 879 2892 quae
905 2839 1056 2891 quidem
1086 2841 1231 2876 constet
1258 2834 1446 2887 operativa
1476 2832 1639 2883 quadam
