1818 3178
222 147 268 181 84

276 442 440 491 Denique
482 439 609 476 Horae
653 436 738 473 illae
781 438 948 485 pugnant

225 507 395 543 adversus
439 503 655 551 dignitatem
694 499 832 537 Christi
869 498 947 536 Do·

225 570 327 613 mini,
357 573 391 605 et
427 566 556 604 callide
590 563 789 602 admodum
824 576 892 600 nos
925 576 947 599 a

224 634 281 669 via
332 632 458 669 salutis
509 630 712 666 abducunt.
775 627 946 664 Officium

223 696 319 733 cuim
373 698 458 732 sunt
509 692 709 730 sacerdotis
760 690 948 741 Papistici‚

221 760 319 810 quod
354 758 526 796 omnibus
560 756 679 793 modis
717 755 854 792 Christi
888 768 946 792 sa-

223 823 381 862 cerdotio
428 822 551 859 officit.
602 821 793 857 Praeterea
828 818 951 856 meriti

219 886 529 925 reconciliationis
555 885 600 922 iis
621 897 764 922 annexa
785 886 839 921 est
863 883 944 932 dig-

219 952 325 996 nitas,
352 950 450 1000 quod
479 949 556 986 sine
583 947 753 984 horribili
772 947 944 997 blasphe-

218 1015 289 1052 mia
328 1018 437 1063 atque
470 1026 602 1061 magna
641 1011 780 1049 Christi
815 1011 947 1048 mortis

218 1078 451 1123 contumelia,
480 1090 524 1113 ne
543 1077 599 1113 vel
619 1075 780 1124 cogitare
799 1075 855 1112 fas
869 1078 944 1121 est3

217 1147 326 1190 atque
361 1140 450 1177 adeo
485 1144 581 1176 tecta
609 1139 767 1189 quadam
795 1138 947 1175 fraudu-

218 1206 329 1242 lentia
357 1205 431 1242 sive
460 1204 677 1241 dissimulati
696 1204 816 1241 vultus
836 1207 945 1253 atque

219 1269 509 1306 incantationum
545 1268 731 1317 hypocrisi
767 1280 787 1304 a
815 1267 951 1304 fiducia

218 1333 430 1370 meritorum
458 1332 585 1368 mortis
605 1331 755 1376 Christi,
782 1331 942 1368 clemen-

217 1402 271 1435 ter
338 1397 530 1434 nobiscum
590 1395 943 1433 communicatorum

217 1464 326 1511 (quac
369 1461 476 1497 unica
521 1460 647 1496 salutis
692 1459 749 1497 via
785 1461 858 1507 est)
894 1459 941 1496 ad

216 1524 459 1561 idololatriam
504 1524 771 1573 Papisticarum
817 1523 942 1560 indul-

216 1588 421 1636 gentiarum
468 1588 542 1624 sive
579 1588 838 1625 remissionum
874 1587 940 1624 ad-

219 1665 288 1701 que
315 1652 432 1688 nostri
457 1651 697 1701 ipsorummet
723 1651 852 1689 merita
881 1651 943 1689 de-

221 1715 398 1753 ducimur.
447 1715 521 1751 Eas
549 1720 671 1752 autem
697 1720 840 1766 partem
867 1729 947 1753 esse

221 1779 413 1816 ministerii
442 1780 643 1816 Sacerdotii
669 1780 844 1830 Papistiei
864 1783 947 1828 (20)

220 1843 351 1880 exinde
385 1843 620 1893 perspicuum
656 1848 723 1889 est,
749 1844 848 1894 quod
873 1845 946 1882 Pa-

220 1920 286 1956 pae
320 1907 468 1944 illorum
510 1907 663 1944 decretis
691 1908 736 1945 ad
764 1909 949 1958 quotidia-

162 1974 171 1978 ’
220 1983 306 2007 num
352 1983 475 2007 earum
518 1984 671 2020 pensum
719 1972 810 2019 (sive
844 1972 944 2009 into-

222 2034 385 2071 nandum
418 2035 456 2071 in
484 2035 660 2085 Templis,
704 2035 778 2072 sive
812 2037 946 2074 mussi-

220 2099 372 2136 tandum
399 2103 537 2136 secreto
568 2103 633 2136 aut
660 2099 850 2150 privatim)
877 2101 944 2138 ob-

222 2162 326 2210 ligati
354 2166 450 2206 sunt,
477 2163 540 2213 qui
566 2162 735 2200 infimum
763 2164 870 2213 hujus
889 2178 947 2201 sa-

227 2226 377 2263 cerdotii
403 2226 557 2274 gradum
585 2227 707 2277 adepti
735 2227 820 2265 sint.
873 2227 950 2265 Ne-

225 2302 293 2337 que
338 2289 383 2325 ab
427 2290 502 2326 ullo
547 2290 618 2326 alio
663 2303 723 2328 eas
765 2295 950 2341 praeterea

223 2352 347 2401 peragi
392 2353 445 2389 sas
489 2357 554 2395 cst,
595 2354 667 2390 nisi
711 2354 757 2391 ab
793 2354 851 2399 iis,
886 2355 949 2405 qui

225 2414 428 2451 sacerdotio
461 2416 522 2452 isti
557 2417 706 2467 ascripti
733 2418 809 2455 sive
836 2418 949 2456 dicati

225 2476 310 2521 sint,
346 2477 415 2513 hoc
451 2482 515 2523 cst,
551 2479 613 2528 qui
635 2480 779 2530 publice
807 2481 944 2519 Christi

225 2541 418 2578 sacerdotii
470 2543 677 2580 exstiterint
737 2545 946 2585 violatores.

225 2603 337 2640 Quod
364 2604 458 2640 enim
486 2604 713 2644 Psalmorum
733 2608 836 2645 illum
858 2622 945 2646 can-

222 2671 300 2703 tum
331 2667 518 2717 discipulis
547 2668 700 2707 subinde
718 2671 948 2720 permittunt,

222 2735 412 2780 propterca
440 2737 504 2775 cst,
532 2732 629 2781 quod
656 2733 693 2769 in
715 2735 944 2773 orationibus

221 2795 611 2831 suisl'sahuosultimo
630 2797 711 2833 loco
732 2800 944 2837 aestimant:

217 2871 308 2908 quos
343 2858 432 2894 adeo
469 2860 588 2908 pueris
636 2863 746 2910 (quos
796 2862 941 2899 interim

709 145 759 171 DE
788 143 875 171 FUG.
907 142 1053 170 PAPIST.
1084 139 1234 169 SACRIS.

1002 241 1220 292 consciency
1247 242 1340 280 ende
1357 241 1425 279 mit
1441 241 1653 291 beueynzen
1672 241 1735 279 des

1001 306 1272 354 Pauwstdoms,
1314 305 1397 344 zick
1442 305 1568 344 daerin
1603 306 1736 344 zolden

1001 368 1165 417 mog-hen
1191 369 1328 407 vinden
1353 370 1466 407 laten.

1050 433 1213 470 Endlick
1251 446 1294 470 zo
1333 433 1487 482 strinen
1525 432 1610 470 deze
1645 432 1735 481 ghe-

999 497 1115 546 tijden
1159 498 1295 547 teghen
1340 498 1384 535 de
1421 497 1637 547 wirdigheit
1673 496 1737 534 des

1000 561 1122 599 Heere
1150 562 1301 607 Christi,
1328 562 1423 599 ende
1442 574 1644 599 veruoeren
1667 573 1736 598 ons

997 639 1078 663 zeer
1104 626 1313 674 listighlick
1340 639 1413 663 van
1434 626 1504 664 den
1524 625 1649 675 weghe
1666 638 1734 662 on-

999 702 1059 727 zer
1094 689 1277 727 zalicheit.
1333 689 1445 727 Want
1481 702 1523 737 zy
1560 691 1630 738 zijn
1668 702 1736 726 een

1000 753 1121 791 dienst
1141 754 1203 791 des
1221 753 1453 791 Pauwstsche
1463 753 1737 804 priesterdoms,

1001 817 1064 857 het
1105 817 1218 855 welck
1253 817 1470 866 allerweghe
1503 817 1640 866 teghen
1674 817 1736 855 het

997 881 1241 933 priesterdom
1271 881 1409 919 Christi
1437 882 1572 930 strijdt.
1617 881 1734 919 Daer-

996 946 1179 988 beneuen,
1213 959 1255 982 zo
1289 945 1320 983 is
1358 945 1402 983 de
1428 944 1645 995 wardigheit
1671 945 1736 982 der

998 1011 1233 1048 verdiensten
1269 1014 1305 1048 te
1339 1023 1554 1056 verzoenen,
1587 1023 1635 1047 an
1664 1009 1735 1047 den

998 1075 1100 1111 zelun}
1135 1074 1372 1123 ghebonden,
1409 1073 1561 1111 d'welck
1597 1073 1734 1111 zonder

999 1138 1269 1175 schricklicken
1314 1138 1426 1175 laster
1469 1137 1561 1174 ende
1603 1140 1735 1186 groote

998 1202 1161 1240 schande
1190 1203 1252 1239 des
1282 1202 1399 1239 doods
1428 1201 1579 1247 Christi,
1596 1201 1672 1239 niet
1690 1214 1732 1237 zo

1003 1267 1082 1304 veel
1098 1267 1152 1303 als
1171 1266 1357 1315 ghedacht
1378 1266 1451 1303 kan
1470 1265 1626 1303 werden.
1653 1265 1733 1302 En-

995 1330 1041 1368 de
1074 1330 1217 1368 werden
1245 1344 1299 1380 wy
1327 1330 1405 1367 alzo
1436 1330 1528 1367 door
1556 1329 1733 1367 bedeckte

995 1395 1351 1445 bedrieghelickheit
1386 1396 1428 1432 of
1463 1394 1525 1431 der
1554 1393 1732 1444 huychcl-

992 1459 1118 1508 (he)yt
1164 1459 1227 1497 des
1272 1458 1535 1509 bewimpelden
1570 1457 1731 1507 ghebars

993 1523 1087 1560 ende
1122 1527 1338 1572 tooueryen,
1366 1536 1438 1560 van
1465 1522 1535 1560 den
1563 1526 1731 1559 vertrau-

991 1601 1068 1625 wen
1107 1601 1153 1638 op
1193 1588 1237 1625 de
1274 1588 1484 1626 verdienste
1522 1588 1585 1625 des
1613 1587 1732 1625 doods

998 1651 1149 1695 Christi,
1195 1665 1263 1689 ons
1299 1651 1591 1700 ghenadighlick
1627 1651 1733 1688 mede

999 1715 1182 1765 ghedeelt,
1232 1716 1385 1764 (weleke
1427 1717 1473 1753 de
1516 1716 1733 1764 eenighe(n)

1001 1781 1103 1830 wegh
1131 1781 1162 1818 is
1182 1784 1235 1818 ter
1256 1780 1449 1829 zaligheit)
1461 1784 1517 1818 ter
1534 1780 1734 1830 afgoderye

1000 1844 1063 1882 der
1091 1845 1320 1895 pauwstsche
1346 1845 1557 1895 pardoenen
1577 1845 1620 1882 of
1642 1844 1732 1882 afla-

1002 1912 1077 1953 ten,
1104 1909 1197 1946 ende
1224 1922 1334 1946 onzer
1361 1908 1535 1957 eighener
1562 1908 1731 1947 verdien-

999 1976 1077 2010 sten
1114 1972 1344 2021 afgheuoert.
1398 1972 1473 2010 Dat
1508 1986 1553 2023 zy
1587 1987 1639 2010 nu
1666 1987 1732 2012 een

999 2036 1080 2074 decl
1115 2037 1177 2074 des
1214 2037 1354 2074 diensts
1382 2036 1445 2074 des
1471 2037 1731 2075 Pauwstschen

996 2101 1264 2139 Priesterdoms
1298 2103 1384 2150 zijn,
1409 2101 1440 2138 is
1469 2104 1552 2149 (20)
1581 2101 1660 2139 hier
1685 2105 1733 2139 wt

1000 2164 1202 2213 blijckliek,
1230 2165 1293 2202 dat
1320 2165 1412 2202 door
1432 2165 1476 2203 de
1493 2169 1625 2203 wetten
1646 2165 1731 2204 hers

1001 2228 1163 2267 Pauwsts
1200 2233 1256 2266 tot
1291 2242 1405 2267 eenen
1431 2228 1585 2266 zekeren
1613 2228 1731 2278 dagh-

1002 2292 1192 2330 lickschen
1230 2293 1379 2344 opdeele
1415 2292 1478 2330 der
1504 2293 1625 2330 zeluer
1652 2293 1733 2341 (het

1000 2369 1044 2405 zy
1080 2361 1124 2394 wt
1150 2361 1187 2394 te
1215 2357 1382 2394 donnern
1408 2356 1448 2393 in
1477 2345 1547 2394 den
1575 2356 1731 2407 Tempe-

999 2419 1071 2464 len,
1107 2421 1150 2457 of
1171 2425 1217 2458 wt
1245 2425 1281 2458 te
1306 2420 1450 2469 grollen
1477 2420 1666 2470 byzonder
1692 2420 1736 2457 of

994 2483 1033 2520 in
1075 2483 1100 2521 't
1137 2484 1360 2534 heymelick)
1395 2483 1609 2522 verbonden
1644 2485 1731 2532 zijn‚

998 2559 1041 2584 zo
1077 2549 1142 2585 wie
1180 2549 1249 2586 den
1277 2548 1437 2586 minsten
1465 2548 1598 2597 graadt
1625 2548 1729 2585 dezes

996 2610 1262 2649 Priesterdoms
1276 2625 1483 2649 verworuen
1494 2611 1626 2651 hebbe.
1644 2611 1729 2649 Μο-

999 2674 1095 2722 ghcn
1126 2675 1219 2711 ooek
1249 2675 1502 2712 daerbeneuen
1525 2688 1595 2712 van
1617 2674 1729 2722 ghee-

996 2750 1067 2774 nen
1097 2738 1256 2775 anderen
1284 2738 1452 2787 ghedaen
1481 2738 1635 2782 werden,
1657 2739 1728 2775 dan

996 2815 1067 2838 van
1105 2802 1202 2844 dien,
1238 2802 1297 2839 (lie
1333 2803 1443 2840 dezen
1480 2802 1728 2840 Priesterdom

993 2865 1317 2915 tocghchcyghent
1353 2866 1447 2904 ende
1473 2866 1731 2923 opghewiJhet‚
