1818 3178
552 105 765 133 aEsPoNsro
794 106 890 133 Αυν.
924 106 1087 133 llosIUM.
1518 98 1590 134 431
1621 124 1625 127 -

59 223 226 249 summus
262 213 317 248 est
353 208 535 246 Sacerdos
571 207 743 246 Christus
781 208 978 251 Dominus,
1014 221 1088 260 quo
1128 212 1237 260 pacto
1275 209 1331 247 vel
1369 220 1494 260 parem
1531 210 1590 247 vel

58 276 170 313 etiam
207 275 384 313 maiorem
420 287 459 312 se
486 274 602 312 alium
629 287 888 325 quemcunque
916 274 1154 312 Sacerdotem
1181 275 1302 312 feret?
1330 274 1404 312 nisi
1431 273 1463 312 si
1488 273 1589 326 Papa

61 340 240 378 maiorem
267 352 306 377 se
333 338 483 376 Christo
512 338 675 376 Domino
703 352 780 377 non
808 339 908 385 facit,
947 338 1033 376 dum
1071 338 1262 376 Christum
1290 338 1494 376 Dominum
1522 352 1590 376 suo

62 403 278 443 Sacerdotio
305 403 443 454 pariter
470 416 513 440 ac
542 403 735 441 Sacrificio
764 404 912 454 culpam
939 403 1135 448 duntaxat,
1171 408 1207 441 et
1234 402 1385 454 quidem
1414 416 1491 442 non
1508 415 1590 441 om-

61 469 164 507 nium
197 471 277 506 tota
316 468 390 505 vita
424 472 553 506 nostra
590 473 841 519 peccatorum,
877 468 941 506 sed
976 467 1170 517 originalis
1197 471 1344 506 tantum
1371 467 1527 519 peccati,
1554 481 1593 506 se

61 545 146 571 vero
186 535 223 570 et
263 532 409 583 culpam
447 532 559 570 simul
597 538 633 570 et
659 545 816 583 poenam
845 545 994 570 omnem
1021 532 1188 570 omnium
1216 532 1327 570 etiam
1355 536 1592 583 peccatorum

58 597 206 649 expiare
240 610 362 649 posse,
397 597 543 648 quoties
579 598 637 635 illi
671 598 777 642 libet,
813 598 980 643 affirmet,
1027 610 1110 634 cum
1138 597 1230 635 alias
1258 597 1408 648 quidem
1437 611 1594 649 semper,

59 667 138 699 tum
175 657 262 699 vero
300 662 461 700 maxime
495 662 536 699 in
575 662 789 700 confectitio
818 662 1001 700 sacrificio
1032 675 1114 708 su0,
1141 661 1324 699 fabricato
1353 661 1525 700 videlicet
1551 662 1591 700 in

61 727 458 776 contu-(106)meliam
493 728 626 765 mortis
656 727 797 765 Christi
825 727 1023 778 meritique
1051 740 1094 764 ac
1121 726 1304 764 efficaciae
1329 726 1463 778 ipsius.
1517 728 1591 765 Po-

61 795 197 830 stremo
236 792 267 829 si
304 791 477 829 Christus
513 791 699 830 Dominus
737 796 791 830 est
828 796 1001 829 aeternus
1038 804 1189 842 quoque
1227 791 1407 829 Sacerdos
1446 794 1507 840 (ut
1534 796 1591 830 est

63 857 223 905 dictum)
252 857 467 895 Catholicae
495 857 698 903 Ecclesiae,
727 857 823 895 unde
860 857 969 895 nobis
996 858 1258 907 (quaecunque
1274 857 1424 902 tandem
1444 857 1508 895 illa
1524 857 1591 905 sit)

60 921 98 959 in
136 921 212 959 eius
250 921 468 959 Sacerdotio
498 922 714 959 successio?
768 921 956 972 Equidem
983 922 1022 958 in
1052 921 1310 958 aeternitatem
1339 925 1377 958 ut
1405 921 1509 959 nulla
1537 926 1593 959 est

63 987 233 1030 cessatio,
259 987 311 1024 ita
338 992 373 1025 et
401 987 503 1024 nulla
532 987 732 1032 successio,
768 986 905 1024 nedum
933 991 986 1033 ut,
1017 986 1048 1024 si
1076 986 1267 1023 Christum
1297 985 1503 1024 Dominum
1530 999 1592 1024 ae-

59 1055 210 1090 ternum
246 1052 386 1103 alioqui
424 1051 639 1089 Catholicae
676 1051 746 1088 Dei
782 1051 975 1088 Ecclesiae
1013 1050 1251 1088 Sacerdotem
1288 1064 1367 1088 esse
1395 1050 1592 1096 credimus,

62 1116 331 1155 succedaneum
362 1117 479 1154 ullum
517 1117 669 1153 omnino
708 1116 787 1153 eius
825 1115 1096 1161 Sacerdotium,
1131 1115 1207 1153 sive
1243 1109 1422 1166 in'Papa‚
1450 1116 1594 1154 sivein

63 1182 243 1219 creaturis
281 1181 358 1218 suis
387 1181 575 1226 omnibus,
601 1181 680 1217 ullo
707 1179 819 1217 modo
848 1192 1050 1229 agnoscere
1077 1179 1275 1230 possimus.
1330 1179 1527 1217 Intueatur
1555 1193 1593 1217 se

62 1245 123 1283 hic
159 1246 274 1295 igitur
311 1245 455 1282 Hosius
491 1245 531 1282 in
569 1257 635 1282 suo
673 1244 868 1295 Papaeque
906 1243 963 1281 sui
999 1256 1042 1280 ac
1081 1256 1234 1281 suorum
1263 1244 1433 1281 omnium
1461 1244 1593 1281 Sacer-

63 1310 179 1355 dotio,
215 1309 260 1347 de
293 1322 379 1360 quo,
416 1309 447 1347 si
484 1308 670 1346 Dominus
707 1308 818 1353 volet,
853 1308 946 1345 alias
973 1308 1092 1358 plura.

107 1375 186 1411 Iam
206 1374 307 1425 quod
326 1374 374 1411 ad
395 1373 535 1411 Christi
546 1373 886 1422 DominiRegnum
905 1373 946 1410 in
965 1372 1044 1411 eius
1065 1372 1234 1410 Ecclesia
1245 1373 1392 1419 attinet,
1405 1372 1436 1410 si
1448 1373 1594 1411 Hosius

62 1452 147 1477 cum
163 1442 240 1477 suis
259 1439 449 1476 Christum
461 1438 666 1476 Dominum
685 1439 725 1475 in
745 1438 898 1475 unicum
918 1451 1104 1475 summum
1120 1442 1231 1488 atque
1250 1442 1441 1476 aeteruum
1461 1437 1592 1475 Eccle-

62 1504 136 1542 siae
157 1503 374 1541 Catholicae
395 1502 535 1552 Regem
562 1507 716 1540 unctum
744 1516 823 1540 esse
853 1502 981 1547 credit,
1011 1502 1111 1553 quod
1139 1502 1187 1539 ad
1204 1502 1469 1550 gubernandas
1487 1515 1594 1553 prae·

63 1568 191 1606 sertim
212 1568 406 1605 homiuum
436 1567 684 1605 conscientias
713 1580 801 1616 erga
828 1566 948 1604 Deum
974 1566 1121 1611 attinet,
1148 1566 1304 1603 ubinam
1331 1567 1401 1604 erit
1429 1569 1594 1617 potestas

62 1634 127 1670 illa
152 1635 264 1682 (107)
293 1633 491 1683 plusquam
526 1633 629 1681 regia
657 1633 789 1683 Papae,
824 1645 937 1682 quam
974 1631 1119 1669 Hosius
1148 1631 1318 1669 defendit
1345 1632 1385 1668 in
1413 1631 1595 1677 Ecclesia,

62 1704 102 1737 ut
130 1711 266 1736 novam
304 1697 376 1735 sibi
414 1711 498 1735 cum
536 1697 614 1735 suis
641 1698 681 1735 in
709 1697 958 1735 conscientias
987 1697 1184 1734 hominum
1213 1697 1325 1747 inque
1350 1697 1474 1747 ‚ipsam
1501 1696 1595 1734 adeo

64 1763 205 1801 Christi
239 1767 276 1800 et
310 1762 582 1812 Apostolorum
610 1761 821 1799 doctrinam
858 1761 1134 1799 nomothesiam
1160 1764 1326 1811 usurpet,
1354 1761 1596 1811 affirmetque,

64 1840 103 1866 se
138 1827 298 1865 Divinae
333 1826 444 1864 etiam
471 1827 564 1875 legis
591 1826 775 1863 laxandae
803 1825 1167 1876 adstringendaeque
1195 1837 1258 1875 per
1287 1837 1372 1862 suas
1400 1824 1594 1875 dispensa-

65 1893 186 1930 tiones
205 1912 256 1920 -—-
272 1892 324 1929 ita
338 1890 438 1929 enim
456 1892 662 1941 loquuntur
682 1912 731 1920 —-
751 1891 808 1928 ius
828 1895 939 1940 atque
955 1889 1195 1928 autoritatem
1215 1889 1366 1935 habere,
1383 1889 1542 1939 denique
1561 1893 1597 1927 et

64 1971 205 1997 novum
223 1958 261 1995 in
283 1971 393 1996 causa
411 1956 604 2006 religionis
625 1968 806 1994 canonem
828 1955 987 1993 condere
1006 1955 1142 2006 posse?
1171 1954 1277 1992 Haec
1299 1968 1387 1992 sane
1407 1954 1533 1992 omnia
1553 1955 1595 1993 in

64 2024 172 2062 libris
192 2024 428 2075 Papistarum
445 2022 556 2060 obvia
575 2022 627 2059 ita
646 2021 784 2072 passim
805 2021 1004 2076 habentur,
1024 2023 1064 2058 ut
1084 2020 1143 2057 vel
1160 2019 1284 2070 pueris
1308 2019 1383 2056 iam
1404 2023 1493 2056 nota
1506 2019 1593 2065 sint,

65 2088 204 2143 nedum
230 2092 272 2126 ut
300 2087 347 2126 ab
376 2087 499 2125 Hosio
527 2091 592 2124 aut
619 2087 696 2124 suis
724 2086 854 2135 negari
884 2086 958 2123 ullo
985 2084 1096 2122 modo
1115 2084 1417 2134 dissimularique
1436 2083 1594 2134 possint.

116 2153 231 2192 Quod
266 2165 378 2204 porro
416 2152 461 2190 ad
499 2151 761 2202 Propheticam
800 2150 942 2188 Christi
978 2149 1133 2187 Domini
1169 2149 1404 2186 functionem
1449 2149 1595 2192 attinet.

64 2219 96 2257 si
132 2217 276 2255 Hosius
311 2229 394 2254 cum
431 2216 507 2254 suis
545 2216 674 2261 credit,
711 2215 902 2252 Christum
938 2213 1144 2251 Dominum
1177 2226 1257 2251 esse
1291 2213 1403 2250 etiam
1441 2212 1594 2251 unicum

63 2284 170 2322 illum
216 2282 441 2320 Divinorum
487 2281 656 2318 omnium
710 2292 969 2330 summumque
1014 2291 1058 2316 ac
1102 2282 1293 2316 aeternum
1340 2281 1594 2315 enarratorem

65 2362 131 2387 seu
165 2347 379 2393 Doctorem¹,
413 2347 478 2397 qui
505 2342 545 2383 in
570 2358 646 2383 una
674 2348 785 2395 atque
812 2344 941 2382 eadem
969 2356 1052 2381 cum
1079 2343 1189 2381 Patre
1215 2355 1259 2380 ac
1286 2342 1427 2393 Spiritu
1456 2343 1597 2380 Sancto

65 2413 286 2452 Divinitatis
323 2412 465 2450 henade
502 2415 556 2449 est
593 2411 641 2448 ab
686 2415 838 2448 aeterno
876 2413 912 2447 et
950 2409 987 2446 in
1024 2413 1218 2446 aeternum
1246 2408 1401 2445 verbum
1438 2420 1481 2444 ac
1507 2420 1596 2458 pro-

64 2480 243 2530 loquutor
271 2477 404 2521 Patris,
439 2478 479 2514 in
506 2489 580 2528 quo
609 2476 720 2514 etiam
749 2475 830 2513 solo
859 2468 1044 2512 reconditi
1073 2474 1147 2511 sint
1175 2485 1304 2510 omnes
1331 2472 1596 2520 thesau-(IOS)

64 2544 98 2581 ri
133 2542 336 2593 sapientiae
373 2546 409 2579 et
443 2540 620 2578 scientiae
657 2539 739 2584 Dei,
767 2544 806 2576 ut
843 2552 887 2576 ex
916 2539 1017 2576 illius
1046 2537 1163 2575 solius
1190 2536 1427 2588 plenitudine
1454 2548 1597 2580 omnes,

68 2613 107 2647 ut
135 2607 267 2659 cuique
293 2608 372 2658 ipse
400 2605 555 2649 dederit,
582 2605 821 2656 accipiamus,
849 2607 885 2641 et
917 2603 982 2654 qui
1013 2615 1118 2640 suam
1146 2602 1356 2640 doctrinam
1383 2602 1465 2651 ipso
1484 2600 1596 2638 etiam

67 2671 168 2709 coelo
214 2683 258 2708 ac
302 2678 399 2708 terra
443 2668 658 2706 solidiorem
696 2666 1041 2717 diuturnioremque
1087 2671 1123 2704 et
1160 2669 1347 2709 aeternam
1385 2664 1478 2702 adeo
1514 2664 1595 2700 fore

65 2739 235 2779 testatur,
272 2735 304 2772 si
339 2735 430 2771 haec
467 2732 612 2770 Hosius
648 2733 802 2782 inquam
841 2744 924 2769 cum
962 2731 1038 2768 suis
1077 2730 1206 2775 credit,
1233 2743 1308 2780 quo
1342 2733 1453 2781 pacto
1481 2741 1595 2779 quae-

67 2812 108 2836 so
151 2800 272 2840 lucem
310 2812 353 2836 ac
395 2799 588 2837 veritatem
624 2797 817 2835 doctrinae
861 2796 1134 2847 Prophetarum
1179 2799 1290 2846 atquc
1325 2793 1595 2845 Apostolorum

67 2863 108 2902 in
152 2864 355 2915 Scripturis
397 2863 488 2915 ipsis
532 2862 675 2908 adimit,
719 2875 783 2913 per
834 2874 928 2913 quos
973 2860 1171 2900 nobiscum
1217 2874 1255 2898 se
1299 2859 1439 2911 alioqui
1477 2863 1594 2899 acter-
