1818 3178
165 127 244 156 CXX
801 114 1045 144 PRAEFATIO.

221 231 282 271 80.
314 226 622 269 Moderationem
663 222 881 262 Doctrinae
918 220 965 260 cle
994 233 1026 259 s.
1064 219 1190 260 Coena
1221 215 1396 258 eandem
1427 231 1514 258 esse
1545 223 1673 272 atque

164 297 407 355 Epistolam,
431 308 552 350 quam
578 290 815 347 Bullingeri
837 287 1032 331 tractatui
1053 287 1280 343 praemisit,
1303 288 1426 329 certis
1447 301 1675 343 argumen-

161 370 212 411 tis
258 366 522 414 ostendimus,
570 370 609 404 et
655 363 793 417 ipsum
829 360 954 402 huius
983 358 1184 415 epistolae
1214 364 1375 400 textum
1407 358 1516 416 typis
1546 373 1676 401 excu-

161 438 341 481 dendum
373 434 625 477 curavimus.

219 511 277 551 90.
316 505 586 561 Confessionis
625 503 886 545 Londinensis
925 506 1088 542 textum
1133 498 1398 555 originalem,
1431 497 1562 541 latino
1591 514 1676 542 ser-

162 593 282 620 mone
322 574 549 625 conditum,
581 588 695 615 nunc
726 571 892 614 tandem
924 577 1138 626 repertum
1171 575 1425 625 erutumque
1455 585 1540 612 una
1576 586 1674 613 cum

159 645 329 702 epistola
360 644 612 686 dedicatoria
642 651 681 685 et
709 641 924 685 brevicula
945 640 1158 682 Ecclesiae
1180 640 1506 696 peregrinorum
1526 640 1672 684 Litur-

158 718 243 774 gia,
291 716 409 757 cuius
450 712 602 756 nullibi
646 713 755 755 facta
797 719 887 754 erat
933 712 1101 762 mentio,
1147 710 1272 753 editio
1311 718 1453 754 nostra
1484 711 1678 769 belgicae

159 786 339 828 versioni
372 801 394 826 e
426 785 556 827 latere
587 784 795 840 apposuit.

216 859 304 900 100.
335 858 478 900 Brevis
518 857 614 910 fidei
650 856 930 908 explorationis
961 860 1119 896 textum
1151 853 1332 896 latinum
1364 854 1677 896 accuratissime

157 943 252 970 cum
283 927 474 969 versione
503 925 668 982 belgica
701 925 970 967 contulimus.

216 999 304 1040 110.
340 998 574 1041 Cateelcismi
603 997 864 1038 Dondinensis
895 995 1216 1037 vetustissimam
1242 995 1357 1050 (anni
1380 995 1506 1051 1551)
1529 995 1674 1038 editio-

158 1083 268 1119 nem,
316 1083 339 1110 a
382 1083 464 1124 qua
508 1067 764 1109 recensiores
805 1066 1064 1122 permultum
1112 1065 1327 1120 differunt,
1360 1067 1675 1109 accuratissime

155 1138 404 1196 descriptam
435 1138 582 1180 lectori
612 1138 736 1180 editio
766 1145 907 1180 nostra
938 1139 1075 1182 offert.

215 1212 303 1253 120.
338 1211 574 1252 catechismi
606 1211 776 1252 Emdanz'
805 1210 1014 1267 originem
1045 1209 1184 1251 stabili
1216 1210 1377 1252 ratione
1407 1210 1466 1252 sic
1502 1211 1675 1267 aperui·

158 1299 264 1335 mus,
310 1289 358 1324 ut
397 1282 522 1324 huius
561 1296 729 1337 quoque
773 1288 965 1324 autorem
1006 1281 1192 1324 Lascum
1235 1281 1552 1339 agnoscendum
1585 1298 1674 1325 esse

155 1355 292 1411 palam
326 1359 571 1408 certumque
602 1353 667 1395 sit.

215 1426 304 1469 130.
332 1425 579 1466 Intricatam
625 1431 748 1479 atque
778 1424 819 1466 in
854 1424 997 1480 paucis
1029 1423 1276 1480 perplexam
1306 1423 1591 1479 quaestionem
1623 1423 1674 1465 de

155 1496 468 1547 necessitudine,
502 1510 607 1551 quae
635 1495 760 1538 Lasci
789 1494 932 1537 libello
964 1497 1106 1537 Forma
1136 1511 1183 1538 ac
1212 1496 1318 1537 radio
1349 1510 1444 1537 cum
1472 1494 1676 1538 Micronii

154 1567 357 1624 opusculo
386 1566 616 1618 intercedit,
649 1566 774 1609 editio
804 1573 947 1609 nostra
980 1566 1102 1608 solvit
1132 1573 1257 1622 atque
1287 1565 1467 1622 expedit.

213 1640 302 1683 140.
334 1639 591 1692 Purqationis
620 1637 803 1680 codicem
827 1653 955 1692 manu
986 1639 1187 1694 scriptum
1222 1652 1319 1679 cum
1351 1637 1532 1679 editione
1562 1639 1676 1695 typis

154 1725 307 1753 excusa
344 1709 666 1765 composuimus,
707 1716 748 1751 et
790 1717 994 1766 quantum
1038 1725 1061 1752 a
1102 1725 1144 1752 se
1174 1709 1358 1752 invicem
1388 1709 1591 1752 distarent
1621 1709 1674 1753 ad

154 1782 392 1838 marginem
422 1780 731 1836 adscripsimus.

213 1853 302 1896 150.
335 1852 633 1905 Responsionem
680 1853 867 1893 adversus
911 1852 1097 1902 limium,
1133 1866 1240 1906 quae
1273 1850 1462 1893 avernali
1493 1850 1672 1895 obducta

154 1922 333 1979 caligine
362 1921 579 1977 hucusque
609 1936 782 1978 prorsus
814 1922 1006 1973 latuerat,
1041 1922 1130 1963 eius
1161 1936 1340 1978 operum
1372 1920 1581 1979 Catalogo
1602 1921 1674 1964 ad·

153 1994 326 2036 iecimus
354 1999 394 2035 et
423 1994 598 2049 repetita
629 1993 807 2035 editione
839 1993 1031 2036 omnibus
1062 1993 1215 2036 harum
1259 1993 1534 2051 cupediarum
1579 2008 1672 2036 eam

155 2065 375 2122 pandimus
407 2064 676 2108 amatoribus.

212 2137 301 2179 160.
332 2136 510 2191 denique
540 2135 631 2177 loco
671 2136 815 2178 Seriem
844 2152 890 2179 ac
911 2152 1159 2191 pooyressum
1203 2138 1399 2194 Colloquii
1428 2138 1557 2191 ipsius
1585 2153 1673 2180 eum

155 2208 320 2250 Brentio
359 2222 381 2247 e
421 2206 560 2248 codice
600 2207 888 2264 manuscripto
919 2207 1000 2250 alia
1032 2207 1223 2251 dedimus
1253 2209 1510 2260 recensime‚
1545 2223 1671 2263 quam

155 2277 340 2321 ediderat
369 2293 460 2319 eam
492 2278 761 2322 Meinersius.

213 2348 482 2404 Quamquam
527 2349 660 2406 igitur
705 2365 796 2392 mea
840 2357 985 2407 sponte
1031 2367 1214 2409 agnosco
1259 2350 1466 2407 quaedam
1496 2349 1672 2392 minoris

153 2421 353 2464 momenti
384 2421 536 2463 inedita
567 2423 733 2479 scripta,
756 2423 955 2479 quasdam
976 2431 1194 2480 praeterea
1217 2425 1375 2481 priscas
1397 2429 1665 2479 repertorum

151 2491 349 2534 editiones
379 2491 606 2532 etiamnum
639 2491 879 2545 desiderari,
912 2509 1094 2549 quarum
1125 2510 1251 2536 omne
1282 2494 1507 2550 vestigium
1539 2507 1669 2548 expu-

152 2557 245 2600 lisse
265 2557 428 2599 videtur
448 2556 683 2614 Inquisitio,
703 2566 743 2600 et
763 2559 910 2602 lubens
931 2561 1017 2617 ipse
1037 2562 1183 2614 fateor,
1206 2562 1401 2619 epistolas
1418 2561 1542 2604 Lasci
1560 2575 1669 2617 quas

149 2628 398 2684 collegimus
444 2629 661 2684 pauciores
705 2646 792 2672 esse
832 2646 1023 2682 numero,
1066 2648 1198 2689 quum
1230 2639 1278 2675 ut
1307 2632 1561 2675 desiderium
1591 2646 1667 2673 no-

152 2705 284 2740 strum
315 2699 355 2740 in
389 2705 502 2741 tanto
532 2700 622 2742 viro
652 2700 866 2758 expleant3
900 2703 965 2745 vel
995 2704 1055 2746 sic
1084 2711 1224 2747 tamen
1259 2705 1301 2748 in
1333 2719 1500 2747 summa
1534 2703 1664 2746 felici·

151 2772 247 2812 tatis
290 2785 408 2814 meae
452 2777 568 2826 parte
613 2770 734 2822 duco,
775 2779 857 2815 tam
890 2773 1068 2818 faustam
1099 2783 1270 2832 tamque
1299 2775 1526 2819 secundam
1560 2774 1664 2817 mihi
