<?xml version="1.0" encoding="UTF-8"?>
<!DOCTYPE html PUBLIC "-//W3C//DTD XHTML 1.0 Transitional//EN"
    "http://www.w3.org/TR/xhtml1/DTD/xhtml1-transitional.dtd">
<html xmlns="http://www.w3.org/1999/xhtml" xml:lang="en" lang="en">
 <head>
  <title>
</title>
<meta http-equiv="Content-Type" content="text/html;charset=utf-8" />
  <meta name='ocr-system' content='tesseract 3.04.00' />
  <meta name='ocr-capabilities' content='ocr_page ocr_carea ocr_par ocr_line ocrx_word'/>
</head>
<body>
  <div class='ocr_page' id='page_1' title='image "./operatameditaqua01lask_0683.png"; bbox 0 0 1818 3178; ppageno 0'>
   <div class='ocr_carea' id='block_1_1' title="bbox 737 62 1615 109">
    <p class='ocr_par' dir='ltr' id='par_1_1' title="bbox 737 62 1615 109">
     <span class='ocr_line' id='line_1_1' title="bbox 737 62 1615 109; baseline -0.013 0"><span class='ocrx_word' id='word_1_1' title='bbox 737 83 795 109; x_wconf 72' lang='lat' dir='ltr'>ur.</span> <span class='ocrx_word' id='word_1_2' title='bbox 824 79 969 108; x_wconf 70' lang='lat' dir='ltr'>noc&#39;rn.</span> <span class='ocrx_word' id='word_1_3' title='bbox 1543 62 1615 99; x_wconf 81' lang='lat'>555</span> 
     </span>
    </p>
   </div>
   <div class='ocr_carea' id='block_1_2' title="bbox 93 175 1650 2888">
    <p class='ocr_par' dir='ltr' id='par_1_2' title="bbox 93 175 1650 2888">
     <span class='ocr_line' id='line_1_2' title="bbox 94 175 1618 236; baseline -0.013 -6"><span class='ocrx_word' id='word_1_4' title='bbox 94 192 162 230; x_wconf 88' lang='lat' dir='ltr'>Est</span> <span class='ocrx_word' id='word_1_5' title='bbox 189 190 286 229; x_wconf 87' lang='lat' dir='ltr'>enim</span> <span class='ocrx_word' id='word_1_6' title='bbox 313 187 479 227; x_wconf 86' lang='lat' dir='ltr'>iustitiae</span> <span class='ocrx_word' id='word_1_7' title='bbox 506 186 708 236; x_wconf 89' lang='lat' dir='ltr'>unicuique</span> <span class='ocrx_word' id='word_1_8' title='bbox 742 183 842 236; x_wconf 91' lang='lat' dir='ltr'>quod</span> <span class='ocrx_word' id='word_1_9' title='bbox 871 195 977 221; x_wconf 85' lang='lat' dir='ltr'>suurn</span> <span class='ocrx_word' id='word_1_10' title='bbox 1005 180 1172 224; x_wconf 80' lang='lat' dir='ltr'>reddere,</span> <span class='ocrx_word' id='word_1_11' title='bbox 1207 191 1300 229; x_wconf 87' lang='lat' dir='ltr'>quae</span> <span class='ocrx_word' id='word_1_12' title='bbox 1328 189 1414 215; x_wconf 89' lang='lat' dir='ltr'>sane</span> <span class='ocrx_word' id='word_1_13' title='bbox 1443 175 1618 213; x_wconf 81' lang='lat' dir='ltr'>donatam</span> 
     </span>
     <span class='ocr_line' id='line_1_3' title="bbox 94 238 1621 297; baseline -0.012 -3"><span class='ocrx_word' id='word_1_14' title='bbox 94 257 204 295; x_wconf 87' lang='lat' dir='ltr'>nobis</span> <span class='ocrx_word' id='word_1_15' title='bbox 241 270 261 293; x_wconf 88' lang='lat' dir='ltr'>a</span> <span class='ocrx_word' id='word_1_16' title='bbox 299 253 451 291; x_wconf 87' lang='lat' dir='ltr'>Christo</span> <span class='ocrx_word' id='word_1_17' title='bbox 481 251 603 290; x_wconf 87' lang='lat' dir='ltr'>meriti</span> <span class='ocrx_word' id='word_1_18' title='bbox 639 250 818 288; x_wconf 87' lang='lat' dir='ltr'>victoriae</span> <span class='ocrx_word' id='word_1_19' title='bbox 854 262 897 286; x_wconf 88' lang='lat' dir='ltr'>ac</span> <span class='ocrx_word' id='word_1_20' title='bbox 925 246 1069 297; x_wconf 84' lang='lat' dir='ltr'>gloriae</span> <span class='ocrx_word' id='word_1_21' title='bbox 1097 258 1183 283; x_wconf 87' lang='lat' dir='ltr'>suae</span> <span class='ocrx_word' id='word_1_22' title='bbox 1212 241 1510 281; x_wconf 82' lang='lat' dir='ltr'>communionem</span> <span class='ocrx_word' id='word_1_23' title='bbox 1540 238 1621 276; x_wconf 91' lang='lat' dir='ltr'>adi-</span> 
     </span>
     <span class='ocr_line' id='line_1_4' title="bbox 93 306 1621 367; baseline -0.012 -9"><span class='ocrx_word' id='word_1_24' title='bbox 93 334 193 358; x_wconf 86' lang='lat' dir='ltr'>mere</span> <span class='ocrx_word' id='word_1_25' title='bbox 230 317 339 357; x_wconf 86' lang='lat' dir='ltr'>nobis</span> <span class='ocrx_word' id='word_1_26' title='bbox 378 330 454 355; x_wconf 92' lang='lat' dir='ltr'>non</span> <span class='ocrx_word' id='word_1_27' title='bbox 490 320 626 367; x_wconf 88' lang='lat' dir='ltr'>potest,</span> <span class='ocrx_word' id='word_1_28' title='bbox 661 320 919 366; x_wconf 80' lang='lat' dir='ltr'>praeterquam</span> <span class='ocrx_word' id='word_1_29' title='bbox 957 311 988 349; x_wconf 88' lang='lat' dir='ltr'>si</span> <span class='ocrx_word' id='word_1_30' title='bbox 1015 323 1084 348; x_wconf 89' lang='lat' dir='ltr'>nos</span> <span class='ocrx_word' id='word_1_31' title='bbox 1111 309 1181 360; x_wconf 84' lang='lat' dir='ltr'>ipsi</span> <span class='ocrx_word' id='word_1_32' title='bbox 1211 309 1313 345; x_wconf 91' lang='lat' dir='ltr'>illam</span> <span class='ocrx_word' id='word_1_33' title='bbox 1342 306 1527 344; x_wconf 86' lang='lat' dir='ltr'>destinata</span> <span class='ocrx_word' id='word_1_34' title='bbox 1557 316 1621 340; x_wconf 85' lang='lat' dir='ltr'>vo-</span> 
     </span>
     <span class='ocr_line' id='line_1_5' title="bbox 93 366 1624 428; baseline -0.012 -5"><span class='ocrx_word' id='word_1_35' title='bbox 93 386 237 423; x_wconf 89' lang='lat' dir='ltr'>luntate</span> <span class='ocrx_word' id='word_1_36' title='bbox 273 386 403 421; x_wconf 86' lang='lat' dir='ltr'>nostra</span> <span class='ocrx_word' id='word_1_37' title='bbox 440 387 722 418; x_wconf 76' lang='lat' dir='ltr'>contemnamus</span> <span class='ocrx_word' id='word_1_38' title='bbox 758 383 793 416; x_wconf 89' lang='lat' dir='ltr'>et</span> <span class='ocrx_word' id='word_1_39' title='bbox 830 376 929 428; x_wconf 88' lang='lat' dir='ltr'>quod</span> <span class='ocrx_word' id='word_1_40' title='bbox 958 379 1127 413; x_wconf 89' lang='lat' dir='ltr'>nostrum</span> <span class='ocrx_word' id='word_1_41' title='bbox 1155 377 1210 410; x_wconf 89' lang='lat' dir='ltr'>est</span> <span class='ocrx_word' id='word_1_42' title='bbox 1239 384 1306 423; x_wconf 87' lang='lat' dir='ltr'>pro</span> <span class='ocrx_word' id='word_1_43' title='bbox 1336 374 1464 408; x_wconf 90' lang='lat' dir='ltr'>nostro</span> <span class='ocrx_word' id='word_1_44' title='bbox 1494 366 1624 406; x_wconf 83' lang='lat' dir='ltr'>haberi</span> 
     </span>
     <span class='ocr_line' id='line_1_6' title="bbox 95 431 1625 494; baseline -0.012 -6"><span class='ocrx_word' id='word_1_45' title='bbox 95 450 282 488; x_wconf 86' lang='lat' dir='ltr'>nolumus.</span> <span class='ocrx_word' id='word_1_46' title='bbox 337 446 479 484; x_wconf 88' lang='lat' dir='ltr'>Oblato</span> <span class='ocrx_word' id='word_1_47' title='bbox 515 445 632 494; x_wconf 80' lang='lat' dir='ltr'>igitur</span> <span class='ocrx_word' id='word_1_48' title='bbox 667 444 706 481; x_wconf 89' lang='lat' dir='ltr'>in</span> <span class='ocrx_word' id='word_1_49' title='bbox 744 456 858 480; x_wconf 89' lang='lat' dir='ltr'>coena</span> <span class='ocrx_word' id='word_1_50' title='bbox 896 440 1093 492; x_wconf 87' lang='lat' dir='ltr'>separatim</span> <span class='ocrx_word' id='word_1_51' title='bbox 1132 437 1291 488; x_wconf 88' lang='lat' dir='ltr'>mystico</span> <span class='ocrx_word' id='word_1_52' title='bbox 1331 449 1425 487; x_wconf 90' lang='lat' dir='ltr'>pane</span> <span class='ocrx_word' id='word_1_53' title='bbox 1452 434 1533 476; x_wconf 88' lang='lat' dir='ltr'>illo,</span> <span class='ocrx_word' id='word_1_54' title='bbox 1560 431 1625 484; x_wconf 86' lang='lat' dir='ltr'>qui</span> 
     </span>
     <span class='ocr_line' id='line_1_7' title="bbox 96 497 1626 565; baseline -0.012 -13"><span class='ocrx_word' id='word_1_55' title='bbox 96 514 262 565; x_wconf 88' lang='lat' dir='ltr'>corporis</span> <span class='ocrx_word' id='word_1_56' title='bbox 299 511 442 550; x_wconf 77' lang='lat' dir='ltr'><strong>Christi</strong></span> <span class='ocrx_word' id='word_1_57' title='bbox 478 509 780 548; x_wconf 84' lang='lat' dir='ltr'>communionem</span> <span class='ocrx_word' id='word_1_58' title='bbox 820 507 856 544; x_wconf 92' lang='lat' dir='ltr'>in</span> <span class='ocrx_word' id='word_1_59' title='bbox 896 506 1007 544; x_wconf 89' lang='lat' dir='ltr'>nobis</span> <span class='ocrx_word' id='word_1_60' title='bbox 1036 504 1225 552; x_wconf 82' lang='lat' dir='ltr'>obsignat,</span> <span class='ocrx_word' id='word_1_61' title='bbox 1252 500 1479 552; x_wconf 87' lang='lat' dir='ltr'>proponitur</span> <span class='ocrx_word' id='word_1_62' title='bbox 1506 497 1626 535; x_wconf 87' lang='lat' dir='ltr'>oeulis</span> 
     </span>
     <span class='ocr_line' id='line_1_8' title="bbox 96 563 1624 628; baseline -0.012 -11"><span class='ocrx_word' id='word_1_63' title='bbox 96 578 235 617; x_wconf 83' lang='lat' dir='ltr'>nostris</span> <span class='ocrx_word' id='word_1_64' title='bbox 263 590 356 628; x_wconf 90' lang='lat' dir='ltr'>opus</span> <span class='ocrx_word' id='word_1_65' title='bbox 387 576 534 614; x_wconf 90' lang='lat' dir='ltr'>divinae</span> <span class='ocrx_word' id='word_1_66' title='bbox 563 572 851 616; x_wconf 81' lang='lat' dir='ltr'>misericordiae,</span> <span class='ocrx_word' id='word_1_67' title='bbox 879 584 952 622; x_wconf 86' lang='lat' dir='ltr'>qua</span> <span class='ocrx_word' id='word_1_68' title='bbox 981 571 1122 607; x_wconf 87' lang='lat' dir='ltr'>factum</span> <span class='ocrx_word' id='word_1_69' title='bbox 1150 572 1206 606; x_wconf 87' lang='lat' dir='ltr'>est</span> <span class='ocrx_word' id='word_1_70' title='bbox 1233 572 1274 604; x_wconf 90' lang='lat' dir='ltr'>ut</span> <span class='ocrx_word' id='word_1_71' title='bbox 1302 566 1401 603; x_wconf 89' lang='lat' dir='ltr'>filius</span> <span class='ocrx_word' id='word_1_72' title='bbox 1430 564 1499 602; x_wconf 82' lang='lat' dir='ltr'>Dei</span> <span class='ocrx_word' id='word_1_73' title='bbox 1526 563 1624 600; x_wconf 88' lang='lat' dir='ltr'>idem</span> 
     </span>
     <span class='ocr_line' id='line_1_9' title="bbox 95 628 1627 686; baseline -0.011 -3"><span class='ocrx_word' id='word_1_74' title='bbox 95 644 293 683; x_wconf 87' lang='lat' dir='ltr'>nobiscum</span> <span class='ocrx_word' id='word_1_75' title='bbox 330 643 446 686; x_wconf 88' lang='lat' dir='ltr'>fieret,</span> <span class='ocrx_word' id='word_1_76' title='bbox 484 647 521 678; x_wconf 87' lang='lat' dir='ltr'>ut</span> <span class='ocrx_word' id='word_1_77' title='bbox 557 653 625 678; x_wconf 91' lang='lat' dir='ltr'>nos</span> <span class='ocrx_word' id='word_1_78' title='bbox 664 639 763 677; x_wconf 86' lang='lat' dir='ltr'>idem</span> <span class='ocrx_word' id='word_1_79' title='bbox 806 650 891 675; x_wconf 90' lang='lat' dir='ltr'>cum</span> <span class='ocrx_word' id='word_1_80' title='bbox 926 636 992 673; x_wconf 87' lang='lat' dir='ltr'>illo</span> <span class='ocrx_word' id='word_1_81' title='bbox 1031 634 1195 673; x_wconf 86' lang='lat' dir='ltr'>vicissim</span> <span class='ocrx_word' id='word_1_82' title='bbox 1232 646 1313 671; x_wconf 88' lang='lat' dir='ltr'>esse</span> <span class='ocrx_word' id='word_1_83' title='bbox 1340 631 1542 683; x_wconf 88' lang='lat' dir='ltr'>possimus,</span> <span class='ocrx_word' id='word_1_84' title='bbox 1569 628 1627 666; x_wconf 89' lang='lat' dir='ltr'>cui</span> 
     </span>
     <span class='ocr_line' id='line_1_10' title="bbox 96 696 1626 761; baseline -0.01 -14"><span class='ocrx_word' id='word_1_85' title='bbox 96 709 244 761; x_wconf 88' lang='lat' dir='ltr'>quidem</span> <span class='ocrx_word' id='word_1_86' title='bbox 284 708 421 746; x_wconf 91' lang='lat' dir='ltr'>henadi</span> <span class='ocrx_word' id='word_1_87' title='bbox 459 719 527 744; x_wconf 91' lang='lat' dir='ltr'>nos</span> <span class='ocrx_word' id='word_1_88' title='bbox 556 705 713 743; x_wconf 87' lang='lat' dir='ltr'>salutem</span> <span class='ocrx_word' id='word_1_89' title='bbox 751 708 916 740; x_wconf 88' lang='lat' dir='ltr'>nostram</span> <span class='ocrx_word' id='word_1_90' title='bbox 947 714 1095 738; x_wconf 88' lang='lat' dir='ltr'>omnem</span> <span class='ocrx_word' id='word_1_91' title='bbox 1125 699 1316 736; x_wconf 87' lang='lat' dir='ltr'>debemus.</span> <span class='ocrx_word' id='word_1_92' title='bbox 1370 696 1511 734; x_wconf 89' lang='lat' dir='ltr'>Oblato</span> <span class='ocrx_word' id='word_1_93' title='bbox 1541 707 1626 732; x_wconf 89' lang='lat' dir='ltr'>vero</span> 
     </span>
     <span class='ocr_line' id='line_1_11' title="bbox 97 759 1627 824; baseline -0.01 -13"><span class='ocrx_word' id='word_1_94' title='bbox 97 773 295 824; x_wconf 87' lang='lat' dir='ltr'>separatim</span> <span class='ocrx_word' id='word_1_95' title='bbox 329 772 442 809; x_wconf 91' lang='lat' dir='ltr'>etiam</span> <span class='ocrx_word' id='word_1_96' title='bbox 479 770 627 821; x_wconf 84' lang='lat' dir='ltr'>poculo,</span> <span class='ocrx_word' id='word_1_97' title='bbox 664 781 736 819; x_wconf 92' lang='lat' dir='ltr'>quo</span> <span class='ocrx_word' id='word_1_98' title='bbox 773 766 894 815; x_wconf 87' lang='lat' dir='ltr'>omnis</span> <span class='ocrx_word' id='word_1_99' title='bbox 922 765 1045 803; x_wconf 90' lang='lat' dir='ltr'>meriti</span> <span class='ocrx_word' id='word_1_100' title='bbox 1081 770 1116 801; x_wconf 90' lang='lat' dir='ltr'>et</span> <span class='ocrx_word' id='word_1_101' title='bbox 1142 762 1286 811; x_wconf 81' lang='lat' dir='ltr'>gloriae</span> <span class='ocrx_word' id='word_1_102' title='bbox 1312 774 1376 812; x_wconf 90' lang='lat' dir='ltr'>per</span> <span class='ocrx_word' id='word_1_103' title='bbox 1405 759 1627 809; x_wconf 79' lang='lat' dir='ltr'>sanguinem</span> 
     </span>
     <span class='ocr_line' id='line_1_12' title="bbox 99 825 1629 887; baseline -0.01 -12"><span class='ocrx_word' id='word_1_104' title='bbox 99 836 241 875; x_wconf 82' lang='lat' dir='ltr'>Christi</span> <span class='ocrx_word' id='word_1_105' title='bbox 276 835 500 887; x_wconf 78' lang='lat' dir='ltr'>promeritae</span> <span class='ocrx_word' id='word_1_106' title='bbox 538 832 751 871; x_wconf 87' lang='lat' dir='ltr'>communio</span> <span class='ocrx_word' id='word_1_107' title='bbox 788 831 828 868; x_wconf 90' lang='lat' dir='ltr'>in</span> <span class='ocrx_word' id='word_1_108' title='bbox 857 830 968 867; x_wconf 85' lang='lat' dir='ltr'>nobis</span> <span class='ocrx_word' id='word_1_109' title='bbox 997 828 1198 866; x_wconf 82' lang='lat' dir='ltr'>visibiliter</span> <span class='ocrx_word' id='word_1_110' title='bbox 1226 825 1463 874; x_wconf 81' lang='lat' dir='ltr'>obsignatur,</span> <span class='ocrx_word' id='word_1_111' title='bbox 1490 835 1629 874; x_wconf 88' lang='lat' dir='ltr'>propo-</span> 
     </span>
     <span class='ocr_line' id='line_1_13' title="bbox 101 889 1631 946; baseline -0.01 -7"><span class='ocrx_word' id='word_1_112' title='bbox 101 902 204 939; x_wconf 82' lang='lat' dir='ltr'>nitur</span> <span class='ocrx_word' id='word_1_113' title='bbox 234 900 344 937; x_wconf 91' lang='lat' dir='ltr'>nobis</span> <span class='ocrx_word' id='word_1_114' title='bbox 380 899 427 936; x_wconf 87' lang='lat' dir='ltr'>ad</span> <span class='ocrx_word' id='word_1_115' title='bbox 464 897 621 936; x_wconf 88' lang='lat' dir='ltr'>eundem</span> <span class='ocrx_word' id='word_1_116' title='bbox 651 896 802 933; x_wconf 88' lang='lat' dir='ltr'>modum</span> <span class='ocrx_word' id='word_1_117' title='bbox 831 894 1024 946; x_wconf 89' lang='lat' dir='ltr'>proprium</span> <span class='ocrx_word' id='word_1_118' title='bbox 1054 892 1203 929; x_wconf 87' lang='lat' dir='ltr'>divinae</span> <span class='ocrx_word' id='word_1_119' title='bbox 1228 889 1396 927; x_wconf 87' lang='lat' dir='ltr'>iustitiae</span> <span class='ocrx_word' id='word_1_120' title='bbox 1424 901 1531 938; x_wconf 89' lang='lat' dir='ltr'>opus,</span> <span class='ocrx_word' id='word_1_121' title='bbox 1557 899 1631 937; x_wconf 89' lang='lat' dir='ltr'>qua</span> 
     </span>
     <span class='ocr_line' id='line_1_14' title="bbox 101 950 1629 1010; baseline -0.011 -6"><span class='ocrx_word' id='word_1_122' title='bbox 101 967 241 1004; x_wconf 84' lang='lat' dir='ltr'>sactum</span> <span class='ocrx_word' id='word_1_123' title='bbox 271 970 338 1009; x_wconf 82' lang='lat' dir='ltr'>est,</span> <span class='ocrx_word' id='word_1_124' title='bbox 364 969 405 1002; x_wconf 93' lang='lat' dir='ltr'>ut</span> <span class='ocrx_word' id='word_1_125' title='bbox 434 964 472 1001; x_wconf 93' lang='lat' dir='ltr'>in</span> <span class='ocrx_word' id='word_1_126' title='bbox 502 975 612 1000; x_wconf 87' lang='lat' dir='ltr'>carne</span> <span class='ocrx_word' id='word_1_127' title='bbox 638 966 767 998; x_wconf 85' lang='lat' dir='ltr'>nostra</span> <span class='ocrx_word' id='word_1_128' title='bbox 795 958 957 1010; x_wconf 88' lang='lat' dir='ltr'>persolvi</span> <span class='ocrx_word' id='word_1_129' title='bbox 990 956 1207 1008; x_wconf 84' lang='lat' dir='ltr'>expiarique</span> <span class='ocrx_word' id='word_1_130' title='bbox 1234 954 1272 992; x_wconf 89' lang='lat' dir='ltr'>id</span> <span class='ocrx_word' id='word_1_131' title='bbox 1301 958 1501 1004; x_wconf 80' lang='lat' dir='ltr'>oporteret,</span> <span class='ocrx_word' id='word_1_132' title='bbox 1528 950 1629 1002; x_wconf 92' lang='lat' dir='ltr'>quod</span> 
     </span>
     <span class='ocr_line' id='line_1_15' title="bbox 103 1017 1632 1078; baseline -0.011 -10"><span class='ocrx_word' id='word_1_133' title='bbox 103 1036 252 1068; x_wconf 87' lang='lat' dir='ltr'>nostrae</span> <span class='ocrx_word' id='word_1_134' title='bbox 280 1028 383 1066; x_wconf 89' lang='lat' dir='ltr'>carni</span> <span class='ocrx_word' id='word_1_135' title='bbox 410 1028 448 1065; x_wconf 91' lang='lat' dir='ltr'>in</span> <span class='ocrx_word' id='word_1_136' title='bbox 476 1040 634 1078; x_wconf 88' lang='lat' dir='ltr'>poenam</span> <span class='ocrx_word' id='word_1_137' title='bbox 663 1024 909 1062; x_wconf 89' lang='lat' dir='ltr'>constitutum</span> <span class='ocrx_word' id='word_1_138' title='bbox 939 1025 1030 1068; x_wconf 88' lang='lat' dir='ltr'>erat,</span> <span class='ocrx_word' id='word_1_139' title='bbox 1058 1034 1123 1072; x_wconf 90' lang='lat' dir='ltr'>per</span> <span class='ocrx_word' id='word_1_140' title='bbox 1151 1033 1232 1057; x_wconf 88' lang='lat' dir='ltr'>eum</span> <span class='ocrx_word' id='word_1_141' title='bbox 1261 1018 1325 1069; x_wconf 92' lang='lat' dir='ltr'>qui</span> <span class='ocrx_word' id='word_1_142' title='bbox 1345 1017 1382 1054; x_wconf 86' lang='lat' dir='ltr'>id</span> <span class='ocrx_word' id='word_1_143' title='bbox 1407 1017 1510 1054; x_wconf 89' lang='lat' dir='ltr'>solus</span> <span class='ocrx_word' id='word_1_144' title='bbox 1529 1028 1632 1066; x_wconf 88' lang='lat' dir='ltr'>prae-</span> 
     </span>
     <span class='ocr_line' id='line_1_16' title="bbox 103 1081 1633 1146; baseline -0.01 -13"><span class='ocrx_word' id='word_1_145' title='bbox 103 1103 200 1134; x_wconf 86' lang='lat' dir='ltr'>stare</span> <span class='ocrx_word' id='word_1_146' title='bbox 228 1098 385 1146; x_wconf 87' lang='lat' dir='ltr'>poterat,</span> <span class='ocrx_word' id='word_1_147' title='bbox 415 1091 635 1130; x_wconf 83' lang='lat' dir='ltr'>Emmanuel</span> <span class='ocrx_word' id='word_1_148' title='bbox 665 1089 846 1134; x_wconf 83' lang='lat' dir='ltr'>Christus,</span> <span class='ocrx_word' id='word_1_149' title='bbox 875 1089 990 1138; x_wconf 88' lang='lat' dir='ltr'>fitque</span> <span class='ocrx_word' id='word_1_150' title='bbox 1018 1087 1104 1129; x_wconf 87' lang='lat' dir='ltr'>iam,</span> <span class='ocrx_word' id='word_1_151' title='bbox 1132 1089 1173 1122; x_wconf 92' lang='lat' dir='ltr'>ut</span> <span class='ocrx_word' id='word_1_152' title='bbox 1202 1083 1302 1135; x_wconf 92' lang='lat' dir='ltr'>quod</span> <span class='ocrx_word' id='word_1_153' title='bbox 1331 1082 1443 1120; x_wconf 90' lang='lat' dir='ltr'>semel</span> <span class='ocrx_word' id='word_1_154' title='bbox 1461 1081 1633 1132; x_wconf 88' lang='lat' dir='ltr'>persolu-</span> 
     </span>
     <span class='ocr_line' id='line_1_17' title="bbox 103 1146 1635 1206; baseline -0.012 -8"><span class='ocrx_word' id='word_1_155' title='bbox 103 1164 183 1198; x_wconf 88' lang='lat' dir='ltr'>tum</span> <span class='ocrx_word' id='word_1_156' title='bbox 221 1164 288 1202; x_wconf 87' lang='lat' dir='ltr'>est,</span> <span class='ocrx_word' id='word_1_157' title='bbox 326 1171 400 1195; x_wconf 92' lang='lat' dir='ltr'>non</span> <span class='ocrx_word' id='word_1_158' title='bbox 438 1156 598 1206; x_wconf 88' lang='lat' dir='ltr'>amplius</span> <span class='ocrx_word' id='word_1_159' title='bbox 632 1167 653 1191; x_wconf 89' lang='lat' dir='ltr'>a</span> <span class='ocrx_word' id='word_1_160' title='bbox 690 1152 799 1190; x_wconf 88' lang='lat' dir='ltr'>nobis</span> <span class='ocrx_word' id='word_1_161' title='bbox 836 1151 950 1199; x_wconf 81' lang='lat' dir='ltr'>exigi,</span> <span class='ocrx_word' id='word_1_162' title='bbox 986 1149 1161 1201; x_wconf 90' lang='lat' dir='ltr'>quodque</span> <span class='ocrx_word' id='word_1_163' title='bbox 1199 1147 1311 1185; x_wconf 90' lang='lat' dir='ltr'>semel</span> <span class='ocrx_word' id='word_1_164' title='bbox 1350 1146 1536 1196; x_wconf 84' lang='lat' dir='ltr'>expiatum</span> <span class='ocrx_word' id='word_1_165' title='bbox 1567 1148 1635 1189; x_wconf 89' lang='lat' dir='ltr'>est,</span> 
     </span>
     <span class='ocr_line' id='line_1_18' title="bbox 106 1207 1635 1273; baseline -0.012 -11"><span class='ocrx_word' id='word_1_166' title='bbox 106 1237 180 1262; x_wconf 93' lang='lat' dir='ltr'>non</span> <span class='ocrx_word' id='word_1_167' title='bbox 210 1223 371 1273; x_wconf 88' lang='lat' dir='ltr'>amplius</span> <span class='ocrx_word' id='word_1_168' title='bbox 398 1221 508 1259; x_wconf 87' lang='lat' dir='ltr'>etiam</span> <span class='ocrx_word' id='word_1_169' title='bbox 537 1220 578 1256; x_wconf 88' lang='lat' dir='ltr'>in</span> <span class='ocrx_word' id='word_1_170' title='bbox 607 1218 716 1256; x_wconf 88' lang='lat' dir='ltr'>nobis</span> <span class='ocrx_word' id='word_1_171' title='bbox 746 1214 990 1253; x_wconf 87' lang='lat' dir='ltr'>condemnari</span> <span class='ocrx_word' id='word_1_172' title='bbox 1016 1212 1147 1264; x_wconf 88' lang='lat' dir='ltr'>possit.</span> <span class='ocrx_word' id='word_1_173' title='bbox 1202 1212 1378 1248; x_wconf 85' lang='lat' dir='ltr'>Testatur</span> <span class='ocrx_word' id='word_1_174' title='bbox 1405 1222 1494 1258; x_wconf 90' lang='lat' dir='ltr'>ergo</span> <span class='ocrx_word' id='word_1_175' title='bbox 1524 1207 1635 1245; x_wconf 89' lang='lat' dir='ltr'>nobis</span> 
     </span>
     <span class='ocr_line' id='line_1_19' title="bbox 105 1274 1637 1340; baseline -0.012 -13"><span class='ocrx_word' id='word_1_176' title='bbox 105 1289 185 1340; x_wconf 87' lang='lat' dir='ltr'>ipsa</span> <span class='ocrx_word' id='word_1_177' title='bbox 224 1300 359 1325; x_wconf 90' lang='lat' dir='ltr'>coenae</span> <span class='ocrx_word' id='word_1_178' title='bbox 396 1284 551 1323; x_wconf 88' lang='lat' dir='ltr'>Domini</span> <span class='ocrx_word' id='word_1_179' title='bbox 588 1281 833 1325; x_wconf 79' lang='lat' dir='ltr'>caeremonia.</span> <span class='ocrx_word' id='word_1_180' title='bbox 867 1279 965 1317; x_wconf 88' lang='lat' dir='ltr'>haud</span> <span class='ocrx_word' id='word_1_181' title='bbox 1002 1290 1107 1316; x_wconf 88' lang='lat' dir='ltr'>secus</span> <span class='ocrx_word' id='word_1_182' title='bbox 1144 1276 1214 1314; x_wconf 86' lang='lat' dir='ltr'>Dei</span> <span class='ocrx_word' id='word_1_183' title='bbox 1248 1274 1390 1313; x_wconf 87' lang='lat' dir='ltr'>iustitia</span> <span class='ocrx_word' id='word_1_184' title='bbox 1428 1287 1496 1312; x_wconf 90' lang='lat' dir='ltr'>nos</span> <span class='ocrx_word' id='word_1_185' title='bbox 1523 1285 1637 1324; x_wconf 87' lang='lat' dir='ltr'>quam</span> 
     </span>
     <span class='ocr_line' id='line_1_20' title="bbox 105 1338 1638 1405; baseline -0.011 -14"><span class='ocrx_word' id='word_1_186' title='bbox 105 1355 187 1405; x_wconf 85' lang='lat' dir='ltr'>ipsa</span> <span class='ocrx_word' id='word_1_187' title='bbox 223 1350 481 1390; x_wconf 81' lang='lat' dir='ltr'>misericordia</span> <span class='ocrx_word' id='word_1_188' title='bbox 519 1347 670 1394; x_wconf 87' lang='lat' dir='ltr'>servari,</span> <span class='ocrx_word' id='word_1_189' title='bbox 708 1359 828 1397; x_wconf 90' lang='lat' dir='ltr'>neque</span> <span class='ocrx_word' id='word_1_190' title='bbox 865 1344 994 1382; x_wconf 84' lang='lat' dir='ltr'>haberi</span> <span class='ocrx_word' id='word_1_191' title='bbox 1021 1346 1147 1394; x_wconf 86' lang='lat' dir='ltr'>potest</span> <span class='ocrx_word' id='word_1_192' title='bbox 1174 1341 1294 1378; x_wconf 84' lang='lat' dir='ltr'>maior</span> <span class='ocrx_word' id='word_1_193' title='bbox 1324 1340 1398 1377; x_wconf 88' lang='lat' dir='ltr'>ulla</span> <span class='ocrx_word' id='word_1_194' title='bbox 1428 1338 1638 1388; x_wconf 87' lang='lat' dir='ltr'>certiorque</span> 
     </span>
     <span class='ocr_line' id='line_1_21' title="bbox 108 1401 1638 1461; baseline -0.011 -6"><span class='ocrx_word' id='word_1_195' title='bbox 108 1419 152 1455; x_wconf 93' lang='lat' dir='ltr'>de</span> <span class='ocrx_word' id='word_1_196' title='bbox 189 1417 306 1454; x_wconf 88' lang='lat' dir='ltr'>salute</span> <span class='ocrx_word' id='word_1_197' title='bbox 344 1419 471 1452; x_wconf 88' lang='lat' dir='ltr'>nostra</span> <span class='ocrx_word' id='word_1_198' title='bbox 502 1412 723 1458; x_wconf 87' lang='lat' dir='ltr'>consolatio,</span> <span class='ocrx_word' id='word_1_199' title='bbox 752 1423 863 1461; x_wconf 88' lang='lat' dir='ltr'>quam</span> <span class='ocrx_word' id='word_1_200' title='bbox 894 1409 981 1447; x_wconf 88' lang='lat' dir='ltr'>dum</span> <span class='ocrx_word' id='word_1_201' title='bbox 1010 1406 1254 1459; x_wconf 88' lang='lat' dir='ltr'>perspicimus</span> <span class='ocrx_word' id='word_1_202' title='bbox 1282 1405 1400 1455; x_wconf 83' lang='lat' dir='ltr'>ipsam</span> <span class='ocrx_word' id='word_1_203' title='bbox 1429 1403 1540 1441; x_wconf 87' lang='lat' dir='ltr'>etiam</span> <span class='ocrx_word' id='word_1_204' title='bbox 1569 1401 1638 1439; x_wconf 91' lang='lat' dir='ltr'>Dei</span> 
     </span>
     <span class='ocr_line' id='line_1_22' title="bbox 107 1468 1639 1528; baseline -0.011 -8"><span class='ocrx_word' id='word_1_205' title='bbox 107 1482 304 1525; x_wconf 89' lang='lat' dir='ltr'>iustitiam,</span> <span class='ocrx_word' id='word_1_206' title='bbox 339 1479 506 1517; x_wconf 90' lang='lat' dir='ltr'>omnium</span> <span class='ocrx_word' id='word_1_207' title='bbox 536 1477 679 1528; x_wconf 85' lang='lat' dir='ltr'>alioqui</span> <span class='ocrx_word' id='word_1_208' title='bbox 707 1479 947 1527; x_wconf 85' lang='lat' dir='ltr'>peccatorum</span> <span class='ocrx_word' id='word_1_209' title='bbox 974 1473 1149 1514; x_wconf 89' lang='lat' dir='ltr'>iudicem,</span> <span class='ocrx_word' id='word_1_210' title='bbox 1176 1470 1392 1508; x_wconf 91' lang='lat' dir='ltr'>adiumento</span> <span class='ocrx_word' id='word_1_211' title='bbox 1421 1468 1531 1505; x_wconf 91' lang='lat' dir='ltr'>nobis</span> <span class='ocrx_word' id='word_1_212' title='bbox 1558 1480 1639 1504; x_wconf 84' lang='lat' dir='ltr'>esse</span> 
     </span>
     <span class='ocr_line' id='line_1_23' title="bbox 109 1532 1638 1595; baseline -0.012 -9"><span class='ocrx_word' id='word_1_213' title='bbox 109 1547 155 1586; x_wconf 91' lang='lat' dir='ltr'>ad</span> <span class='ocrx_word' id='word_1_214' title='bbox 186 1547 358 1591; x_wconf 87' lang='lat' dir='ltr'>salutem,</span> <span class='ocrx_word' id='word_1_215' title='bbox 385 1550 497 1595; x_wconf 89' lang='lat' dir='ltr'>atque</span> <span class='ocrx_word' id='word_1_216' title='bbox 524 1543 617 1581; x_wconf 88' lang='lat' dir='ltr'>adeo</span> <span class='ocrx_word' id='word_1_217' title='bbox 639 1543 707 1579; x_wconf 87' lang='lat' dir='ltr'>hac</span> <span class='ocrx_word' id='word_1_218' title='bbox 726 1540 966 1592; x_wconf 86' lang='lat' dir='ltr'>potissimum</span> <span class='ocrx_word' id='word_1_219' title='bbox 985 1537 1089 1580; x_wconf 80' lang='lat' dir='ltr'>effici,</span> <span class='ocrx_word' id='word_1_220' title='bbox 1105 1540 1146 1574; x_wconf 87' lang='lat' dir='ltr'>ut</span> <span class='ocrx_word' id='word_1_221' title='bbox 1167 1535 1337 1573; x_wconf 87' lang='lat' dir='ltr'>damnari</span> <span class='ocrx_word' id='word_1_222' title='bbox 1357 1534 1517 1585; x_wconf 84' lang='lat' dir='ltr'>amplius</span> <span class='ocrx_word' id='word_1_223' title='bbox 1536 1532 1638 1571; x_wconf 91' lang='lat' dir='ltr'>nullo</span> 
     </span>
     <span class='ocr_line' id='line_1_24' title="bbox 109 1598 1640 1663; baseline -0.011 -12"><span class='ocrx_word' id='word_1_224' title='bbox 109 1614 222 1652; x_wconf 88' lang='lat' dir='ltr'>modo</span> <span class='ocrx_word' id='word_1_225' title='bbox 253 1611 451 1663; x_wconf 89' lang='lat' dir='ltr'>possimus,</span> <span class='ocrx_word' id='word_1_226' title='bbox 478 1615 738 1660; x_wconf 79' lang='lat' dir='ltr'>praeterquam</span> <span class='ocrx_word' id='word_1_227' title='bbox 767 1607 798 1644; x_wconf 89' lang='lat' dir='ltr'>si</span> <span class='ocrx_word' id='word_1_228' title='bbox 826 1618 895 1643; x_wconf 88' lang='lat' dir='ltr'>nos</span> <span class='ocrx_word' id='word_1_229' title='bbox 923 1619 943 1642; x_wconf 93' lang='lat' dir='ltr'>a</span> <span class='ocrx_word' id='word_1_230' title='bbox 973 1603 1092 1641; x_wconf 82' lang='lat' dir='ltr'>salute</span> <span class='ocrx_word' id='word_1_231' title='bbox 1121 1605 1336 1651; x_wconf 89' lang='lat' dir='ltr'>contemptu</span> <span class='ocrx_word' id='word_1_232' title='bbox 1358 1605 1487 1637; x_wconf 87' lang='lat' dir='ltr'>nostro</span> <span class='ocrx_word' id='word_1_233' title='bbox 1510 1598 1640 1635; x_wconf 83' lang='lat' dir='ltr'>volun-</span> 
     </span>
     <span class='ocr_line' id='line_1_25' title="bbox 109 1664 1642 1727; baseline -0.011 -10"><span class='ocrx_word' id='word_1_234' title='bbox 109 1679 206 1717; x_wconf 87' lang='lat' dir='ltr'>tario</span> <span class='ocrx_word' id='word_1_235' title='bbox 235 1680 320 1726; x_wconf 81' lang='lat'>(52)</span> <span class='ocrx_word' id='word_1_236' title='bbox 360 1676 509 1727; x_wconf 88' lang='lat' dir='ltr'>ipsimet</span> <span class='ocrx_word' id='word_1_237' title='bbox 545 1673 800 1712; x_wconf 85' lang='lat' dir='ltr'>excludamur.</span> <span class='ocrx_word' id='word_1_238' title='bbox 839 1671 925 1709; x_wconf 77' lang='lat' dir='ltr'>Quo</span> <span class='ocrx_word' id='word_1_239' title='bbox 956 1669 1074 1718; x_wconf 89' lang='lat' dir='ltr'>magis</span> <span class='ocrx_word' id='word_1_240' title='bbox 1103 1667 1239 1705; x_wconf 88' lang='lat' dir='ltr'>mirum</span> <span class='ocrx_word' id='word_1_241' title='bbox 1266 1671 1323 1703; x_wconf 89' lang='lat' dir='ltr'>est</span> <span class='ocrx_word' id='word_1_242' title='bbox 1351 1664 1538 1703; x_wconf 79' lang='lat' dir='ltr'>exstitisse</span> <span class='ocrx_word' id='word_1_243' title='bbox 1565 1676 1642 1707; x_wconf 87' lang='lat' dir='ltr'>eos,</span> 
     </span>
     <span class='ocr_line' id='line_1_26' title="bbox 109 1727 1640 1795; baseline -0.011 -14"><span class='ocrx_word' id='word_1_244' title='bbox 109 1744 174 1795; x_wconf 89' lang='lat' dir='ltr'>qui</span> <span class='ocrx_word' id='word_1_245' title='bbox 216 1744 508 1780; x_wconf 45' lang='lat' dir='ltr'>sacrosanctam*</span> <span class='ocrx_word' id='word_1_246' title='bbox 531 1739 628 1776; x_wconf 87' lang='lat' dir='ltr'>hanc</span> <span class='ocrx_word' id='word_1_247' title='bbox 666 1736 807 1787; x_wconf 85' lang='lat' dir='ltr'>Christi</span> <span class='ocrx_word' id='word_1_248' title='bbox 843 1734 1124 1779; x_wconf 85' lang='lat' dir='ltr'>institutionem</span> <span class='ocrx_word' id='word_1_249' title='bbox 1162 1731 1340 1768; x_wconf 89' lang='lat' dir='ltr'>violarint</span> <span class='ocrx_word' id='word_1_250' title='bbox 1375 1733 1546 1780; x_wconf 83' lang='lat' dir='ltr'>surrepto</span> <span class='ocrx_word' id='word_1_251' title='bbox 1584 1727 1640 1765; x_wconf 85' lang='lat' dir='ltr'>illi</span> 
     </span>
     <span class='ocr_line' id='line_1_27' title="bbox 110 1793 1643 1860; baseline -0.01 -15"><span class='ocrx_word' id='word_1_252' title='bbox 110 1807 237 1860; x_wconf 85' lang='lat' dir='ltr'>poculi</span> <span class='ocrx_word' id='word_1_253' title='bbox 263 1820 348 1851; x_wconf 90' lang='lat' dir='ltr'>usu,</span> <span class='ocrx_word' id='word_1_254' title='bbox 375 1818 418 1842; x_wconf 89' lang='lat' dir='ltr'>ac</span> <span class='ocrx_word' id='word_1_255' title='bbox 446 1804 594 1841; x_wconf 88' lang='lat' dir='ltr'>demum</span> <span class='ocrx_word' id='word_1_256' title='bbox 622 1803 734 1840; x_wconf 87' lang='lat' dir='ltr'>etiam</span> <span class='ocrx_word' id='word_1_257' title='bbox 762 1801 906 1838; x_wconf 89' lang='lat' dir='ltr'>idolum</span> <span class='ocrx_word' id='word_1_258' title='bbox 935 1812 979 1836; x_wconf 87' lang='lat' dir='ltr'>ex</span> <span class='ocrx_word' id='word_1_259' title='bbox 1006 1798 1072 1835; x_wconf 89' lang='lat' dir='ltr'>illa</span> <span class='ocrx_word' id='word_1_260' title='bbox 1101 1796 1270 1840; x_wconf 89' lang='lat' dir='ltr'>fecerint,</span> <span class='ocrx_word' id='word_1_261' title='bbox 1287 1807 1361 1845; x_wconf 91' lang='lat' dir='ltr'>quo</span> <span class='ocrx_word' id='word_1_262' title='bbox 1380 1793 1428 1831; x_wconf 88' lang='lat' dir='ltr'>ad</span> <span class='ocrx_word' id='word_1_263' title='bbox 1447 1797 1643 1844; x_wconf 87' lang='lat' dir='ltr'>quaestum</span> 
     </span>
     <span class='ocr_line' id='line_1_28' title="bbox 112 1855 1642 1920; baseline -0.012 -10"><span class='ocrx_word' id='word_1_264' title='bbox 112 1871 245 1910; x_wconf 86' lang='lat' dir='ltr'>deinde</span> <span class='ocrx_word' id='word_1_265' title='bbox 273 1883 382 1908; x_wconf 88' lang='lat' dir='ltr'>suum</span> <span class='ocrx_word' id='word_1_266' title='bbox 409 1867 626 1919; x_wconf 89' lang='lat' dir='ltr'>turpissime</span> <span class='ocrx_word' id='word_1_267' title='bbox 652 1866 908 1920; x_wconf 71' lang='lat' dir='ltr'>abuterentur.</span> <span class='ocrx_word' id='word_1_268' title='bbox 936 1863 1008 1900; x_wconf 86' lang='lat' dir='ltr'>Sed</span> <span class='ocrx_word' id='word_1_269' title='bbox 1037 1866 1072 1899; x_wconf 91' lang='lat' dir='ltr'>et</span> <span class='ocrx_word' id='word_1_270' title='bbox 1099 1873 1168 1898; x_wconf 91' lang='lat' dir='ltr'>nos</span> <span class='ocrx_word' id='word_1_271' title='bbox 1195 1859 1333 1911; x_wconf 89' lang='lat' dir='ltr'>pudere</span> <span class='ocrx_word' id='word_1_272' title='bbox 1361 1857 1523 1903; x_wconf 88' lang='lat' dir='ltr'>deberet,</span> <span class='ocrx_word' id='word_1_273' title='bbox 1543 1855 1642 1907; x_wconf 90' lang='lat' dir='ltr'>quod</span> 
     </span>
     <span class='ocr_line' id='line_1_29' title="bbox 114 1923 1643 1985; baseline -0.011 -10"><span class='ocrx_word' id='word_1_274' title='bbox 114 1942 218 1975; x_wconf 83' lang='lat' dir='ltr'>tanta</span> <span class='ocrx_word' id='word_1_275' title='bbox 254 1934 431 1985; x_wconf 86' lang='lat' dir='ltr'>mysteria</span> <span class='ocrx_word' id='word_1_276' title='bbox 467 1938 502 1970; x_wconf 89' lang='lat' dir='ltr'>et</span> <span class='ocrx_word' id='word_1_277' title='bbox 528 1938 603 1970; x_wconf 88' lang='lat' dir='ltr'>tam</span> <span class='ocrx_word' id='word_1_278' title='bbox 632 1944 716 1968; x_wconf 88' lang='lat' dir='ltr'>raro</span> <span class='ocrx_word' id='word_1_279' title='bbox 745 1935 780 1967; x_wconf 92' lang='lat' dir='ltr'>et</span> <span class='ocrx_word' id='word_1_280' title='bbox 808 1934 884 1967; x_wconf 88' lang='lat' dir='ltr'>tam</span> <span class='ocrx_word' id='word_1_281' title='bbox 912 1927 1147 1977; x_wconf 83' lang='lat' dir='ltr'>negligenter</span> <span class='ocrx_word' id='word_1_282' title='bbox 1174 1929 1390 1967; x_wconf 84' lang='lat' dir='ltr'>tractemus,</span> <span class='ocrx_word' id='word_1_283' title='bbox 1418 1923 1535 1960; x_wconf 89' lang='lat' dir='ltr'>multo</span> <span class='ocrx_word' id='word_1_284' title='bbox 1565 1935 1643 1959; x_wconf 81' lang='lat' dir='ltr'>ma-</span> 
     </span>
     <span class='ocr_line' id='line_1_30' title="bbox 113 1988 1645 2051; baseline -0.012 -12"><span class='ocrx_word' id='word_1_285' title='bbox 113 2002 172 2051; x_wconf 87' lang='lat' dir='ltr'>gis</span> <span class='ocrx_word' id='word_1_286' title='bbox 215 2006 335 2038; x_wconf 91' lang='lat' dir='ltr'>autem</span> <span class='ocrx_word' id='word_1_287' title='bbox 383 2011 459 2044; x_wconf 89' lang='lat' dir='ltr'>eos,</span> <span class='ocrx_word' id='word_1_288' title='bbox 497 1997 561 2047; x_wconf 90' lang='lat' dir='ltr'>qui</span> <span class='ocrx_word' id='word_1_289' title='bbox 599 1996 698 2032; x_wconf 81' lang='lat' dir='ltr'>circa</span> <span class='ocrx_word' id='word_1_290' title='bbox 734 1994 799 2031; x_wconf 86' lang='lat' dir='ltr'>illa</span> <span class='ocrx_word' id='word_1_291' title='bbox 839 1996 1099 2043; x_wconf 60' lang='grc' dir='ltr'><em>λογομαχὶκς</em></span> <span class='ocrx_word' id='word_1_292' title='bbox 1135 1988 1316 2040; x_wconf 90' lang='lat' dir='ltr'>quasdam</span> <span class='ocrx_word' id='word_1_293' title='bbox 1354 1991 1515 2031; x_wconf 91' lang='lat' dir='ltr'>struunt,</span> <span class='ocrx_word' id='word_1_294' title='bbox 1551 1998 1645 2036; x_wconf 83' lang='lat' dir='ltr'>quae</span> 
     </span>
     <span class='ocr_line' id='line_1_31' title="bbox 114 2050 1646 2117; baseline -0.012 -14"><span class='ocrx_word' id='word_1_295' title='bbox 114 2069 374 2117; x_wconf 85' lang='lat' dir='ltr'>praeterquam</span> <span class='ocrx_word' id='word_1_296' title='bbox 419 2062 521 2112; x_wconf 89' lang='lat' dir='ltr'>quod</span> <span class='ocrx_word' id='word_1_297' title='bbox 567 2060 677 2098; x_wconf 87' lang='lat' dir='ltr'>nihil·</span> <span class='ocrx_word' id='word_1_298' title='bbox 705 2059 751 2096; x_wconf 92' lang='lat' dir='ltr'>ad</span> <span class='ocrx_word' id='word_1_299' title='bbox 788 2058 963 2109; x_wconf 85' lang='lat' dir='ltr'>pietatem</span> <span class='ocrx_word' id='word_1_300' title='bbox 1002 2055 1159 2097; x_wconf 77' lang='lat' dir='ltr'>faciunt,</span> <span class='ocrx_word' id='word_1_301' title='bbox 1195 2051 1417 2104; x_wconf 86' lang='lat' dir='ltr'>perturbant</span> <span class='ocrx_word' id='word_1_302' title='bbox 1453 2050 1565 2088; x_wconf 89' lang='lat' dir='ltr'>etiam</span> <span class='ocrx_word' id='word_1_303' title='bbox 1602 2062 1646 2086; x_wconf 89' lang='lat' dir='ltr'>ac</span> 
     </span>
     <span class='ocr_line' id='line_1_32' title="bbox 116 2113 1645 2169; baseline -0.012 -2"><span class='ocrx_word' id='word_1_304' title='bbox 116 2129 294 2169; x_wconf 83' lang='lat' dir='ltr'>scindunt</span> <span class='ocrx_word' id='word_1_305' title='bbox 329 2126 587 2165; x_wconf 89' lang='lat' dir='ltr'>Ecclesiarum</span> <span class='ocrx_word' id='word_1_306' title='bbox 626 2122 853 2161; x_wconf 88' lang='lat' dir='ltr'>societatem.</span> <span class='ocrx_word' id='word_1_307' title='bbox 908 2119 998 2157; x_wconf 88' lang='lat' dir='ltr'>Plus</span> <span class='ocrx_word' id='word_1_308' title='bbox 1027 2118 1118 2155; x_wconf 84' lang='lat' dir='ltr'>satis</span> <span class='ocrx_word' id='word_1_309' title='bbox 1145 2121 1200 2155; x_wconf 88' lang='lat' dir='ltr'>est</span> <span class='ocrx_word' id='word_1_310' title='bbox 1229 2115 1473 2153; x_wconf 87' lang='lat' dir='ltr'>dissidiorum</span> <span class='ocrx_word' id='word_1_311' title='bbox 1500 2113 1645 2151; x_wconf 85' lang='lat' dir='ltr'>etiamsi</span> 
     </span>
     <span class='ocr_line' id='line_1_33' title="bbox 117 2177 1646 2239; baseline -0.011 -8"><span class='ocrx_word' id='word_1_312' title='bbox 117 2193 179 2231; x_wconf 90' lang='lat' dir='ltr'>hic</span> <span class='ocrx_word' id='word_1_313' title='bbox 206 2206 282 2230; x_wconf 88' lang='lat' dir='ltr'>non</span> <span class='ocrx_word' id='word_1_314' title='bbox 311 2191 489 2236; x_wconf 84' lang='lat' dir='ltr'>rixemur,</span> <span class='ocrx_word' id='word_1_315' title='bbox 517 2193 552 2227; x_wconf 88' lang='lat' dir='ltr'>et</span> <span class='ocrx_word' id='word_1_316' title='bbox 578 2191 784 2239; x_wconf 84' lang='lat' dir='ltr'>praestaret</span> <span class='ocrx_word' id='word_1_317' title='bbox 813 2185 884 2223; x_wconf 88' lang='lat' dir='ltr'>sub</span> <span class='ocrx_word' id='word_1_318' title='bbox 913 2184 970 2221; x_wconf 88' lang='lat' dir='ltr'>his</span> <span class='ocrx_word' id='word_1_319' title='bbox 999 2195 1101 2221; x_wconf 90' lang='lat' dir='ltr'>nunc</span> <span class='ocrx_word' id='word_1_320' title='bbox 1129 2181 1261 2219; x_wconf 89' lang='lat' dir='ltr'>mundi</span> <span class='ocrx_word' id='word_1_321' title='bbox 1288 2178 1513 2218; x_wconf 83' lang='lat' dir='ltr'>insanientis</span> <span class='ocrx_word' id='word_1_322' title='bbox 1538 2177 1646 2215; x_wconf 88' lang='lat' dir='ltr'>furiis</span> 
     </span>
     <span class='ocr_line' id='line_1_34' title="bbox 118 2242 1647 2298; baseline -0.011 -2"><span class='ocrx_word' id='word_1_323' title='bbox 118 2258 358 2297; x_wconf 88' lang='lat' dir='ltr'>dissidiorum</span> <span class='ocrx_word' id='word_1_324' title='bbox 388 2253 586 2293; x_wconf 88' lang='lat' dir='ltr'>seminaria</span> <span class='ocrx_word' id='word_1_325' title='bbox 615 2253 699 2290; x_wconf 83' lang='lat' dir='ltr'>tolli</span> <span class='ocrx_word' id='word_1_326' title='bbox 727 2250 849 2290; x_wconf 90' lang='lat' dir='ltr'>modis</span> <span class='ocrx_word' id='word_1_327' title='bbox 879 2249 1055 2286; x_wconf 88' lang='lat' dir='ltr'>omnibus</span> <span class='ocrx_word' id='word_1_328' title='bbox 1083 2260 1194 2298; x_wconf 91' lang='lat' dir='ltr'>quam</span> <span class='ocrx_word' id='word_1_329' title='bbox 1222 2245 1308 2290; x_wconf 90' lang='lat' dir='ltr'>seri,</span> <span class='ocrx_word' id='word_1_330' title='bbox 1334 2244 1385 2289; x_wconf 90' lang='lat' dir='ltr'>id,</span> <span class='ocrx_word' id='word_1_331' title='bbox 1413 2243 1514 2294; x_wconf 90' lang='lat' dir='ltr'>quod</span> <span class='ocrx_word' id='word_1_332' title='bbox 1541 2242 1647 2293; x_wconf 90' lang='lat' dir='ltr'>equi-</span> 
     </span>
     <span class='ocr_line' id='line_1_35' title="bbox 119 2307 1647 2361; baseline -0.012 0"><span class='ocrx_word' id='word_1_333' title='bbox 119 2324 203 2361; x_wconf 88' lang='lat' dir='ltr'>dem</span> <span class='ocrx_word' id='word_1_334' title='bbox 232 2323 300 2360; x_wconf 89' lang='lat' dir='ltr'>hac</span> <span class='ocrx_word' id='word_1_335' title='bbox 329 2321 475 2358; x_wconf 90' lang='lat' dir='ltr'>ratione</span> <span class='ocrx_word' id='word_1_336' title='bbox 503 2318 671 2356; x_wconf 87' lang='lat' dir='ltr'>omnium</span> <span class='ocrx_word' id='word_1_337' title='bbox 700 2316 888 2354; x_wconf 86' lang='lat' dir='ltr'>tutissime</span> <span class='ocrx_word' id='word_1_338' title='bbox 917 2313 1106 2357; x_wconf 75' lang='lat' dir='ltr'>iaciemus,</span> <span class='ocrx_word' id='word_1_339' title='bbox 1135 2310 1166 2349; x_wconf 90' lang='lat' dir='ltr'>si</span> <span class='ocrx_word' id='word_1_340' title='bbox 1193 2322 1342 2348; x_wconf 90' lang='lat' dir='ltr'>omnem</span> <span class='ocrx_word' id='word_1_341' title='bbox 1372 2312 1537 2346; x_wconf 84' lang='lat' dir='ltr'>nostram</span> <span class='ocrx_word' id='word_1_342' title='bbox 1556 2307 1647 2344; x_wconf 90' lang='lat' dir='ltr'>doc·</span> 
     </span>
     <span class='ocr_line' id='line_1_36' title="bbox 118 2373 1648 2428; baseline -0.011 -2"><span class='ocrx_word' id='word_1_343' title='bbox 118 2389 257 2426; x_wconf 87' lang='lat' dir='ltr'>trinam</span> <span class='ocrx_word' id='word_1_344' title='bbox 284 2387 383 2424; x_wconf 86' lang='lat' dir='ltr'>intra</span> <span class='ocrx_word' id='word_1_345' title='bbox 411 2398 474 2423; x_wconf 90' lang='lat' dir='ltr'>eos</span> <span class='ocrx_word' id='word_1_346' title='bbox 502 2381 594 2421; x_wconf 81' lang='lat' dir='ltr'>fines</span> <span class='ocrx_word' id='word_1_347' title='bbox 624 2382 895 2421; x_wconf 89' lang='lat' dir='ltr'>contineamus,</span> <span class='ocrx_word' id='word_1_348' title='bbox 922 2379 1022 2416; x_wconf 88' lang='lat' dir='ltr'>intra</span> <span class='ocrx_word' id='word_1_349' title='bbox 1050 2389 1145 2428; x_wconf 87' lang='lat' dir='ltr'>quos</span> <span class='ocrx_word' id='word_1_350' title='bbox 1173 2376 1275 2413; x_wconf 85' lang='lat' dir='ltr'>illam</span> <span class='ocrx_word' id='word_1_351' title='bbox 1305 2373 1468 2425; x_wconf 84' lang='lat' dir='ltr'>Spiritus</span> <span class='ocrx_word' id='word_1_352' title='bbox 1488 2373 1648 2410; x_wconf 87' lang='lat' dir='ltr'>Sanctus</span> 
     </span>
     <span class='ocr_line' id='line_1_37' title="bbox 120 2437 1647 2504; baseline -0.012 -13"><span class='ocrx_word' id='word_1_353' title='bbox 120 2467 184 2504; x_wconf 91' lang='lat' dir='ltr'>per</span> <span class='ocrx_word' id='word_1_354' title='bbox 213 2466 253 2489; x_wconf 89' lang='lat' dir='ltr'>os</span> <span class='ocrx_word' id='word_1_355' title='bbox 282 2450 548 2501; x_wconf 84' lang='lat' dir='ltr'>Apostolorum</span> <span class='ocrx_word' id='word_1_356' title='bbox 571 2446 766 2485; x_wconf 90' lang='lat' dir='ltr'>conclusit.</span> <span class='ocrx_word' id='word_1_357' title='bbox 799 2445 931 2495; x_wconf 88' lang='lat' dir='ltr'>Neque</span> <span class='ocrx_word' id='word_1_358' title='bbox 947 2442 1047 2481; x_wconf 90' lang='lat' dir='ltr'>enim</span> <span class='ocrx_word' id='word_1_359' title='bbox 1065 2453 1188 2478; x_wconf 86' lang='lat' dir='ltr'>errare</span> <span class='ocrx_word' id='word_1_360' title='bbox 1204 2439 1406 2490; x_wconf 89' lang='lat' dir='ltr'>poterimus</span> <span class='ocrx_word' id='word_1_361' title='bbox 1426 2437 1457 2474; x_wconf 84' lang='lat' dir='ltr'>si</span> <span class='ocrx_word' id='word_1_362' title='bbox 1478 2437 1538 2474; x_wconf 86' lang='lat' dir='ltr'>hic</span> <span class='ocrx_word' id='word_1_363' title='bbox 1557 2449 1647 2474; x_wconf 88' lang='lat' dir='ltr'>eon-</span> 
     </span>
     <span class='ocr_line' id='line_1_38' title="bbox 121 2501 1646 2561; baseline -0.012 -5"><span class='ocrx_word' id='word_1_364' title='bbox 121 2519 310 2561; x_wconf 83' lang='lat' dir='ltr'>sistamus‚</span> <span class='ocrx_word' id='word_1_365' title='bbox 328 2520 363 2553; x_wconf 90' lang='lat' dir='ltr'>et</span> <span class='ocrx_word' id='word_1_366' title='bbox 381 2527 488 2552; x_wconf 89' lang='lat' dir='ltr'>nemo</span> <span class='ocrx_word' id='word_1_367' title='bbox 509 2513 580 2551; x_wconf 88' lang='lat' dir='ltr'>erit</span> <span class='ocrx_word' id='word_1_368' title='bbox 598 2511 779 2555; x_wconf 90' lang='lat' dir='ltr'>omnium,</span> <span class='ocrx_word' id='word_1_369' title='bbox 797 2510 935 2560; x_wconf 87' lang='lat' dir='ltr'>quibus</span> <span class='ocrx_word' id='word_1_370' title='bbox 956 2506 1065 2544; x_wconf 88' lang='lat' dir='ltr'>modo</span> <span class='ocrx_word' id='word_1_371' title='bbox 1090 2505 1191 2543; x_wconf 86' lang='lat' dir='ltr'>credi</span> <span class='ocrx_word' id='word_1_372' title='bbox 1209 2504 1329 2552; x_wconf 73' lang='lat' dir='ltr'>(sies)</span> <span class='ocrx_word' id='word_1_373' title='bbox 1351 2503 1398 2540; x_wconf 87' lang='lat' dir='ltr'>sit</span> <span class='ocrx_word' id='word_1_374' title='bbox 1418 2515 1501 2539; x_wconf 85' lang='lat' dir='ltr'>vera</span> <span class='ocrx_word' id='word_1_375' title='bbox 1514 2501 1646 2550; x_wconf 88' lang='lat' dir='ltr'>religio</span> 
     </span>
     <span class='ocr_line' id='line_1_39' title="bbox 121 2565 1648 2635; baseline -0.013 -14"><span class='ocrx_word' id='word_1_376' title='bbox 121 2584 187 2635; x_wconf 90' lang='lat' dir='ltr'>qui</span> <span class='ocrx_word' id='word_1_377' title='bbox 215 2582 414 2620; x_wconf 90' lang='lat' dir='ltr'>consilium</span> <span class='ocrx_word' id='word_1_378' title='bbox 445 2580 514 2616; x_wconf 90' lang='lat' dir='ltr'>hoc</span> <span class='ocrx_word' id='word_1_379' title='bbox 543 2582 711 2616; x_wconf 86' lang='lat' dir='ltr'>nostrum</span> <span class='ocrx_word' id='word_1_380' title='bbox 742 2574 953 2625; x_wconf 88' lang='lat' dir='ltr'>improbare</span> <span class='ocrx_word' id='word_1_381' title='bbox 981 2571 1112 2622; x_wconf 84' lang='lat' dir='ltr'>possit.</span> <span class='ocrx_word' id='word_1_382' title='bbox 1141 2568 1304 2607; x_wconf 89' lang='lat' dir='ltr'>Proinde</span> <span class='ocrx_word' id='word_1_383' title='bbox 1324 2571 1359 2605; x_wconf 89' lang='lat' dir='ltr'>et</span> <span class='ocrx_word' id='word_1_384' title='bbox 1381 2579 1449 2604; x_wconf 89' lang='lat' dir='ltr'>nos</span> <span class='ocrx_word' id='word_1_385' title='bbox 1469 2565 1512 2603; x_wconf 93' lang='lat' dir='ltr'>de</span> <span class='ocrx_word' id='word_1_386' title='bbox 1533 2578 1648 2603; x_wconf 87' lang='lat' dir='ltr'>coena</span> 
     </span>
     <span class='ocr_line' id='line_1_40' title="bbox 122 2635 1647 2690; baseline -0.014 -4"><span class='ocrx_word' id='word_1_387' title='bbox 122 2647 277 2687; x_wconf 90' lang='lat' dir='ltr'>Domini</span> <span class='ocrx_word' id='word_1_388' title='bbox 304 2646 405 2683; x_wconf 89' lang='lat' dir='ltr'>aliud</span> <span class='ocrx_word' id='word_1_389' title='bbox 435 2644 566 2682; x_wconf 88' lang='lat' dir='ltr'>docere</span> <span class='ocrx_word' id='word_1_390' title='bbox 595 2642 782 2685; x_wconf 88' lang='lat' dir='ltr'>nolumus,</span> <span class='ocrx_word' id='word_1_391' title='bbox 810 2652 921 2690; x_wconf 87' lang='lat' dir='ltr'>quam</span> <span class='ocrx_word' id='word_1_392' title='bbox 950 2650 1044 2687; x_wconf 90' lang='lat' dir='ltr'>quae</span> <span class='ocrx_word' id='word_1_393' title='bbox 1071 2635 1118 2673; x_wconf 86' lang='lat' dir='ltr'>ad</span> <span class='ocrx_word' id='word_1_394' title='bbox 1139 2638 1308 2672; x_wconf 87' lang='lat' dir='ltr'>naturam</span> <span class='ocrx_word' id='word_1_395' title='bbox 1330 2635 1647 2669; x_wconf 82' lang='lat' dir='ltr'>sacramentorum</span> 
     </span>
     <span class='ocr_line' id='line_1_41' title="bbox 122 2692 1650 2764; baseline -0.014 -14"><span class='ocrx_word' id='word_1_396' title='bbox 122 2712 269 2764; x_wconf 88' lang='lat' dir='ltr'>proprie</span> <span class='ocrx_word' id='word_1_397' title='bbox 304 2710 488 2761; x_wconf 84' lang='lat' dir='ltr'>pertinere</span> <span class='ocrx_word' id='word_1_398' title='bbox 522 2712 557 2745; x_wconf 89' lang='lat' dir='ltr'>et</span> <span class='ocrx_word' id='word_1_399' title='bbox 596 2707 689 2744; x_wconf 85' lang='lat' dir='ltr'>citra</span> <span class='ocrx_word' id='word_1_400' title='bbox 726 2716 873 2741; x_wconf 85' lang='lat' dir='ltr'>omnem</span> <span class='ocrx_word' id='word_1_401' title='bbox 913 2698 1206 2738; x_wconf 87' lang='lat' dir='ltr'>controversiam</span> <span class='ocrx_word' id='word_1_402' title='bbox 1244 2711 1263 2735; x_wconf 90' lang='lat' dir='ltr'>e</span> <span class='ocrx_word' id='word_1_403' title='bbox 1298 2694 1494 2746; x_wconf 88' lang='lat' dir='ltr'>scripturis</span> <span class='ocrx_word' id='word_1_404' title='bbox 1523 2692 1650 2730; x_wconf 88' lang='lat' dir='ltr'>doceri</span> 
     </span>
     <span class='ocr_line' id='line_1_42' title="bbox 122 2760 1649 2829; baseline -0.013 -14"><span class='ocrx_word' id='word_1_405' title='bbox 122 2791 231 2829; x_wconf 86' lang='lat' dir='ltr'>posse</span> <span class='ocrx_word' id='word_1_406' title='bbox 259 2776 408 2813; x_wconf 89' lang='lat' dir='ltr'>scimus.</span> <span class='ocrx_word' id='word_1_407' title='bbox 439 2773 594 2810; x_wconf 84' lang='lat' dir='ltr'>Interim</span> <span class='ocrx_word' id='word_1_408' title='bbox 623 2783 709 2808; x_wconf 85' lang='lat' dir='ltr'>vero</span> <span class='ocrx_word' id='word_1_409' title='bbox 739 2769 961 2806; x_wconf 83' lang='lat' dir='ltr'>damnamus</span> <span class='ocrx_word' id='word_1_410' title='bbox 991 2762 1300 2802; x_wconf 85' lang='lat' dir='ltr'>sacramentarios</span> <span class='ocrx_word' id='word_1_411' title='bbox 1329 2760 1392 2811; x_wconf 89' lang='lat' dir='ltr'>qui</span> <span class='ocrx_word' id='word_1_412' title='bbox 1417 2762 1649 2796; x_wconf 87' lang='lat' dir='ltr'>sacramenta</span> 
     </span>
     <span class='ocr_line' id='line_1_43' title="bbox 121 2821 1649 2888; baseline -0.015 -9"><span class='ocrx_word' id='word_1_413' title='bbox 121 2840 222 2879; x_wconf 86' lang='lat' dir='ltr'>nuda</span> <span class='ocrx_word' id='word_1_414' title='bbox 265 2839 374 2888; x_wconf 86' lang='lat' dir='ltr'>signa</span> <span class='ocrx_word' id='word_1_415' title='bbox 416 2841 452 2874; x_wconf 87' lang='lat' dir='ltr'>et</span> <span class='ocrx_word' id='word_1_416' title='bbox 500 2836 682 2873; x_wconf 84' lang='lat' dir='ltr'>humanae</span> <span class='ocrx_word' id='word_1_417' title='bbox 725 2832 908 2870; x_wconf 77' lang='lat' dir='ltr'>duntaxat</span> <span class='ocrx_word' id='word_1_418' title='bbox 945 2827 1135 2867; x_wconf 84' lang='lat' dir='ltr'>societatis</span> <span class='ocrx_word' id='word_1_419' title='bbox 1174 2824 1346 2876; x_wconf 80' lang='lat' dir='ltr'>symbola</span> <span class='ocrx_word' id='word_1_420' title='bbox 1391 2821 1579 2873; x_wconf 87' lang='lat' dir='ltr'>appellant</span> <span class='ocrx_word' id='word_1_421' title='bbox 1614 2824 1649 2858; x_wconf 76' lang='lat' dir='ltr'>et</span> 
     </span>
    </p>
   </div>
  </div>
 </body>
</html>
