1818 3178
176 106 250 142 404
675 115 890 143 nespousm
917 117 1010 146 ADv.
1041 119 1206 147 nosmu.

174 214 274 264 quod
304 215 387 262 (30)
425 214 471 251 ab
506 214 569 252 illo
600 228 782 269 nusquam
810 216 953 256 dictum
980 231 1060 256 esse
1088 222 1246 264 constat,
1283 219 1355 257 nisi
1382 220 1413 257 si
1441 223 1476 258 et
1505 213 1695 259 Christum

174 278 295 328 ipsum
321 278 360 315 in
389 278 445 316 ius
474 291 606 317 vocare
634 280 778 327 volunt,
805 281 906 332 quod
935 282 1054 327 aliter,
1081 295 1191 333 quam
1219 283 1283 322 isti
1311 284 1461 330 vellent,
1489 285 1537 322 sit
1562 285 1699 336 loquu-

173 346 248 380 tus.
305 342 367 381 Me
404 356 490 381 vero
528 357 606 382 non
642 345 756 396 pudet
793 359 930 396 negare
963 361 983 385 a
1012 347 1164 385 Christo
1192 348 1291 386 dicta
1319 363 1410 394 esse,
1437 363 1531 401 quae
1559 350 1605 388 ab
1632 350 1698 388 illo

174 405 273 444 dicta
302 421 494 458 nunquam
523 421 603 446 esse
630 398 719 448 scio.
773 409 949 449 Viderint
977 414 1102 449 autem
1130 412 1292 450 Alberus
1320 418 1356 452 et
1383 414 1542 457 Hosius,
1567 418 1607 452 ut
1633 427 1697 452 eo-

172 484 252 508 rum
293 472 458 510 omnium
498 473 690 511 Christum
723 474 927 513 Dominum
963 480 1131 513 autorem
1167 489 1246 515 esse
1281 477 1370 515 olim
1405 478 1577 529 probent,
1605 492 1699 530 quae

173 536 243 574 sub
272 537 350 575 eius
380 537 531 576 nomine
558 538 712 577 obtrusa
741 539 853 578 nobis
879 539 1071 579 habemus.

763 668 1025 707 Articulus
1054 670 1113 708 11.

225 811 242 828 n
256 794 303 832 In
337 794 545 844 Euangelio
585 794 769 834 Matthaei
807 797 987 848 scriptum
1023 801 1089 844 est,
1126 797 1225 848 quod
1250 798 1422 837 Christus
1451 799 1593 838 dederit
1621 801 1697 839 suis

174 876 192 893 n
206 858 399 910 discipulis
437 860 602 907 calicem,
637 864 835 912 antequam
863 862 1082 912 protulisset
1108 862 1172 900 illa
1201 863 1333 901 verba:
1362 864 1438 901 Hic
1464 869 1520 902 est
1547 865 1698 914 sanguis

173 942 191 959 n
205 937 319 971 meus,
338 946 389 954 —
413 925 529 975 igitur
550 925 725 964 biberunt
744 926 799 964 illi
819 926 947 965 vinum
960 926 1174 979 simplex,et
1184 941 1260 966 non
1272 928 1492 978 sanguinem
1503 929 1701 970 Domini''.

793 1055 1079 1107 Responsio,

220 1182 270 1221 Et
305 1182 367 1221 hic
401 1195 479 1221 non
514 1184 636 1234 potuit
673 1184 805 1222 similis
842 1185 899 1223 sui
933 1186 973 1224 in
1011 1185 1275 1226 calumniando
1312 1199 1387 1224 non
1416 1199 1495 1225 esse
1520 1187 1698 1228 Alberus.

167 1247 334 1285 Primum
364 1247 466 1294 dum,
501 1261 596 1299 quae
633 1261 702 1297 ego
741 1262 784 1287 ex
822 1248 953 1288 Marco
980 1251 1143 1301 profero,
1170 1264 1211 1289 ea
1238 1263 1296 1288 me
1322 1251 1403 1302 ipse
1429 1264 1475 1289 ex
1504 1250 1696 1291 Matthaeo

166 1312 366 1363 protulisse
409 1312 559 1350 scribit:
598 1313 743 1358 deinde,
785 1314 886 1365 quod
931 1328 999 1365 ego
1035 1328 1100 1366 per
1136 1315 1472 1364 interrogationem
1516 1316 1698 1364 sciscitor,

169 1378 215 1416 de
241 1390 284 1415 eo
314 1391 371 1416 me
397 1377 476 1429 ipse
503 1378 605 1416 iuxta
644 1379 774 1430 capitis
815 1379 873 1417 sui
913 1380 1100 1418 somnium
1136 1380 1406 1431 pronunciasse
1442 1380 1584 1420 scribit.
1612 1383 1696 1430 (31)

169 1442 318 1480 Certum
355 1446 411 1480 est
438 1446 561 1480 autem
592 1442 762 1481 Marcum
790 1445 985 1491 affirmare,
1011 1444 1110 1495 quod
1140 1445 1317 1496 Apostoli
1342 1445 1445 1496 prius
1483 1445 1527 1484 de
1560 1446 1696 1497 poculo

165 1507 312 1545 Coenae
347 1506 546 1554 bibissent,
581 1521 694 1559 quam
732 1508 905 1547 Christus
941 1509 1053 1548 verba
1082 1510 1243 1554 Coenae,
1277 1523 1372 1560 quae
1400 1514 1537 1548 vocant
1565 1523 1695 1549 conse-

165 1571 338 1618 cratoria,
364 1572 664 1623 pronunciasset.
694 1572 801 1611 Quin
828 1576 864 1611 et
894 1573 1121 1619 Matthaeus,
1149 1578 1185 1612 et
1212 1574 1310 1612 idem
1339 1574 1492 1612 Marcus
1510 1575 1635 1621 etiam,
1653 1588 1696 1613 eo

165 1636 298 1675 ordine
324 1650 459 1688 panem
487 1650 507 1675 a
537 1637 688 1675 Christo
718 1638 913 1688 Apostolis
942 1638 1069 1676 datum
1097 1651 1176 1676 esse
1203 1639 1384 1685 referunt,
1411 1643 1452 1676 ut
1479 1651 1556 1677 non
1592 1639 1696 1690 prius
1730 1681 1732 1683 ,

164 1702 279 1740 verba
307 1701 352 1740 de
378 1715 474 1754 pane
501 1702 750 1753 pronunciata
778 1717 858 1741 esse
886 1703 1067 1749 scribant,
1094 1717 1206 1755 quam
1232 1704 1341 1755 panis
1368 1704 1443 1741 iam
1472 1703 1695 1742 distributus

165 1769 273 1804 esset.
302 1764 398 1803 Inde
425 1778 512 1804 vero
542 1778 610 1815 ego
639 1769 893 1816 argumentor,
908 1779 985 1804 non
998 1766 1170 1817 equidem
1189 1766 1369 1805 adversus
1390 1780 1513 1804 veram
1533 1779 1576 1804 ac
1596 1768 1695 1805 salu·

165 1834 282 1867 tarem
310 1829 478 1880 corporis
506 1833 542 1867 et
571 1830 767 1879 sanguinis
796 1830 937 1868 Christi
955 1831 991 1868 in
1015 1833 1142 1869 Coena
1160 1831 1499 1882 participationem,
1518 1832 1696 1882 quemad-

165 1893 316 1931 modum
362 1894 525 1931 Alberus
571 1894 829 1940 calumniatur,
866 1895 931 1933 sed
967 1895 1145 1933 adversus
1180 1896 1389 1934 doctrinam
1434 1896 1696 1934 Albericorum

166 1959 277 1997 simul
312 1963 348 1997 et
383 1958 640 1997 Hosianorum
680 1960 724 1997 de
761 1960 1046 1998 Elementorum
1081 1961 1228 1998 Coenae
1266 1960 1557 2006 consecratione,
1584 1975 1695 2012 quam

165 2023 222 2061 illi
243 2023 479 2062 constituunt
493 2024 533 2062 in
554 2024 742 2076 operativa
763 2025 890 2063 nescio
912 2039 985 2076 qua
1006 2038 1069 2076 per
1091 2025 1309 2064 Ministrum
1329 2026 1530 2064 verborum
1551 2026 1696 2064 Coenae

166 2088 443 2135 enunciatione,
480 2102 561 2126 cum
592 2102 660 2126 nos
690 2089 872 2128 elementa
903 2091 1060 2136 Coenae,
1088 2103 1165 2128 non
1193 2091 1366 2143 equidem
1394 2092 1559 2129 humano
1589 2104 1697 2143 opere

165 2153 256 2200 ullo,
284 2153 346 2190 sed
377 2153 514 2192 virtute
541 2153 682 2204 primae
709 2154 810 2192 illius
840 2154 1060 2197 Dominicae
1086 2155 1337 2194 institutionis
1366 2156 1604 2202 sanctificari,
1632 2169 1695 2194 seu

166 2216 206 2254 in
244 2228 390 2254 sacrum
424 2229 533 2254 usum
573 2219 761 2267 segregari
795 2223 831 2256 et
867 2218 1024 2269 mystica
1053 2220 1224 2269 symbola
1252 2222 1335 2268 (32)
1364 2220 1455 2257 effici
1484 2219 1695 2259 doceamus.

166 2282 456 2331 Argumentatio
483 2295 596 2333 porro
625 2296 704 2321 mea
735 2283 788 2321 sic
815 2283 946 2322 habet:
977 2284 1016 2321 Si
1044 2285 1311 2322 elementorum
1335 2285 1480 2322 Coenae
1500 2297 1694 2323 consecra-

165 2345 219 2383 tio
257 2350 402 2384 constet
438 2347 635 2385 verborum
675 2348 821 2386 Coenae
849 2348 1126 2396 enunciatione,
1153 2353 1189 2387 et
1218 2348 1368 2387 Marcus
1397 2349 1441 2388 de
1467 2350 1602 2400 poculo
1630 2362 1694 2387 ex·

167 2423 293 2461 presse
328 2415 498 2457 testatur,
536 2412 741 2463 Apostolos
778 2412 881 2463 prius
920 2413 1074 2460 bibisse,
1108 2427 1221 2464 quam
1250 2413 1359 2451 verba
1388 2413 1468 2465 ipsa
1495 2428 1514 2451 a
1544 2414 1693 2451 Christo

168 2476 331 2513 Domino
368 2477 614 2528 pronunciata
651 2482 786 2524 essent,
820 2483 932 2529 atque
968 2478 1068 2517 idem
1098 2479 1250 2516 Marcus
1279 2479 1390 2517 etiam
1417 2483 1452 2517 et
1482 2478 1694 2517 Matthaeus

169 2545 358 2592 praeterea
395 2542 440 2579 de
475 2555 570 2593 pane
606 2542 736 2580 eodem
774 2547 940 2594 spectare
974 2544 1159 2589 videntur,
1193 2566 1244 2574 —
1271 2544 1446 2596 quidnam
1475 2543 1630 2581 ederunt
1659 2549 1693 2582 et

166 2605 344 2643 biberunt
373 2606 547 2656 Apostoli
574 2608 661 2645 ante
687 2607 825 2645 factam
854 2609 1177 2646 consecrationem
1205 2621 1268 2659 per
1290 2608 1484 2646 verborum
1501 2608 1693 2646 recitatio-

169 2671 281 2707 nem?
310 2669 473 2720 Petoque
500 2674 540 2708 ut
569 2670 740 2709 doctores
769 2670 1001 2723 operatoriae
1027 2672 1130 2709 illius
1159 2685 1223 2723 per
1251 2672 1469 2710 Ministrum
1499 2684 1693 2710 consecra-

167 2734 284 2772 tionis
320 2733 381 2770 hie
414 2733 508 2771 mihi
544 2735 807 2786 respondeant,
834 2736 898 2787 qui
926 2736 1028 2774 aliud
1057 2749 1145 2775 sane
1172 2736 1395 2787 respondere
1422 2748 1498 2773 non
1524 2741 1696 2786 possunt,

169 2811 282 2850 quam
309 2802 373 2836 aut
402 2798 608 2850 simplicem
628 2801 785 2838 omnino
805 2815 937 2852 panem
957 2806 993 2839 et
1012 2802 1170 2853 simplex
1189 2802 1300 2840 etiam
1317 2801 1444 2839 vinum
1461 2801 1508 2838 ab
1528 2803 1693 2852 Aposto-

169 2864 215 2902 lis
235 2868 422 2916 sumptum
442 2876 520 2903 esse
539 2867 624 2904 ante
640 2864 743 2904 illam
764 2866 1094 2913 consecrationem,
1113 2871 1188 2914 aut,
1208 2867 1239 2905 si
1256 2867 1336 2917 ipsa
1351 2866 1498 2905 Coenae
1511 2866 1691 2906 elementa
