1818 3178
749 137 990 168 PRAEFATIO.
1491 125 1629 159 XXXIX

108 255 176 298 22.
208 251 356 295 Brevis
368 249 463 293 fidei
479 247 725 304 exploratio.
744 245 807 287 ed.
833 244 945 287 1553

273 322 467 380 (belgice)
504 319 615 362 1555
652 318 830 375 (latine).
977 314 1103 370 prim.
1137 313 1204 355 cit.
1236 311 1288 354 ab
1319 311 1357 353 le
1387 309 1528 365 Long.

109 396 177 440 23.
210 394 429 439 Confessio
461 393 512 435 de
535 391 830 433 communione
852 401 948 430 cum

269 465 450 509 Christo.
482 464 609 505 1554.
1031 481 1051 506 u
1146 479 1167 503 υ
1233 477 1254 502 n
1321 453 1498 497 Adamo.

107 539 173 580 24.
206 534 456 578 Catechism.
489 532 717 575 Eindanus.
754 530 878 573 1554.
1027 550 1047 575 η
1143 547 1165 573 n
1230 547 1251 573 η
1316 520 1630 566 Harckcnroth.

106 610 175 653 25.
206 609 366 651 Forma
397 622 445 649 ac
466 606 587 657 ratio,
613 619 739 660 quam
759 601 939 645 scribere

266 695 386 723 orsus
416 686 478 721 est
510 678 635 728 1553,
669 677 732 718 ed.
766 675 894 717 1555.
1028 695 1049 719 n
1142 692 1164 718 η
1229 693 1250 718 η
1314 669 1495 711 Adamo.

107 755 174 798 26.
207 753 286 810 Ep.
328 751 402 794 III
443 751 492 793 de
536 757 649 792 recta
680 747 794 791 Eccl.
827 746 941 788 insti-

206 875 208 877 ,
265 823 406 866 tuend.
440 823 613 873 ratione,
647 822 792 886 scrips.
819 817 945 867 1555,

267 897 330 940 ed.
368 896 492 939 1556.
1031 910 1052 936 υ
1149 908 1169 934 υ
1235 907 1256 932 υ
1321 883 1503 926 Adamo.

103 972 171 1012 27.
201 968 408 1026 Purgatio
421 961 967 1009 E001.Francof.ed.155ss.
1032 981 1053 1006 u
1148 980 1169 1005 n
1234 980 1255 1005 ts
1319 955 1499 997 AdeO·

104 1042 172 1083 28.
204 1038 438 1095 Responsio
459 1036 551 1078 adv,
573 1035 770 1081 Hosimn,
794 1032 937 1088 scrip&

266 1117 306 1152 et
336 1109 398 1151 ed.
434 1108 559 1151 1559.
967 1115 1177 1158 nusquam
1210 1100 1348 1142 citata.

105 1186 171 1227 29.
203 1181 436 1239 Responsio
488 1179 579 1222 κιὼν.
628 1176 939 1233 VVestphalum,

265 1253 365 1295 exist.
397 1252 521 1294 1560.
1028 1266 1050 1292 J}
1145 1265 1165 1289 ll
1231 1266 1252 1292 η
1316 1240 1498 1283 Adamo.

103 1328 170 1371 30.
203 1326 394 1368 Diversa.

101 1511 170 1554 31.
206 1507 405 1552 Minutila
446 1521 522 1549 sua
562 1504 701 1548 attulit
732 1505 772 1546 in
805 1503 859 1545 N.
891 1502 942 1544 T.

264 1579 425 1637 belgice
442 1577 656 1628 vertendo,
682 1591 788 1632 quae
806 1574 943 1616 versio

267 1657 412 1694 autore
449 1648 691 1692 Utenhovio
713 1647 810 1689 exiit
838 1646 936 1688 Em-

264 1724 341 1766 dae
373 1722 482 1778 apud
506 1720 561 1764 G.
585 1718 843 1763 Ctematium
867 1735 939 1761 an-

265 1811 319 1838 no
352 1795 476 1838 1556.
512 1795 600 1837 160.
969 1791 1093 1848 prim.
1126 1790 1192 1832 cit.
1225 1804 1248 1830 a
1279 1788 1317 1830 le
1349 1787 1488 1844 Long.

103 1870 171 1912 32.
204 1867 441 1912 Primarius
480 1864 763 1908 collaborator
792 1863 870 1906 fuit
902 1863 944 1905 in

263 1939 380 1983 Sacr.
424 1937 580 1994 Script.
626 1936 820 1993 polonice
851 1950 940 1977 ver-

265 2011 411 2064 tendis,
446 2026 553 2065 quae
585 2010 721 2051 versio
753 2024 790 2052 a.
813 2007 939 2051 1563.

266 2083 505 2126 Bresciniae
536 2082 646 2124 exiit.
1029 2102 1050 2126 u
1145 2101 1166 2126 η
1231 2100 1252 2125 u
1306 2073 1631 2132 Ringeltauben.

162 2270 283 2312 Haec
323 2269 454 2325 igitur
496 2267 651 2323 scripta
693 2265 838 2308 ordine
876 2262 1166 2314 lustrabimur,
1201 2277 1223 2303 a
1255 2260 1406 2318 spuriis
1439 2259 1634 2302 facientes

106 2341 285 2385 initium.

689 2408 746 2451 A.
806 2405 1055 2451 SPURIA.

108 2597 146 2638 1.
191 2593 344 2636 MELos
376 2602 692 2634 RETROGRADUM
725 2602 777 2630 AD
807 2600 1007 2630 CAROLUM
1040 2599 1374 2629 snDERMANMAE
1415 2598 1556 2627 DUCEM
1591 2584 1637 2638 ¹).

167 2703 482 2761 Retrogradum
515 2703 594 2744 hoc
636 2714 806 2743 carmen
855 2698 1022 2748 dieitur,
1067 2697 1177 2753 quod
1219 2697 1266 2739 ad
1300 2695 1515 2738 dimidium
1547 2708 1635 2734 ver-

107 2790 201 2818 sum
247 2787 516 2831 progressum
566 2767 802 2825 retrogredi
846 2766 1012 2808 videtur
1053 2774 1093 2808 et
1137 2765 1281 2809 iisdem
1325 2764 1449 2822 plane
1490 2762 1636 2805 litteris

151 2925 176 2965 ¹)
200 2922 332 2964 Legitur
355 2920 440 2963 apud
463 2919 667 2956 ΕΕΕΗΕΒΗΜ,
690 2927 719 2950 o.
742 2916 763 2949 l.
791 2915 824 2949 V.
848 2917 877 2948 l.
903 2915 994 2951 18212.
