1818 3178
246 148 289 181 13
699 149 750 175 nn
777 146 940 174 cumen
969 144 1288 173 INOARNATJONE.

246 253 413 303 equidem
449 250 596 288 alterius
632 248 754 293 ullius,
791 248 865 284 sive
901 260 920 283 c
948 247 1062 289 eoeIO,
1089 248 1165 287 sive
1192 249 1336 301 uspiam
1364 246 1514 285 aliunde
1542 245 1754 296 desumptae

244 316 376 358 carnis,
410 326 526 363 neque
560 311 708 349 alterius
742 311 828 348 item
863 310 974 347 ullius
1010 312 1214 360 sanguinis,
1250 311 1313 350 sed
1352 312 1546 349 eorundem
1575 312 1752 360 ipsorum,

245 392 397 430 quorum
443 377 611 415 videlicet
654 377 757 426 pueri
799 376 854 412 illi
888 376 975 423 (sub
1012 389 1167 426 quorum
1205 377 1356 414 nomine
1392 388 1461 413 nos
1498 374 1752 422 designamur)

243 442 436 492 participes
471 440 571 490 prius
606 440 788 476 fuissent?
826 438 912 475 Hoc
946 452 1032 477 sane
1068 440 1176 477 nobis
1215 440 1357 477 indicat
1391 439 1539 477 additus
1576 437 1753 474 articulus

245 512 320 547 τῶν
357 507 498 549 αὐτῶν,
531 508 571 541 ut
611 503 656 541 de
690 504 761 540 alia
798 516 1016 553 quacunque
1052 516 1172 550 carne,
1207 505 1326 542 aliove
1352 504 1439 541 item
1471 503 1545 540 ullo
1574 501 1755 551 sanguine

243 568 438 617 imaginari
474 580 548 605 non
582 567 776 617 possimus.
832 567 1070 604 Manifestum
1105 572 1160 605 est
1195 567 1310 616 igitur
1345 580 1389 604 ex
1426 566 1497 603 hoc
1524 566 1631 604 Pauli
1658 565 1757 611 loco,

245 632 377 669 Filium
404 631 473 669 Dei
490 644 565 669 non
586 631 871 668 commutatione
889 632 978 675 ulla,
996 631 1247 670 desertioneve
1265 631 1399 682 prioris
1422 644 1509 668 suae
1527 629 1755 673 existentiae,

246 696 308 733 sed
334 696 413 746 ipsa
441 695 561 733 carnis
587 698 735 732 nostrae
752 695 1048 745 participatione,
1068 696 1225 732 sormam
1247 695 1343 732 servi
1365 694 1617 744 assumpsisse,
1637 706 1756 744 neque

244 759 301 797 vcl
329 759 478 796 desiisse
504 772 583 796 esse
608 758 706 809 quod
734 758 834 809 prius
860 762 947 802 erat,
974 759 1031 796 vel
1057 759 1217 809 priorem
1235 759 1391 795 formam
1410 771 1512 795 suam
1532 757 1754 804 deseruisse;

244 823 307 861 sed
334 836 412 861 esse
437 827 474 861 et
500 835 598 860 nunc
625 822 724 872 quod
750 823 850 872 prius
877 827 965 866 erat,
992 827 1027 860 et
1053 823 1211 860 formam
1236 822 1396 872 priorem
1424 834 1528 859 suam
1555 821 1755 872 (tantisper

246 888 331 925 dum
356 887 393 924 in
422 887 529 925 terris
556 887 604 934 (C
622 887 697 934 iiia)
725 889 946 934 versaretur)
974 899 1082 924 carne
1109 886 1346 924 humanitatis
1368 889 1515 923 nostrae
1534 885 1753 923 contexisse.

295 951 426 1002 Neque
468 964 554 988 vero
597 950 659 987 hic
704 951 839 999 urgebo
884 951 994 988 verba
1038 951 1103 988 illa
1144 951 1263 994 Pauli,
1307 950 1441 1000 quibus
1485 953 1522 987 et
1557 962 1653 995 eum,
1689 948 1755 999 qui

245 1015 464 1059 sanctificat,
507 1019 543 1052 et
581 1015 643 1064 qui
679 1014 941 1057 sanctificatur,
984 1027 1028 1051 ex
1073 1027 1147 1051 uno
1184 1014 1324 1051 omneis
1361 1026 1439 1051 esse
1482 1013 1600 1059 docet,
1637 1013 1753 1049 dona-

246 1080 439 1129 bimusque
474 1079 555 1124 tibi,
591 1082 630 1115 ut
664 1078 710 1115 ad
745 1078 861 1116 Deum
896 1079 959 1115 illa
987 1078 1315 1129 (quemadmodum
1343 1078 1429 1125 vis),
1457 1090 1533 1115 non
1560 1082 1679 1114 autem
1707 1076 1754 1114 ad

246 1143 431 1180 Adamum
458 1142 604 1187 referas,
630 1141 772 1179 etiamsi
792 1141 872 1192 ipsa
890 1142 996 1179 Pauli
1014 1142 1132 1178 oratio
1155 1142 1251 1178 aliud
1268 1154 1418 1192 poscere
1440 1141 1619 1178 videatur.
1649 1140 1755 1177 Certe

246 1206 358 1243 verba
392 1206 482 1243 haec
516 1205 663 1242 cludere
698 1205 810 1242 nullis
846 1219 1010 1255 unquam
1039 1206 1180 1242 cavillis
1208 1205 1356 1256 poteris.
1385 1205 1520 1255 quibus
1547 1204 1683 1242 Paulus
1711 1195 1757 1240 de

247 1282 458 1320 puerorum,
489 1269 559 1306 1100
587 1274 653 1314 est,
681 1269 725 1306 de
753 1274 877 1306 nostra
906 1282 1026 1313 carne,
1054 1269 1168 1319 deque
1196 1274 1322 1306 nostro
1351 1269 1530 1317 sanguine
1557 1269 1756 1319 praefatuS‚

248 1331 382 1368 Filium
427 1329 497 1366 Dei
541 1331 735 1367 eorundem
780 1333 964 1378 zpsorum,
1006 1329 1117 1379 idque
1151 1332 1314 1367 similiter
1350 1332 1573 1378 participem
1602 1331 1753 1378 filetum

246 1408 333 1440 esse,
368 1405 535 1444 expresse
569 1396 738 1430 testatur.
790 1393 870 1430 Iam
906 1397 940 1430 et
975 1393 1068 1429 illud
1103 1394 1240 1430 frustra
1276 1393 1385 1430 nobis
1420 1393 1558 1443 eripere
1595 1393 1754 1435 conaris,

244 1458 343 1509 quod
371 1471 457 1495 mox
485 1458 528 1494 de
555 1462 740 1507 assumpto
769 1457 907 1494 semine
934 1457 1107 1494 Abrahae
1135 1457 1310 1507 sequitur.
1351 1457 1418 1495 Ais
1445 1458 1543 1495 enim
1562 1471 1752 1495 assumen-

245 1521 283 1558 di
310 1521 420 1559 verbo
450 1521 635 1569 designari
661 1520 733 1563 hic,
760 1534 835 1557 non
864 1525 1014 1558 naturae
1041 1521 1361 1571 participationem
1385 1522 1508 1564 ullam,
1526 1522 1588 1559 sed
1608 1521 1647 1559 in
1667 1535 1755 1570 gra-

242 1586 334 1623 tiam
368 1585 668 1636 aeeeptationem,
702 1588 741 1621 ut
776 1585 1016 1635 assumpsisse
1051 1585 1122 1621 hoc
1156 1585 1237 1622 loeo
1274 1587 1327 1632 (te
1363 1585 1510 1635 quidem
1540 1586 1755 1635 interprete)

245 1649 341 1686 nihil
374 1648 473 1685 aliud
510 1649 568 1694 sit,
603 1661 710 1698 quam
747 1648 786 1684 iu
812 1649 967 1696 gratiam
998 1649 1197 1698 reeepisse3
1226 1661 1344 1698 neque
1370 1648 1470 1686 aliud
1498 1648 1558 1686 hie
1586 1649 1708 1686 doceri
1735 1663 1755 1686 a

245 1714 373 1758 Paulo,
408 1726 518 1763 quam
555 1712 654 1762 quod
689 1712 806 1748 Filius
842 1711 924 1755 Dei,
951 1725 1023 1749 non
1053 1712 1205 1761 angelos
1233 1712 1340 1757 ullos,
1368 1712 1431 1749 sed
1458 1712 1633 1749 Abrahae
1661 1712 1756 1749 dun-

244 1780 347 1814 taxat
373 1789 496 1814 scmen
523 1776 562 1812 in
588 1775 747 1824 gratiam
775 1775 962 1825 receperit.
992 1777 1042 1812 At
1069 1788 1154 1813 vero
1182 1779 1283 1813 totus
1311 1776 1416 1813 Pauli
1444 1788 1563 1813 sermo
1590 1780 1756 1814 versatur

246 1840 307 1877 hic
336 1839 431 1877 circa
457 1839 772 1876 assimiliationem
798 1838 885 1875 Filii
909 1838 974 1876 Dei
992 1839 1038 1876 ad
1058 1839 1255 1888 imaginem
1277 1844 1424 1877 nostrae
1448 1839 1646 1886 servitutis,
1663 1853 1756 1890 quae

245 1903 393 1955 quidem
429 1906 572 1940 constat
606 1902 726 1940 earnis
762 1903 808 1950 (C
835 1903 911 1950 iiib)
947 1906 1095 1940 nostrae
1129 1903 1422 1953 participatione,
1459 1916 1535 1941 non
1562 1907 1682 1942 autem
1710 1903 1755 1941 de

244 1971 371 2005 nostra
398 1967 648 2017 acceptatione
676 1966 849 2017 disputat.
880 1967 1004 2004 Quare
1031 1967 1262 2017 perspicuum
1289 1971 1343 2004 est
1370 1967 1524 2004 verbum
1543 1966 1754 2004 assumendi

244 2031 306 2068 hic
337 2044 413 2068 non
446 2035 522 2068 tam
549 2031 595 2068 ad
621 2031 907 2081 acceptationem
939 2032 997 2077 (ut
1025 2035 1064 2068 tu
1091 2031 1176 2078 vis),
1204 2030 1266 2068 sed
1294 2030 1340 2068 ad
1367 2031 1520 2068 eandem
1547 2031 1681 2081 potius,
1709 2030 1753 2068 de

244 2085 421 2145 qua'toto
448 2093 711 2145 propemodum
740 2094 810 2131 hoc
837 2094 954 2144 eapite
981 2095 1114 2143 agitur,
1141 2098 1326 2144 ὁμοίωσιν,
1352 2099 1387 2133 et
1415 2094 1570 2145 proinde
1596 2094 1641 2132 ad
1665 2107 1753 2145 par-

241 2159 494 2209 ticipationem
529 2171 674 2208 quoque
707 2158 900 2208 pertinere.
953 2158 1095 2195 Deinde
1131 2171 1211 2196 cum
1248 2163 1349 2196 extra
1378 2158 1664 2196 controversiam
1693 2158 1752 2202 sit,

242 2223 340 2260 idem
376 2222 528 2260 verbum
561 2222 660 2272 apud
693 2222 849 2259 eundem
876 2222 1026 2260 Paulum
1055 2222 1093 2260 in
1121 2222 1249 2260 eodem
1277 2228 1494 2271 argumento
1521 2222 1568 2259 ad
1596 2221 1749 2260 eandem

243 2290 390 2323 nostrae
424 2285 611 2323 servitutis
644 2285 957 2322 assimiliationem
992 2286 1132 2331 referri,
1169 2286 1254 2323 dum
1292 2286 1447 2322 formam
1486 2284 1580 2322 servi
1615 2298 1635 2322 a
1673 2285 1750 2322 filio

244 2349 314 2387 Dei
340 2353 564 2399 assumptam
591 2362 670 2386 esse
697 2349 815 2395 docet,
841 2371 891 2378 -
917 2350 1032 2387 multo
1061 2350 1121 2387 hic
1148 2350 1353 2387 evidentius
1380 2352 1541 2400 apparet,
1568 2361 1644 2386 non
1674 2349 1749 2386 alio

243 2414 335 2452 illud
363 2414 493 2451 referri
519 2426 636 2463 posse,
662 2426 771 2464 quam
800 2414 845 2450 ad
871 2414 1023 2452 eandem
1052 2414 1214 2452 eiusdem
1230 2414 1316 2452 Filii
1331 2413 1399 2451 Dei
1418 2413 1610 2451 nobiscum
1632 2431 1751 2463 μετο-

243 2483 331 2528 χήυ,
364 2480 555 2527 propterca
590 2477 689 2526 quod
725 2476 849 2514 addita
876 2478 1053 2528 particula
1081 2476 1148 2518 ἐπί
1173 2479 1284 2528 (quae
1310 2490 1415 2514 suum
1442 2476 1484 2513 in
1509 2476 1749 2526 compositio·

243 2542 354 2579 nibus
380 2541 524 2591 pondus
551 2540 687 2578 habere
713 2554 856 2591 semper
882 2542 992 2590 solet)
1021 2542 1144 2579 ociosa
1173 2541 1289 2579 videri
1316 2554 1392 2578 non
1419 2539 1539 2578 debet.
1582 2540 1623 2577 Si
1649 2540 1748 2578 enim

244 2604 399 2654 simplex
425 2603 576 2641 verbum
605 2608 795 2653 λαμβάνω
826 2604 920 2642 hanc
947 2606 1044 2655 apud
1072 2605 1226 2643 Paulum
1254 2605 1311 2652 (in
1338 2603 1478 2649 eodem,
1505 2607 1544 2641 ut
1571 2602 1662 2650 dixi,
1689 2617 1749 2641 ar-

241 2671 433 2718 gumento)
462 2667 606 2704 obtinet
633 2668 954 2716 significationem,
981 2673 1022 2706 ut
1048 2668 1121 2706 ali0
1150 2668 1277 2706 referri
1305 2680 1381 2705 non
1409 2666 1538 2717 possit,
1565 2679 1674 2717 quam
1701 2666 1748 2704 ad

242 2732 385 2771 servilis
411 2732 552 2769 formae
576 2732 918 2782 participationem3
946 2733 1063 2770 multo
1091 2732 1210 2782 magis
1235 2744 1315 2769 eam
1343 2730 1652 2780 significationem
1681 2729 1750 2768 ob-

239 2795 374 2833 tinebit
408 2794 469 2832 hic
504 2794 613 2832 ctiam
650 2793 924 2845 ἐπιλαμβάνοι,
963 2795 1063 2846 quod
1099 2795 1265 2846 equidem
1305 2807 1381 2832 non
1417 2806 1600 2831 assumere
1625 2794 1750 2839 modo,

242 2860 304 2898 scd
331 2858 477 2912 proprie
500 2859 609 2897 etiam
637 2871 928 2910 superassumcre
955 2860 1154 2909 signifieat,
1182 2860 1213 2897 si
1241 2863 1407 2897 naturam
1429 2858 1574 2896 additae
1595 2859 1642 2908 (C
1660 2858 1749 2907 iiiia)
