1818 3178
176 143 248 180 356

181 252 313 302 Neque
340 252 428 289 item
456 249 566 287 vitari
595 262 760 301 unquam
788 251 909 301 potuit
936 249 1086 301 publica
1113 262 1229 300 eaque
1255 251 1476 302 gravissima
1507 252 1712 298 calamitas,

185 317 217 354 si
253 315 401 366 quando
439 313 589 352 habitae
626 315 669 352 de
706 315 806 365 pacti
845 314 961 352 divini
985 314 1260 354 *instauratione
1287 317 1457 368 publicae
1484 316 1713 355 admonitio-

184 393 262 424 nes,
298 382 360 415 aut
389 381 476 415 sunt
505 379 745 428 contemptim
775 379 952 425 reiectae,
980 382 1044 416 aut
1071 379 1255 418 admissae
1283 381 1433 432 quidem
1461 394 1504 418 ac
1531 385 1713 432 receptae,

185 443 249 481 sed
276 442 316 479 in
344 441 395 479 eis
422 442 692 492 amplectendis
720 443 868 493 quidvis
895 443 997 480 aliud
1025 447 1081 480 est
1109 444 1331 494 quaesitum,
1351 447 1436 493 (18)
1454 458 1566 495 quam
1593 444 1712 494 gloria

184 510 219 545 et
265 505 512 544 sanctificatio
558 506 723 543 nominis
770 506 900 545 divini.
954 506 1046 544 Eius
1094 520 1182 545 sane
1220 508 1412 559 utriusque
1447 508 1501 546 rei
1533 512 1590 546 tot
1627 511 1714 545 sunt

185 571 352 621 exempla
396 571 436 607 in
481 570 619 608 divinis
654 571 784 616 literis,
819 574 862 608 ut
899 570 1016 620 totius
1051 571 1221 610 Biblicae
1256 573 1460 623 scripturae
1495 571 1712 610 testimonio

187 634 397 678 doceamur,
431 647 510 672 esse
546 633 759 672 indubitato
789 634 1056 685 expectandam
1084 636 1117 672 ei
1144 635 1248 684 genti
1274 636 1533 684 gravissimam
1562 635 1713 673 calami-

183 702 298 736 tatem
334 697 537 749 publicam,
572 712 619 736 ne
657 699 777 736 dicam
812 699 1019 745 interitum,
1055 699 1093 736 in
1122 713 1194 750 qua
1222 699 1366 738 auditas
1393 701 1542 751 publice
1571 704 1714 752 praeter

185 761 335 798 solitum
381 761 524 811 peccati
569 761 670 799 illius
714 761 1021 812 reprehensiones
1066 762 1287 814 habitasque
1333 764 1482 815 publice
1520 764 1631 802 etiam
1669 765 1713 802 de

183 825 442 877 amplectanda
489 826 593 864 verbi
637 826 756 864 divini
799 827 1012 864 obedientia
1049 827 1336 874 admonitiones,
1370 832 1435 866 aut
1471 830 1713 880 contemptim

182 891 337 927 reiectas
377 890 545 936 interim,
580 894 644 928 aut
681 904 745 941 per
792 891 1022 941 hypocrisim
1068 892 1345 940 negligenterve
1390 896 1556 943 receptas
1599 892 1715 931 fuisse

185 957 343 991 constet.
395 953 532 991 Itidem
569 968 655 992 vero
693 958 728 992 et
766 959 896 992 nostro
925 954 998 991 hoc
1024 955 1098 992 iam
1126 959 1293 1006 tempore
1321 969 1360 994 re
1385 957 1464 1007 ipsa
1492 957 1716 1008 experimur,

184 1017 368 1068 siquidem
403 1018 556 1069 propius
592 1020 703 1070 paulo
740 1019 878 1057 intueri
914 1019 1039 1057 omnia
1077 1020 1246 1059 velimus.
1302 1020 1493 1058 Nimirum
1529 1035 1713 1072 nusquam

183 1094 260 1119 non
297 1082 408 1120 variis
435 1082 555 1133 plagis
582 1083 715 1120 afflicta
744 1097 823 1121 esse
852 1097 893 1121 ea
920 1083 1003 1120 loca
1032 1083 1198 1123 videmus
1227 1084 1343 1132 (iusto
1373 1085 1588 1123 hauddubie
1614 1085 1713 1123 iudi-

183 1144 240 1181 cio
278 1143 378 1192 Dei),
413 1144 548 1195 quibus
586 1145 778 1182 doctrinae
814 1145 1064 1194 Euangelicae
1100 1146 1222 1184 lucem
1258 1147 1406 1198 publice
1434 1147 1627 1193 affulsisse,
1653 1148 1712 1185 in-

182 1208 291 1246 terim
343 1222 430 1246 vero
459 1213 521 1246 aut
548 1209 735 1253 reiectam,
762 1215 826 1246 aut
854 1223 959 1247 secus
988 1224 1097 1260 quam
1126 1224 1192 1261 par
1219 1215 1296 1249 erat
1322 1215 1508 1262 receptam
1535 1225 1614 1249 esse
1642 1211 1714 1250 sci-

184 1286 280 1312 mus.
343 1275 468 1324 Atque
507 1278 563 1311 est
598 1274 746 1325 quidem
783 1274 913 1311 odiosa
951 1275 1080 1312 nostri·
1110 1289 1209 1313 nunc
1243 1276 1423 1326 temporis
1461 1277 1714 1328 exemplorum

185 1338 501 1383 commemoratio,
548 1339 611 1376 sed
648 1351 725 1376 non
760 1338 844 1376 ideo
882 1342 1007 1377 tamen
1045 1340 1214 1387 efficitur,
1249 1354 1325 1378 non
1354 1342 1439 1388 (19)
1467 1355 1547 1379 esse
1575 1354 1715 1387 verum,

185 1414 227 1438 eo
265 1401 366 1452 quod
404 1405 595 1453 tantopere
631 1402 750 1440 invisa
788 1403 981 1441 habeatur.
1037 1403 1186 1441 Quodsi
1221 1404 1364 1455 patriae
1391 1418 1538 1455 quoque
1565 1409 1715 1442 nostrae

183 1465 330 1510 faciem,
366 1469 406 1503 ut
443 1480 544 1510 nuuc
582 1469 648 1508 est,
685 1467 875 1517 paululum
904 1467 1157 1512 observemus,
1185 1472 1282 1505 certe
1310 1468 1423 1505 nullis
1450 1481 1617 1519 unquam
1645 1481 1713 1505 no-

183 1529 270 1567 stris
308 1530 474 1568 historiis
510 1531 702 1582 proditum
740 1532 1006 1582 comperiemus
1043 1531 1089 1568 ab
1126 1532 1207 1582 ipsa
1242 1545 1360 1583 usque
1394 1532 1517 1581 gentis
1553 1537 1715 1577 nostrae,

184 1594 295 1632 nobis
341 1594 483 1645 alioqui
526 1595 675 1644 cognita
722 1594 878 1643 origine,
924 1594 1089 1632 auditam
1126 1594 1211 1632 istic
1248 1608 1326 1632 esse
1362 1595 1556 1640 eiusmodi,
1592 1595 1713 1645 qualis

183 1657 256 1694 iam
302 1658 441 1708 passim
478 1658 643 1703 auditur,
680 1659 739 1695 vel
774 1658 1067 1696 abominationis
1103 1657 1142 1695 in
1179 1658 1353 1709 Papismo
1392 1658 1715 1696 Antichristianae

185 1723 474 1770 accusationem,
501 1724 558 1761 vel
583 1724 628 1761 ad
656 1723 777 1760 lucem
805 1723 909 1760 verbi
938 1722 1068 1760 Divini
1094 1722 1389 1774 amplectendam
1404 1722 1715 1769 exhortationem,

186 1791 226 1824 ut
261 1787 389 1836 negari
425 1787 593 1837 profecto
630 1799 706 1824 non
743 1786 874 1837 possit,
908 1790 1054 1837 praeter
1090 1785 1239 1823 solitum
1269 1786 1307 1823 id
1335 1799 1435 1823 nunc
1462 1786 1546 1823 istic
1572 1785 1652 1822 fieri
1679 1789 1716 1823 et

185 1851 364 1902 peculiari
396 1851 647 1902 proculdubio
683 1851 866 1901 planeque
900 1850 1120 1888 admirando
1157 1863 1266 1901 opere
1303 1849 1395 1894 Dei,
1435 1848 1539 1886 cuius
1574 1849 1716 1900 alioqui

188 1915 262 1952 vim
298 1928 341 1952 ac
375 1915 578 1966 potentiam
617 1915 666 1952 ita
698 1928 785 1952 sane
812 1918 891 1952 toto
919 1914 994 1952 iam
1021 1914 1098 1952 fere
1127 1914 1354 1959 Christiano,
1382 1918 1422 1951 ut
1450 1918 1598 1959 vocant,
1625 1914 1715 1951 orbe

186 1979 405 2017 inclaruisse
440 1979 608 2016 videmus
645 1981 698 2027 (et
727 1978 878 2029 quidem
904 1979 1042 2016 frustra
1070 1978 1322 2016 renitentibus
1352 1978 1526 2016 omnibus
1553 1977 1714 2028 Papisti-

189 2056 251 2080 cae
295 2043 505 2093 tyrannidis
546 2043 764 2093 coryphaeis
800 2042 1142 2093 propugnatoribus
1178 2055 1222 2079 ac
1257 2041 1455 2093 patronis),
1491 2045 1531 2079 ut
1566 2041 1716 2092 ipsimet

189 2108 367 2158 Papistici
399 2107 598 2145 sacerdotii
633 2121 707 2145 una
744 2107 890 2145 collecti
926 2106 1118 2158 Principes
1159 2120 1288 2145 omnes
1315 2106 1467 2157 ipseque
1493 2105 1584 2143 adeo
1613 2118 1714 2143 sum·

189 2184 272 2209 mus
310 2171 373 2209 ille
410 2175 554 2209 creator
590 2171 755 2222 ipsorum
785 2170 899 2221 Papa,
925 2170 1035 2217 inviti
1063 2169 1227 2221 quidem,
1254 2169 1317 2208 sed
1344 2170 1427 2207 luce
1453 2169 1593 2206 invicta
1621 2168 1714 2206 veri-

187 2236 275 2273 tatis
313 2235 563 2285 Euangelicae
591 2235 784 2286 compulsi,
811 2235 922 2272 fateri
949 2235 1102 2272 omnino
1132 2236 1439 2284 eo-(20)gantur,
1468 2234 1713 2272 necessariam

189 2299 309 2337 modis
353 2300 528 2337 omnibus
572 2313 651 2338 esse
693 2299 886 2348 religionis
930 2299 970 2336 in
1012 2299 1180 2336 Ecclesia
1217 2299 1533 2343 reformationem,
1568 2298 1716 2336 etiamsi

190 2376 298 2400 suum
334 2363 457 2401 adhuc
490 2363 685 2413 ingenium
719 2363 758 2400 in
787 2376 828 2400 eo
856 2364 1030 2413 prodant,
1056 2363 1158 2413 quod
1185 2376 1264 2401 eam
1291 2363 1407 2414 ipsam
1436 2362 1627 2411 religionis
1655 2361 1713 2399 in-

189 2428 451 2465 staurationem
486 2428 558 2478 ipsi
594 2427 665 2464 soli
700 2427 894 2465 instItuere
921 2440 986 2478 pro
1016 2440 1082 2464 suo
1111 2427 1267 2464 arbitrio
1296 2430 1331 2464 et
1359 2426 1543 2464 moderari
1570 2425 1719 2465 volunt.

189 2492 347 2530 Perinde
374 2497 496 2543 atque,
524 2493 555 2530 si
581 2492 729 2530 infectis
756 2492 888 2529 morbo
917 2492 1091 2536 ovilibus,
1117 2492 1193 2542 lupi
1222 2505 1380 2542 quoque,
1407 2495 1448 2528 ut
1476 2504 1581 2528 suum
1601 2490 1713 2528 dissi-

191 2557 334 2595 mulent
360 2550 566 2606 ingenium,
593 2557 796 2595 remedium
824 2557 975 2607 quidem
1012 2556 1145 2594 ovibus
1173 2556 1326 2607 Aliquod
1354 2555 1607 2593 adhibendum
1635 2568 1714 2592 esse

191 2626 410 2671 agnoscant.
447 2622 509 2659 sed
539 2622 611 2659 sibi
640 2622 823 2659 duntaxat
851 2635 1000 2659 omnem
1028 2621 1152 2659 ovium
1182 2634 1319 2667 curam,
1348 2620 1529 2657 submotis
1559 2620 1714 2658 canibus

190 2685 378 2731 omnibus,
415 2686 722 2723 committendam
755 2699 835 2724 esse
872 2686 1050 2723 clament:
1083 2686 1272 2736 praeclare
1310 2685 1449 2722 scilicet
1475 2688 1714 2735 prospectum

188 2750 234 2787 iri
271 2750 417 2796 ovibus,
452 2763 545 2800 quac
583 2763 691 2788 curae
726 2751 901 2801 luporum
929 2750 1262 2788 committerentur.
1316 2751 1367 2787 At
1394 2762 1479 2786 vero
1509 2749 1586 2800 lupi
1612 2761 1714 2787 nunc

190 2827 273 2852 cum
302 2814 377 2851 suis
406 2813 678 2851 conventiculis
708 2815 866 2853 valeant.
922 2814 1004 2852 Nos
1032 2828 1124 2865 opus
1152 2814 1273 2865 ipsum
1302 2812 1384 2860 Dei,
1411 2813 1509 2863 quod
1538 2813 1576 2850 in
1604 2813 1713 2851 resti-

186 2879 323 2917 tuenda
359 2878 557 2928 Euangelii
594 2878 651 2916 sui
686 2879 768 2916 luce
803 2879 927 2930 palam
961 2880 1159 2924 cernimus,
1194 2891 1257 2930 pro
1288 2891 1329 2916 eo
1357 2891 1400 2916 ac
1428 2877 1616 2924 debemus,
1643 2878 1712 2915 ob·

181 2957 380 2989 servemus,
417 2956 463 2980 ne
497 2942 595 2980 inter
623 2945 896 2993 contemptores
924 2942 1012 2980 olim
1043 2942 1257 2980 divinorum
1289 2940 1553 2980 beneficiorum
1582 2954 1712 2980 nume·
