1818 3178
186 119 279 150 xcvl
813 116 1052 147 PRAEFATIO.

184 225 402 267 editionem
437 223 681 278 Bullingero
717 223 769 276 (a.
792 222 918 277 1555)
938 229 1195 271 narraverat,
1228 222 1268 263 in
1290 221 1405 263 hunc
1422 221 1508 263 fere
1524 220 1694 265 modum

183 297 411 352 gloriatur:
448 318 469 341 n
491 295 671 335 Tantum
707 293 785 335 hoc
815 293 977 340 addam,
1009 293 1065 334 ita
1097 308 1163 334 me
1193 293 1281 334 illie
1312 299 1352 334 et
1384 292 1592 335 ministros
1623 294 1698 336 Ec·

185 390 206 415 ῃ
230 366 450 408 clesiarum
473 365 558 406 fere
583 364 771 406 omnium
793 372 831 406 et
854 364 1093 406 universam
1116 379 1251 405 meam
1275 363 1520 414 Ecclesiam,
1539 364 1697 406 adhaec

185 460 206 485 η
231 445 270 480 et
314 452 506 493 proceres
546 436 714 478 Patriae
761 451 905 478 omnes
951 438 992 477 in
1037 436 1218 477 doctrina
1261 441 1398 477 nostra
1432 435 1699 478 confirmatos

185 533 206 558 n
230 510 435 566 planeque
481 509 782 550 consentientes
828 508 1055 565 reliquisse,
1102 514 1147 548 ut
1192 522 1426 562 numquam
1460 509 1628 550 antea.’'
1663 509 1694 564 ¹)

183 580 288 634 Quis
334 581 462 637 igitur
492 579 729 631 contendat,
764 580 966 630 Lascum,
1001 578 1213 621 Ecclesiae
1244 578 1437 620 Phrisiae
1469 578 1699 631 Orientalis

182 661 281 694 tunc
320 651 518 707 temporis
562 651 684 693 etiam
728 650 1167 707 Superintendentem,
1201 656 1247 691 ut
1278 656 1318 691 et
1349 650 1459 706 apud
1489 650 1699 693 Emdanos

181 738 394 766 sacrorum
436 723 676 774 antistitem,
725 724 791 765 cui
834 738 997 765 omnem
1041 722 1118 778 ipsi
1167 729 1350 778 pastores
1381 722 1507 765 etiam
1540 721 1699 764 absenti

181 796 293 838 ultro
340 795 581 837 detulissent
619 795 925 845 auctoritatem,
970 794 1087 836 cuius
1134 801 1243 835 nutu
1274 801 1399 850 atque
1431 794 1622 850 auspiciis
1652 795 1694 837 in

181 882 305 910 causa
353 866 537 909 Gelliani
584 866 836 910 Catechismi
881 872 1044 909 tantum
1095 881 1177 907 non
1211 866 1351 908 omnia
1393 872 1562 922 peracta
1601 866 1695 916 sint,

182 939 254 995 qui
294 945 377 980 tam
411 938 563 980 acriter
593 944 636 980 et
665 938 933 980 vehementer
964 936 1199 979 doctrinam
1230 952 1348 979 suam
1392 937 1523 979 tuitus
1555 938 1608 979 sit
1639 943 1698 980 at-

181 1027 262 1067 que
303 1010 545 1059 defenderit,
587 1016 627 1052 et
657 1011 696 1052 in
729 1025 801 1052 sua
833 1009 1023 1052 doctrina
1055 1024 1199 1052 omnes
1229 1008 1395 1051 tandem
1428 1009 1695 1052 confirmatos

175 1083 560 1138 consentientesque
598 1098 686 1124 esse
728 1082 946 1139 glorietur,
994 1109 1050 1115 —-
1099 1083 1193 1139 quis
1235 1081 1472 1133 contendat,
1507 1082 1694 1139 inquam,

177 1154 291 1197 hunc
336 1155 470 1196 virum
518 1153 607 1196 aliis
645 1154 878 1210 permisisse
920 1155 1017 1196 novi
1049 1153 1302 1197 Catechismi
1333 1153 1691 1210 compositionem,

177 1228 296 1269 cuius
330 1226 549 1268 editionem
592 1225 813 1268 Gellianae
860 1228 1171 1269 controversiae
1218 1226 1342 1267 unice
1374 1232 1692 1282 provocassent:

178 1297 429 1342 Catechismi
459 1297 717 1354 praesertim,
750 1297 869 1339 cuius
899 1297 1060 1340 indoles
1091 1305 1217 1354 atque
1250 1297 1356 1339 ratio
1387 1297 1502 1340 clare
1533 1304 1573 1340 et
1602 1312 1695 1355 per-

173 1370 315 1426 spicue
345 1368 531 1420 doceant,
567 1384 588 1410 e
620 1368 765 1410 maiori
798 1367 1014 1412 Catechesi
1045 1385 1142 1412 eum
1175 1370 1232 1411 sic
1265 1369 1391 1411 fuisse
1409 1369 1697 1426 epitomatum,

172 1448 219 1483 ut
262 1441 423 1483 nonnisi
468 1441 555 1496 ipse
599 1441 765 1482 maioris
812 1439 1067 1484 Catechismi
1112 1449 1261 1484 auctor
1306 1457 1402 1483 eum
1448 1448 1533 1484 tam
1564 1440 1695 1484 libere

172 1520 340 1569 tamque
370 1513 557 1568 expedite
589 1527 814 1569 excerpere
848 1515 1043 1570 potuerit.
1096 1512 1214 1566 Quin
1248 1514 1333 1556 imo
1362 1513 1454 1570 ipsa
1486 1513 1585 1566 dies,
1610 1529 1694 1570 qua

174 1583 423 1626 Catechismi
453 1584 653 1640 praefatio
683 1584 779 1626 data
811 1592 882 1637 est,
916 1584 968 1627 ad
998 1585 1183 1628 Lascum
1216 1593 1434 1627 auctorem
1467 1600 1542 1627 nos
1562 1600 1693 1627 manu

175 1656 261 1697 fere
290 1654 415 1696 ducit.
465 1654 567 1696 Fuit
599 1671 647 1698 ea
677 1655 763 1697 dies
804 1663 919 1698 sexta
951 1657 1103 1699 mensis
1134 1655 1329 1699 Octobris
1360 1657 1459 1699 anni
1492 1657 1617 1708 1554,
1653 1663 1694 1699 et

176 1729 361 1784 gratuito
406 1742 576 1783 prorsus
621 1729 809 1785 epistola,
858 1744 986 1785 quam
1025 1729 1090 1771 die
1132 1729 1278 1786 quinta
1309 1729 1433 1771 huius
1463 1729 1616 1771 mensis
1645 1727 1695 1771 ad

175 1797 472 1855 Bullingerum
514 1798 635 1847 dedit,
667 1798 881 1853 docemur,
915 1816 1009 1843 eum
1043 1818 1064 1843 e
1096 1802 1217 1858 gravi
1249 1801 1411 1853 morbo,
1446 1816 1542 1843 cum
1579 1799 1694 1842 febre

178 1869 460 1912 ardentissima
506 1871 738 1924 coniuncto,
773 1873 1009 1916 restitutum
1044 1889 1091 1916 ea
1123 1875 1212 1930 ipsa
1241 1872 1408 1916 demum
1443 1873 1508 1915 die
1538 1872 1694 1931 stylum

178 1957 344 1985 rursum
378 1944 618 1999 suscepisse,
651 1943 760 1986 unde
791 1946 962 2002 egregie
993 1945 1243 2002 explicatur,
1276 1961 1354 1988 cur
1383 1953 1468 1988 tam
1501 1960 1591 1987 sere
1615 1944 1697 1988 Ca·

177 2012 401 2055 techismus
447 2014 589 2066 exiret,
640 2015 795 2072 quippe
835 2016 908 2072 qui
938 2015 1061 2060 Lasci
1093 2017 1395 2073 praefationem
1427 2015 1623 2059 exhibere
1655 2016 1696 2058 in

180 2084 315 2126 fronte
346 2083 514 2127 deberet
546 2087 592 2140 ι·’).

237 2221 529 2266 Vetustissima
568 2224 693 2266 huius
737 2225 987 2269 Catechismi
1027 2228 1152 2270 editio
1183 2244 1356 2285 prorsus
1388 2229 1557 2286 periisse
1589 2228 1698 2270 vide·

181 2300 262 2343 tur,
294 2310 424 2350 quare
454 2303 610 2339 textum
646 2297 736 2339 eius
767 2301 1173 2354 repraesentavimus
1204 2317 1254 2343 ex
1286 2302 1517 2344 E11,SHEM11
1548 2316 1694 2358 recog·

182 2365 339 2406 nitione
361 2368 406 2421 ³).
442 2367 691 2410 Eilsliemius
721 2384 855 2412 unum
887 2386 1060 2423 annum,
1095 2379 1312 2430 postquam
1348 2372 1440 2417 Cat.
1459 2372 1578 2416 Emd.
1603 2373 1696 2415 ede·

185 2443 302 2479 retur
324 2439 372 2492 ⁴),
405 2444 538 2490 natus,
571 2454 652 2480 non
686 2447 769 2482 tam
814 2443 960 2497 procul
1004 2443 1055 2485 ab
1090 2460 1138 2486 eo
1174 2452 1365 2502 tempore
1407 2444 1551 2497 abfuit,
1595 2445 1695 2501 quin

183 2524 325 2550 rerum
359 2509 633 2552 conditionem
669 2521 863 2555 accurate
891 2517 1129 2569 percontari
1151 2518 1348 2573 potuerit,
1372 2524 1412 2559 et
1433 2518 1550 2566 ratio,
1574 2532 1697 2572 quam

228 2731 251 2769 ¹)
276 2730 376 2761 LASCI
404 2732 513 2771 Opera,
539 2732 608 2763 Vol.
631 2732 672 2762 ΙΙ.
697 2732 765 2765 712.

226 2786 252 2824 ²)
278 2785 377 2816 LASCI
404 2786 512 2826 Opera,
537 2786 606 2818 Vol.
631 2787 674 2817 11.
698 2786 769 2820 707.

228 2841 241 2861 ³
277 2841 316 2871 D.
340 2842 375 2872 B.
401 2841 619 2879 Eusnmnvs,
644 2843 846 2873 Handtboeek
869 2844 923 2874 ιΙρε
946 2856 1045 2875 waren
1067 2847 1219 2887 yelovem.
1245 2847 1385 2878 Embdcu
1412 2848 1503 2880 1610.

229 2896 256 2938 ⁴)
279 2895 328 2927 Cf.
352 2896 604 2935 Rmzsnmiqu,
628 2908 656 2928 o.
680 2897 700 2927 1.
725 2909 754 2939 p.
779 2898 828 2930 20.
