1818 3178
183 146 285 174 XXIV
820 146 1066 174 PRAEFATIO.

188 250 338 306 quibus
383 250 509 292 Lasci
550 249 745 306 epistolas
790 249 963 292 subinde
1001 250 1238 304 illustravit,
1271 255 1424 310 partim
1455 259 1517 295 tot
1545 259 1702 296 scatent

182 320 407 370 erroribus,
449 328 496 362 ut
536 320 752 376 implicent
783 323 916 378 magis
948 337 1076 378 quam
1107 323 1328 379 expediant
1359 325 1591 377 lectionem,
1622 339 1702 380 pro

185 399 302 448 parte
341 392 512 448 insuper
552 399 637 433 tam
671 407 793 434 rarae
825 402 922 436 sunt
953 401 993 436 et
1023 409 1198 450 paucae,
1231 403 1279 438 ut
1319 399 1370 438 ad
1402 395 1700 438 diluciditatem

185 464 376 506 sufficere
409 464 651 520 neutiquam
683 466 851 521 possint.
886 465 936 508 In
969 482 1175 508 summam
1207 467 1386 524 denique
1407 468 1572 511 nonnisi
1592 475 1703 509 octo-

182 537 299 593 ginta
340 536 595 591 exemplaria
638 537 678 578 in
713 537 904 580 Gerdesii
935 538 1142 581 habentur
1173 540 1366 594 editione,
1399 541 1549 598 quibus
1579 543 1700 596 quin-

180 611 381 665 quaginta
427 624 498 650 sex
542 610 733 665 epistolas
774 611 815 651 in
863 611 1103 652 recensione
1144 618 1286 654 nostra
1319 612 1562 662 addidimus,
1595 627 1701 668 quae

181 681 310 737 igitur
351 680 542 723 Gerdesii
583 682 746 731 seriem,
777 683 938 724 etiarnsi
978 683 1118 724 solerti
1149 698 1251 724 cura
1281 691 1384 726 esset
1411 684 1609 740 perfecta,
1641 690 1702 725 to·

180 753 253 794 ties
285 752 582 808 perturbarent
611 760 650 795 et
678 754 968 806 distraherent,
1001 762 1046 796 ut
1076 770 1225 797 novam
1257 756 1424 797 omnium
1454 755 1579 797 Lasci
1615 755 1700 811 epi-

180 827 381 868 stolarum
416 827 743 882 recognitionem
779 842 844 868 me
874 827 916 868 in
948 828 1029 869 fine
1063 828 1234 868 secundi
1266 827 1389 869 Tomi
1419 827 1608 869 editionis
1629 842 1700 869 no-

180 905 288 939 strae
333 898 541 948 adiecisse,
594 898 699 939 nulli
750 898 956 941 videbitur
996 914 1369 955 supervacaneum,
1412 900 1483 955 qui
1533 915 1699 942 mecum

180 970 289 1021 facit,
330 969 442 1011 aliud
484 986 569 1012 esse
609 978 699 1012 acta
740 986 879 1027 agere,
914 971 1027 1013 aliud
1059 987 1165 1027 qnae
1201 978 1401 1027 corrupta
1431 978 1527 1013 sunt
1557 987 1698 1014 emen-

183 1041 330 1089 datius,
362 1056 469 1096 quae
500 1041 659 1083 defecta
690 1042 897 1098 integrius
927 1043 1062 1086 edere.

234 1111 398 1163 Quodsi
440 1113 670 1168 quaeritur,
718 1128 802 1168 qua
842 1114 1002 1155 ratione
1047 1115 1088 1155 in
1131 1114 1298 1157 edendis
1329 1116 1455 1158 Lasci
1486 1116 1700 1173 opusculis

176 1191 363 1225 versatus
403 1184 493 1232 sim,
527 1199 591 1225 me
625 1185 818 1239 pressisse
849 1200 970 1240 quae,
1004 1185 1078 1227 etsi
1099 1185 1223 1228 Lasci
1246 1187 1490 1229 ferebantur
1510 1188 1693 1239 nomine,

177 1254 386 1296 immerito
417 1262 553 1296 tamen
586 1256 627 1296 in
660 1256 747 1296 eius
777 1270 952 1311 operum
985 1257 1178 1314 catalogo
1201 1260 1405 1301 recensita
1427 1265 1538 1309 sunt,
1561 1259 1697 1302 dicere

176 1326 279 1367 nihil
326 1326 482 1368 attinet.
543 1326 605 1368 Ea
653 1326 739 1368 sola
785 1326 905 1376 edidi,
947 1343 1053 1383 quae
1084 1343 1228 1384 reapse
1259 1329 1449 1372 Lascum
1481 1338 1694 1374 auctorem

175 1396 330 1439 habent
360 1405 401 1438 et
429 1397 642 1454 flagitant:
676 1413 752 1439 nec
783 1405 920 1440 tamen
954 1414 1002 1440 ea
1033 1400 1262 1442 omittenda
1293 1417 1380 1443 esse
1411 1402 1620 1455 duximus,
1653 1404 1696 1446 in

176 1468 327 1523 quibus
370 1468 667 1524 componendis
713 1469 884 1526 collegis
932 1471 1014 1512 suis
1061 1471 1317 1514 adiutoribus
1347 1474 1697 1530 interpretibusve

175 1555 272 1582 usus
303 1548 374 1589 est,
407 1540 517 1596 quod
550 1541 589 1582 in
620 1541 830 1597 opusculis
862 1541 1070 1598 liturgicis
1102 1549 1144 1584 et
1175 1544 1417 1600 symbolicis
1447 1545 1601 1601 passim
1623 1545 1694 1587 ob·

173 1613 343 1654 tinuisse
374 1627 438 1653 res
470 1613 559 1668 ipsa
588 1612 788 1668 loquitur.
827 1612 960 1655 Erant
990 1614 1114 1656 huius
1144 1616 1314 1671 generis
1345 1615 1568 1669 Ecclesiae,
1603 1619 1694 1673 qui-

175 1683 249 1725 bus
289 1684 468 1739 praefuit
513 1693 665 1733 noster,
702 1693 748 1726 ut
782 1685 956 1741 regulae
986 1686 1081 1728 fidei
1113 1694 1155 1728 et
1181 1688 1342 1729 rituum
1374 1689 1534 1731 formae
1567 1690 1694 1732 totius

174 1758 319 1812 utique
365 1757 582 1799 ministerii
625 1757 793 1799 nomine
837 1758 1169 1814 publicarentur,
1213 1775 1344 1816 quare
1389 1761 1491 1803 nihil
1521 1761 1695 1804 subinde

176 1829 388 1871 molestius
419 1837 479 1871 est
510 1845 633 1885 quam
667 1829 857 1871 distincte
889 1830 1140 1883 discernere,
1174 1832 1274 1887 quid
1297 1832 1373 1888 ipsi
1394 1835 1569 1884 auctori,
1592 1835 1694 1890 quid

172 1901 344 1957 collegis
388 1901 516 1956 ipsius
546 1901 865 1944 adscribendum
898 1902 961 1945 sit.
1027 1903 1139 1944 Acta
1169 1911 1398 1946 conventus
1429 1906 1690 1962 presbyterii,

171 1973 289 2015 cuius
333 1973 449 2014 iussu
489 1979 614 2028 atque
655 1974 876 2015 autoritate
908 1973 1011 2016 haec
1042 1975 1195 2030 scripta
1227 1975 1267 2016 in
1299 1975 1515 2032 publicum
1548 1978 1694 2020 Eccle-

172 2046 254 2086 siae
295 2060 418 2086 usum
460 2045 616 2086 sancita
650 2054 759 2097 sunt,
791 2053 861 2087 aut
891 2047 1145 2088 interierunt
1174 2063 1358 2103 prorsus,
1393 2056 1464 2090 aut
1496 2049 1619 2092 silent
1648 2051 1690 2093 in

173 2125 314 2159 nostra
346 2132 483 2160 causa.
527 2116 613 2168 Qui
645 2133 748 2173 ergo
780 2118 949 2161 definias
982 2135 1088 2175 quae
1120 2118 1171 2161 ab
1201 2120 1291 2176 ipso
1324 2127 1498 2163 auctore
1520 2123 1688 2179 scripta,

171 2204 278 2244 quae
310 2190 442 2230 revisa
475 2195 681 2230 mutatave
711 2188 776 2230 vel
810 2199 997 2231 correcta
1029 2191 1145 2232 sint?
1201 2191 1339 2233 Nemo
1370 2200 1587 2248 praeterea
1619 2209 1689 2235 ex-

169 2261 270 2302 stitit
299 2261 410 2302 inter
442 2260 650 2316 aequales,
684 2262 756 2316 qui
787 2261 934 2304 horum
961 2261 1198 2305 libellorum
1223 2265 1430 2320 originem
1452 2280 1688 2307 successum

168 2332 333 2386 fataque
364 2330 414 2373 ab
445 2331 618 2373 oculatis
649 2333 878 2388 auiitisque
909 2334 1081 2376 testibus
1113 2342 1384 2391 percontatus
1414 2337 1570 2392 scripto
1591 2351 1687 2379 con·

167 2402 295 2445 deret.
348 2403 493 2459 Auget
523 2403 771 2459 scrupulum
800 2413 840 2446 et
870 2420 959 2447 rem
992 2407 1088 2447 satis
1117 2407 1200 2448 iam
1231 2407 1472 2463 perplexam
1514 2408 1689 2464 impedit

167 2474 304 2521 etiam,
350 2474 460 2529 quod
501 2484 640 2515 noster
680 2475 720 2516 in
763 2475 980 2518 scribendo
1012 2477 1172 2519 assidue
1205 2478 1334 2520 latino
1375 2477 1570 2521 utebatur
1600 2495 1686 2522 ser-

167 2560 302 2596 mone,
337 2560 414 2587 nec
444 2546 540 2587 satis
570 2548 701 2587 nostri
733 2546 935 2589 idiomatis
965 2550 1113 2605 peritia
1143 2550 1340 2606 pollebat,
1375 2557 1422 2592 ut
1449 2551 1536 2592 sine
1558 2552 1685 2594 inter—

164 2624 280 2672 prete
319 2616 478 2672 belgice
524 2617 563 2658 in
609 2618 771 2673 scriptis
817 2619 900 2660 suis
946 2619 1061 2676 loqui
1093 2637 1217 2663 ausus
1248 2628 1363 2665 esset.
1428 2621 1513 2663 Ubi
1544 2622 1685 2678 itaque

163 2687 315 2729 latinus
361 2695 497 2730 textus
543 2704 623 2730 non
673 2690 842 2732 seorsim
881 2691 922 2732 in
956 2691 1091 2734 lucem
1125 2692 1326 2748 prodierit
1357 2699 1397 2734 et
1427 2693 1515 2736 sola
1547 2695 1681 2736 versio

164 2761 410 2801 remanserit
440 2769 661 2815 superstes,
693 2776 737 2801 ea
772 2776 939 2817 quoque
970 2765 1143 2820 originis
1175 2764 1336 2815 indicia,
1371 2780 1479 2819 quae
1511 2780 1561 2806 ex
1584 2765 1681 2823 styli

163 2837 306 2871 tenore
348 2831 553 2886 expiscari
596 2831 769 2873 subinde
800 2832 909 2884 licet,
944 2849 1115 2889 prorsus
1146 2835 1263 2878 nobis
1294 2836 1504 2879 deficiunt.
1566 2837 1682 2878 Nihil

161 2908 297 2945 tamen
330 2902 530 2950 eiusmodi
562 2902 687 2949 dubia
719 2903 947 2950 dubitando
978 2909 1098 2951 anxie
1129 2923 1391 2966 exaggerare
1424 2908 1604 2965 expedit,
1639 2915 1681 2953 et
