1818 3178
1537 128 1611 163 385

75 238 342 276 Baaliticorum
368 236 570 287 principes.
599 236 681 282 Est,
708 237 873 288 iuquam,
902 237 972 274 hoc
999 237 1186 288 peculiare
1213 249 1365 288 prorsus
1393 235 1478 274 istic
1506 249 1606 273 nunc

79 303 146 340 Dei
172 314 264 353 opus
291 313 508 351 summaque
535 301 634 351 apud
662 313 728 339 vos
755 301 1006 350 gratulatione
1033 301 1202 351 dignum,
1229 301 1294 339 sed
1322 301 1362 338 in
1390 313 1463 351 quo
1504 299 1602 337 Deus

75 381 96 404 a
129 371 252 405 vestro
286 365 449 403 vicissim
487 365 619 403 ordine
655 365 726 403 hoc
761 362 938 404 maiorem
976 379 1064 415 erga
1102 379 1140 403 se
1165 365 1435 415 gratitudinem
1463 364 1606 415 hocque

75 431 195 468 maius
221 433 385 468 vestrum
411 430 450 467 in
479 435 578 468 recte
603 431 863 481 prosequendo
891 443 934 468 eo
963 430 1042 481 ipso
1071 443 1181 481 opere
1208 443 1274 468 suo
1302 432 1412 478 (101)
1441 429 1604 467 studium

74 500 110 532 ct
136 493 315 530 maiorem
339 498 527 544 praeterea
554 494 666 532 fidem
694 507 738 531 ac
765 494 1134 545 circumspectionem
1160 493 1409 545 proculdubio
1429 493 1609 544 requirat,

74 570 148 608 quo
183 556 304 594 maius
340 562 452 607 atque
487 558 729 596 excellentius
765 557 837 595 hoc
872 557 989 608 ipsius
1015 557 1055 595 in
1082 557 1190 595 vobis
1218 570 1311 608 opus
1338 570 1418 595 esse
1446 561 1606 596 constat.

76 622 202 660 Quare
236 626 278 660 ut
314 628 436 660 vestro
472 622 597 660 ordini
632 622 812 673 vobisque
847 622 888 660 in
923 622 989 660 illo
1026 622 1200 660 omnibus
1236 635 1313 660 non
1347 635 1500 673 possum
1528 635 1605 660 non

74 699 184 737 supra
220 686 372 724 modum
409 692 446 724 et
480 687 630 738 quidem
665 700 750 725 vere
776 690 889 737 atque
915 700 961 725 ex
988 686 1112 724 animo
1140 687 1320 736 gratulari
1347 687 1466 725 divini
1494 686 1604 724 huius

72 751 194 801 operis
222 751 262 789 in
287 751 396 789 vobis
424 752 588 797 nomine,
623 752 676 790 ita
702 751 940 790 vehementer
967 755 1055 802 opto
1083 751 1206 797 etiam,
1232 755 1274 789 ut
1300 755 1336 789 et
1363 764 1429 789 vos
1458 752 1498 789 in
1516 763 1604 802 pro-

73 815 262 866 sequendo
289 828 333 853 eo
359 816 440 866 ipso
461 815 531 853 Dei
550 816 590 853 in
610 816 718 853 vobis
737 828 857 867 opere,
877 827 954 853 non
972 814 1143 865 equidem
1163 815 1396 865 negligenter
1414 837 1464 844 —
1483 819 1606 853 totum

73 891 232 930 namque
260 892 324 917 cor
349 880 389 917 in
417 893 525 917 suum
552 880 772 930 obsequium
792 879 959 930 deposcit
979 878 1165 917 Dominus
1183 900 1234 909 —
1253 893 1373 930 neque
1391 880 1480 917 item
1498 892 1605 930 prae-

74 943 271 994 cipitanter
316 949 352 982 et
397 946 624 982 confusanee
667 944 818 993 (ordine
852 944 952 982 enim
988 957 1032 981 ac
1068 943 1241 981 decenter
1277 949 1424 994 oportet
1458 943 1608 981 institui

73 1008 230 1056 omnia),
268 1008 332 1046 sed
366 1008 525 1046 fideliter
560 1021 604 1046 ac
638 1009 840 1060 prudenter
866 1008 1172 1059 progrediamini.
1226 1008 1357 1046 Fidem
1384 1020 1545 1059 namque
1571 1011 1605 1045 et

72 1071 308 1123 prudentiam
342 1077 429 1110 ante
464 1072 590 1110 omnia
627 1072 811 1110 Dominus
846 1073 886 1110 in
923 1072 1099 1110 omnibus
1126 1072 1202 1110 suis
1228 1072 1411 1110 ministris
1438 1071 1609 1123 requirit,

74 1140 116 1174 ut
154 1149 200 1174 ne
236 1136 327 1187 quid
356 1136 428 1174 sibi
455 1136 609 1174 omnino
637 1140 786 1174 sumant
813 1139 956 1187 praeter
983 1136 1226 1174 manifestum
1255 1136 1403 1174 divinae
1430 1136 1604 1173 volunta-

73 1200 121 1237 tis
148 1213 236 1238 suae
261 1200 302 1238 in
329 1200 442 1238 verbo
467 1200 585 1251 ipsius
612 1200 882 1249 testimonium,
914 1204 950 1238 et
977 1200 1015 1238 in
1043 1213 1173 1238 eorum
1201 1200 1369 1251 ipsorum
1394 1199 1603 1237 ministerio

73 1276 116 1301 ac
152 1264 429 1315 dispensatione
462 1264 702 1314 prudentiam
737 1276 781 1301 ac
818 1263 1190 1315 circumspectionem
1222 1263 1438 1308 adhibeant,
1479 1268 1521 1300 ut
1557 1264 1604 1299 ad

71 1326 381 1374 aedificationem,
407 1340 485 1365 non
511 1332 636 1365 autem
662 1327 710 1365 ad
738 1327 998 1366 confusionem
1026 1327 1153 1365 omnia
1179 1329 1285 1366 fiant.
1304 1327 1505 1365 'Fideliter
1531 1327 1606 1376 igi-

71 1395 133 1428 tur
169 1404 235 1429 vos
269 1391 447 1442 progredi
483 1395 571 1442 opto
598 1391 639 1428 in
667 1395 797 1442 coepta
823 1404 888 1442 per
916 1404 990 1429 vos·
1009 1391 1274 1429 instaurandae
1300 1391 1495 1440 religionis
1521 1390 1607 1429 istic

74 1469 193 1501 causa,
228 1469 287 1501 ne,
325 1469 441 1494 manu
467 1459 591 1494 aratro
618 1455 920 1505 ad-(102)mota‚
945 1460 1029 1508 post
1056 1460 1202 1506 tergum
1228 1470 1357 1495 rursus
1386 1457 1463 1494 sive
1480 1469 1605 1494 amore

72 1521 148 1559 sive
184 1521 272 1559 odio
309 1522 540 1572 cuiusquam,
577 1521 654 1559 sive
688 1521 779 1559 item
816 1534 880 1572 spe
913 1522 1027 1560 ullius
1063 1521 1156 1559 boni
1190 1521 1267 1560 sive
1293 1522 1478 1559 malorum
1503 1525 1605 1559 metu

72 1585 290 1636 respiciatis,
323 1598 507 1623 memores
535 1585 676 1636 alioqui
703 1585 831 1623 uxoris
859 1585 973 1629 Loth,
1003 1585 1062 1623 cui
1088 1585 1237 1623 exitiale
1264 1586 1336 1624 fuit
1358 1585 1603 1636 retrospexis-

74 1660 124 1693 se,
160 1661 244 1686 cum
278 1648 352 1686 alio
388 1649 459 1687 iter
496 1662 604 1686 suum
641 1662 685 1687 ex
720 1649 898 1687 mandato
934 1649 1090 1687 Domini
1126 1662 1208 1687 cum
1233 1650 1368 1688 marito
1397 1663 1464 1688 suo
1491 1649 1603 1688 insti-

72 1712 218 1751 tuisset.
258 1713 332 1751 Sed
358 1717 447 1764 opto
475 1726 542 1751 vos
569 1713 770 1764 prudenter
797 1714 910 1752 etiam
935 1714 1122 1765 progredi,
1150 1727 1209 1759 ne,
1236 1716 1325 1753 dum
1353 1715 1516 1765 Scyllam
1543 1715 1601 1752 vi·

72 1783 150 1815 tare
186 1779 386 1824 conamini,
422 1779 462 1816 in
499 1779 730 1829 Charybdin,
763 1784 805 1817 ut
841 1783 897 1817 est
931 1779 971 1818 in
998 1779 1209 1831 proverbio,
1235 1780 1333 1818 forte
1360 1780 1599 1824 delabamini,

73 1841 175 1892 quod
218 1841 329 1880 absit.
392 1842 524 1892 Neque
559 1854 646 1879 vero
682 1842 814 1879 mundi
850 1841 912 1880 hic
944 1842 1185 1894 prudentiam
1219 1843 1259 1881 in
1295 1843 1404 1881 vobis
1439 1843 1603 1894 requiro,

72 1918 166 1956 quae
201 1905 314 1943 fidem
349 1905 489 1957 alioqui
524 1910 693 1944 nostram
727 1906 768 1944 in
803 1906 1012 1945 ministerio
1047 1911 1111 1946 aut
1146 1911 1255 1946 vocat
1289 1907 1331 1946 in
1359 1908 1514 1946 dubium
1541 1915 1603 1945 aut

74 1975 171 2008 certe
205 1970 370 2008 maxima.
404 1983 449 2008 ex
483 1974 588 2021 parte
623 1975 843 2010 remoratur.
892 1971 1005 2009 Hanc
1032 1972 1106 2009 sibi
1132 1971 1296 2010 habeant
1323 1972 1507 2024 sapientes
1534 1973 1603 2017 illi,

72 2034 137 2084 qui
172 2034 330 2071 rationis
365 2047 452 2072 suae
487 2034 655 2072 consiliis
683 2034 908 2086 disquirunt,
943 2035 1074 2074 Deone
1099 2036 1218 2084 magis
1245 2050 1294 2074 an
1321 2050 1408 2075 vero
1437 2037 1600 2075 homini-

75 2099 143 2135 bus
181 2097 341 2136 debeant
376 2098 542 2138 obedire.
596 2098 669 2136 Sed
704 2099 798 2137 illud
833 2100 1054 2151 prudentiae
1091 2114 1209 2150 genus
1246 2101 1354 2139 vobis
1389 2115 1410 2139 a
1437 2101 1601 2139 Domino

72 2174 214 2212 precor,
249 2162 350 2213 quod
387 2162 558 2201 Christus
593 2163 749 2214 ipsemet
784 2163 968 2202 Dominus
1004 2165 1176 2203 fidelitati
1208 2165 1250 2203 in
1284 2166 1494 2204 ministerio
1532 2167 1600 2204 ad-

70 2227 217 2277 iungit:
253 2240 386 2279 nempe
413 2233 464 2272 ut,
491 2240 576 2265 cum
603 2228 695 2265 certi
721 2228 850 2275 simus,
876 2228 954 2266 Deo
984 2230 1102 2279 magis
1129 2243 1241 2281 quam
1268 2231 1484 2269 hominibus
1512 2231 1601 2270 obe·

72 2292 250 2330 ‹liendum
285 2305 375 2337 esse,
409 2292 461 2330 ita
493 2292 786 2330 inobedientiam
823 2293 933 2332 nobis
961 2307 1109 2332 omnem
1137 2295 1329 2333 vitandam
1356 2309 1435 2334 esse
1461 2297 1601 2335 intelli-

71 2370 216 2405 gamus,
245 2369 302 2399 ne,
330 2357 416 2394 dum
444 2356 493 2394 ab
519 2370 595 2394 una
621 2362 727 2408 parte
755 2370 822 2395 nos
849 2357 888 2396 in
917 2358 1014 2396 viam
1041 2359 1195 2397 rediisse
1212 2364 1400 2410 putamus,
1418 2361 1466 2398 ab
1485 2362 1600 2399 altera

70 2434 219 2459 rursum
244 2424 350 2472 parte
370 2434 390 2458 a
419 2420 477 2458 via
503 2425 604 2459 recta
632 2421 885 2467 deflectamus,
912 2421 984 2460 hoc
1009 2426 1077 2468 est,
1103 2425 1215 2472 (103)
1243 2437 1302 2471 ne,
1330 2424 1418 2463 dum
1436 2425 1601 2477 Papismi

72 2485 299 2536 impietatem
325 2488 497 2522 excutere
525 2498 715 2531 conamur,
740 2485 824 2523 aliis
850 2499 999 2524 rursum
1026 2487 1137 2525 sectis
1163 2488 1308 2539 ipsique
1338 2489 1430 2528 adeo
1448 2490 1600 2528 Atheis-

71 2562 133 2587 mo
169 2549 270 2587 viam
304 2549 556 2600 imprudentes
592 2549 813 2600 aperiamus.
866 2550 1052 2601 Equidem
1084 2565 1161 2589 non
1188 2551 1327 2591 dormit
1354 2554 1481 2598 Satan,
1508 2554 1598 2592 dum

71 2625 186 2663 regno
223 2625 290 2651 suo
324 2613 530 2664 periculum
564 2613 758 2651 imminere
785 2613 897 2654 videt.
950 2614 1000 2653 Et
1026 2614 1112 2653 licet
1139 2628 1409 2668 nonnunquam
1436 2619 1532 2656 terre
1558 2619 1598 2656 id

73 2682 240 2727 cogatur,
274 2682 327 2723 ut,
364 2677 474 2715 domo
512 2690 579 2715 sua
614 2681 778 2723 exactus,
814 2678 883 2716 hac
910 2682 1020 2730 atque
1045 2679 1132 2718 illac
1158 2681 1317 2720 extorris
1343 2686 1499 2731 vagetur
1526 2682 1596 2720 do-

73 2755 247 2794 mumque
280 2742 397 2787 illam,
432 2755 477 2780 ex
514 2755 586 2793 qua
619 2746 676 2780 est
702 2743 852 2788 eiectus,
878 2743 926 2781 ab
952 2744 1036 2782 aliis
1062 2745 1268 2796 repurgari,
1295 2759 1508 2798 quanquam
1537 2747 1597 2786 in-

72 2807 184 2852 vitus,
215 2808 322 2853 ferat,
349 2820 427 2845 non
453 2812 579 2845 tamen
608 2812 740 2852 cessat,
765 2811 965 2859 postquam
990 2815 1142 2848 exactus
1168 2815 1237 2856 est,
1264 2811 1327 2849 sed
1356 2824 1495 2849 novum
1524 2813 1596 2852 sibi

72 2871 286 2911 sodalitium
320 2873 438 2911 multo
466 2872 578 2911 etiam
605 2872 817 2911 sceleratius
845 2873 1032 2920 adsciscit,
1059 2876 1165 2914 cuius
1192 2870 1261 2926 ope
1289 2875 1440 2913 domum
1468 2889 1593 2916 rursus

126 2935 159 2974 Ι.
1397 2943 1442 2978 25
