1818 3178
631 103 749 133 runo.
777 100 870 132 mu.
898 98 1094 129 rancor.
1554 85 1626 122 253

99 211 182 263 ipsa
227 208 406 261 loquitur.
461 208 519 272 Ac
553 205 710 258 proinde
747 218 830 243 cum
864 204 945 255 ipsa
983 201 1149 254 corporis
1185 203 1222 238 et
1259 197 1452 248 sanguinis
1490 195 1631 235 Christi

101 274 341 328 participatio
376 272 416 310 in
455 284 571 309 coena
605 270 653 308 sit
688 283 782 321 opus
817 269 937 306 bonae
971 280 1059 316 erga
1094 277 1163 304 nos
1190 262 1394 303 voluntatis
1421 274 1465 299 ac
1490 260 1634 310 gratiae

104 339 176 378 Dei
210 340 251 377 in
288 337 453 383 Christe,
488 335 561 374 fide
595 335 700 373 illam
735 333 907 385 inprimis
935 329 1161 384 apprehendi
1186 332 1368 380 oportere,
1403 339 1481 365 non
1509 329 1634 364 autem

102 417 167 442 ore
208 402 348 441 carnali
384 401 464 439 sine
499 400 586 446 fide,
626 397 940 451 quemadmodum
974 395 1095 434 nostri
1130 392 1332 432 adversarii
1360 391 1533 436 clamant,
1570 389 1635 440 qui

104 474 229 508 tamen
257 470 462 505 assertores
491 464 748 503 Confessionis
777 465 940 512 August.
967 460 1085 498 videri
1112 459 1258 497 volunt.

156 532 219 570 Ad
254 532 439 583 quintum.
485 531 514 578 ¹)
561 529 756 567 Praeterea
792 525 1030 575 agnoscimus
1067 527 1178 574 atque
1221 520 1444 571 agnovimus
1482 530 1637 569 semper,

107 596 317 636 doctrinam
355 608 483 633 eorum
511 594 679 631 omnium
706 605 785 630 esse
815 590 1005 628 doctrinae
1033 587 1271 626 Pharisaicae
1299 585 1467 630 similem,
1495 583 1572 635 qui,
1598 586 1639 620 ut

109 663 198 702 fidei
223 661 489 713 proprietatem
517 659 721 697 obscurent
748 660 858 706 atque
887 655 1062 698 obruant,
1103 653 1141 690 in
1169 664 1239 689 usu
1266 650 1367 687 illam
1398 662 1534 698 coenae
1561 647 1641 685 Do-

114 728 209 767 mini
250 740 328 766 non
365 725 560 777 requirunt
588 723 635 761 ad
661 721 828 772 corporis
856 723 892 757 ct
919 716 1113 767 sanguinis
1143 715 1282 753 Christi
1309 712 1644 765 participationem,

115 792 180 831 sed
209 791 312 843 operi
340 794 491 842 operato
519 789 621 826 illam
650 785 843 825 ascribunt
880 783 959 821 sine
986 782 1088 819 bono
1116 785 1220 818 motu
1245 779 1444 824 utentium,
1480 778 1551 814 hoc
1578 779 1646 821 est,

112 858 193 896 sine
219 857 304 895 fide.
335 857 393 894 Ac
418 853 577 906 proinde
604 865 678 890 una
706 863 789 888 cum
817 850 979 898 August.
1009 845 1255 884 Confessione
1282 845 1370 892 (23)
1398 855 1528 880 eorum
1557 841 1646 878 doc-

112 922 253 960 trinam
281 933 423 972 semper
449 906 758 970 improbavimus,
786 913 851 964 qui
877 911 925 950 ab
951 911 1078 962 impiis
1105 908 1259 960 perinde
1285 911 1396 958 atque
1424 919 1444 943 a
1471 905 1542 957 piis
1563 917 1646 941 cor·

112 1000 181 1038 pus
220 985 360 1024 Christi
389 982 544 1021 Domini
580 980 640 1018 edi
665 979 705 1016 in
735 989 849 1015 coena
877 987 944 1012 sua
969 978 1005 1011 et
1035 971 1253 1021 sanguinem
1283 971 1362 1008 eius
1391 968 1471 1006 bibi
1498 968 1646 1005 docent.

117 1051 315 1089 Quatenus
350 1048 449 1086 enim
487 1058 619 1096 corpus
653 1041 793 1081 Christi
829 1039 985 1077 Domini
1018 1037 1065 1075 ab
1099 1035 1224 1086 impiis
1260 1035 1301 1072 in
1330 1046 1443 1071 coena
1471 1031 1550 1070 sine
1576 1031 1650 1068 fide

114 1116 249 1161 editur,
296 1127 342 1152 ex
376 1125 486 1163 opere
521 1109 616 1147 illud
653 1110 804 1158 operato
839 1103 971 1155 procul
1009 1101 1125 1139 dubio
1162 1100 1209 1137 ab
1245 1099 1320 1136 illis
1357 1098 1417 1136 edi
1450 1095 1652 1148 oportebit,

116 1178 297 1232 quiequid
324 1177 386 1215 hic
414 1175 567 1214 omnino
597 1171 790 1210 doctrinae
818 1181 904 1207 suae
929 1168 1161 1218 praetexant,
1188 1176 1302 1214 quam
1333 1175 1421 1200 sane
1442 1160 1652 1199 doctrinam

117 1245 179 1282 hic
206 1243 253 1281 ab
283 1244 506 1291 Augustana
535 1236 780 1276 Confessione
808 1233 944 1271 diserte
971 1230 1142 1269 damnari
1167 1229 1349 1267 videmus.

170 1308 232 1346 Ad
266 1307 440 1358 primum.
469 1305 500 1353 ²)
558 1303 751 1340 Postremo
789 1297 1028 1348 agnoscimus
1064 1299 1099 1333 et
1126 1294 1349 1345 agnovimus
1381 1303 1522 1342 semper
1549 1289 1655 1327 iuxta

118 1372 216 1410 hanc
253 1371 414 1422 capitum
450 1368 610 1407 istorum
647 1363 870 1409 doctrinam,
914 1361 1014 1412 quod
1047 1360 1087 1398 in
1125 1372 1241 1397 coena
1277 1356 1430 1395 Domini
1467 1368 1542 1392 una
1572 1366 1656 1391 cum

118 1449 215 1488 pane
250 1439 286 1472 et
323 1434 423 1479 vino,
459 1433 530 1470 hoc
565 1434 633 1476 est,
671 1429 758 1467 dum
793 1427 884 1478 pani
919 1429 955 1463 et
983 1425 1071 1463 vino
1102 1436 1238 1461 coenae
1267 1419 1546 1472 participamus,
1572 1431 1656 1456 vere

120 1500 368 1538 exhibeantur
405 1509 539 1548 corpus
567 1499 603 1533 et
632 1493 786 1543 sanguis
816 1491 968 1537 Christi,
1008 1489 1081 1527 fide
1108 1485 1345 1540 percipienda
1372 1486 1412 1523 in
1439 1483 1655 1522 alimoniam

125 1568 295 1603 nostram
322 1562 369 1601 ad
397 1562 513 1600 vitam
541 1563 745 1598 aeternam.

174 1628 281 1666 Haec
314 1627 368 1664 ita
404 1622 805 1676 semper-agnovimus
845 1624 957 1671 atque
993 1618 1197 1657 etiamnum
1236 1614 1475 1665 agnoscimus
1504 1612 1548 1650 de
1576 1624 1659 1649 cor-

122 1693 225 1745 poris
264 1695 301 1730 et
338 1689 535 1740 sanguinis
569 1687 708 1726 Christi
744 1686 784 1723 in
822 1697 937 1722 coena
973 1696 1039 1721 sua
1065 1680 1275 1733 praesentia
1304 1683 1333 1728 ³)
1363 1676 1594 1716 exhibitione
1621 1678 1658 1713 et

123 1754 534 1809 participa-(24)tione.
587 1752 635 1789 In
671 1749 808 1801 quibus
846 1746 994 1785 ostendi
1030 1745 1142 1783 nobis
1172 1743 1341 1794 cupimus
1369 1738 1658 1791 repugnantiam

123 1822 241 1860 ullam
277 1834 361 1858 cum
397 1821 559 1868 August.
600 1815 858 1859 Confessione,
894 1815 958 1850 aut
986 1810 1167 1862 quidnam
1203 1822 1224 1845 a
1251 1807 1361 1845 nobis
1389 1805 1451 1843 hic
1478 1805 1526 1843 sit
1552 1816 1658 1855 prae-

124 1886 352 1930 termissum,
387 1883 489 1935 quod
524 1882 564 1919 in
599 1882 681 1932 ipsa
719 1878 860 1930 alioqui
888 1879 1047 1926 August.
1079 1872 1325 1913 Confessione
1351 1871 1391 1909 in
1418 1883 1462 1908 eo
1488 1869 1569 1920 ipso
1599 1881 1659 1906 ar-

125 1954 304 2001 gumento
347 1949 541 1986 habeatur.
596 1946 802 1989 Caeterum,
840 1941 872 1980 si
910 1953 1030 1991 neque
1064 1937 1368 1990 praetermissum
1402 1935 1604 1986 quicquam
1639 1945 1661 1969 a

127 2015 239 2053 nobis
274 2027 354 2052 esse
390 2025 436 2050 ex
473 2012 635 2061 August.
674 2007 921 2047 Confessione
957 2004 1079 2056 (quod
1116 2003 1267 2054 quidem
1302 2000 1348 2038 ad
1388 2012 1537 2038 causam
1563 1997 1660 2035 hanc

129 2080 273 2126 faciat),
308 2090 429 2129 neque
453 2076 543 2113 item
578 2086 751 2126 pugnans
790 2084 874 2109 cum
908 2070 972 2107 illa
1009 2068 1208 2120 quicquam
1244 2066 1285 2103 in
1320 2068 1450 2102 nostra
1489 2061 1661 2100 doctrina

130 2142 277 2181 ostendi
314 2141 375 2178 hic
408 2143 552 2191 potcst3
591 2138 750 2188 denique
778 2136 810 2173 si
836 2147 905 2173 nos
932 2135 972 2171 in
1001 2131 1300 2171 adversariorum
1328 2133 1542 2166 nostrorum
1571 2125 1662 2163 doc-

130 2207 242 2252 trina,
277 2206 343 2257 qui
376 2217 445 2243 nos
472 2204 520 2241 ab
547 2204 628 2254 ipsa
656 2204 819 2251 August.
848 2199 1094 2237 Confessione
1122 2194 1318 2234 dissentire
1347 2193 1509 2230 clamant
1539 2190 1663 2228 illius-

133 2284 204 2323 que
238 2284 276 2308 se
301 2272 598 2321 propugnatores
626 2278 705 2304 esse
732 2262 933 2307 somniant,
960 2259 1168 2312 pugnantia
1197 2270 1282 2295 cum
1308 2256 1388 2307 ipsa
1417 2252 1664 2292 Confessione

135 2330 663 2378 commonstramus,—facile
688 2328 741 2380 pii
768 2340 897 2365 omnes
916 2325 1081 2363 iudicare
1099 2325 1269 2374 possunt,
1290 2333 1364 2371 quo
1379 2319 1512 2357 merito
1534 2320 1664 2355 nostro

136 2399 381 2438 dissensionis
417 2397 542 2436 nescio
578 2394 683 2432 cuius
720 2393 767 2430 ab
803 2393 962 2441 August.
1001 2387 1247 2426 Confessione
1284 2386 1322 2423 in
1361 2397 1472 2422 causa
1509 2383 1578 2420 hac
1605 2395 1665 2419 sa·

137 2465 382 2504 cramentaria
418 2474 656 2506 accusemur,
694 2472 777 2496 cum
806 2457 955 2508 ipsimet
982 2453 1124 2505 alioqui
1151 2454 1385 2490 accusatores
1413 2449 1533 2488 nostri
1557 2447 1598 2485 in
1626 2459 1667 2484 ea

138 2532 220 2583 ipsa
248 2530 354 2581 culpa
381 2529 567 2573 haereant,
595 2525 700 2563 cuius
728 2535 798 2561 nos
825 2520 1040 2560 insimulare
1068 2521 1264 2556 conantur.
1292 2517 1378 2564 (25)

190 2596 349 2633 Possent
392 2597 515 2631 autem
552 2587 836 2628 commemorari
870 2585 988 2624 multa
1021 2584 1093 2622 alia
1128 2583 1166 2621 in
1206 2581 1378 2620 doctrina
1413 2582 1668 2618 accusatorum

141 2664 368 2705 nostrorum,
395 2670 489 2709 quae
515 2667 636 2706 neque
663 2666 747 2691 cum
768 2653 929 2701 August.
955 2646 1224 2694 Confessionis,
1252 2658 1372 2697 neque
1399 2657 1481 2682 cum
1503 2641 1670 2681 Catholi-

188 2804 212 2842 ¹)
236 2802 334 2834 Deest
355 2801 388 2832 in
412 2799 490 2832 Cod.
514 2796 662 2830 Francof.
768 2794 795 2833 ²)
819 2792 916 2824 Deest
938 2790 971 2822 in
993 2788 1071 2822 Cod.
1094 2787 1241 2821 Francos,

187 2858 214 2898 3)
238 2856 436 2889 Vocabulum
454 2852 637 2896 praesentia
660 2852 693 2882 in
717 2849 794 2882 cod.
818 2847 965 2880 Francos.
989 2845 1196 2878 desideratur.
