1818 3178
221 102 291 136 2²58
750 107 864 133 runc.
897 105 985 132 mx,
1018 105 1209 134 FRANCOP.

217 214 366 248 nostros
403 209 472 247 sub
508 207 685 257 mysterio
714 207 804 256 poni
830 209 942 256 atque
968 206 1137 244 exhiberi
1163 206 1343 245 videmus
1399 208 1596 246 Quatenus
1622 208 1738 258 igitur

213 274 251 310 id
282 286 416 310 coenae
434 271 654 309 Dominicae
681 270 813 307 tribuit
834 270 1008 319 Cyrinus,
1035 270 1136 320 quod
1162 270 1203 308 id
1228 271 1267 309 in
1288 272 1398 309 nobis
1426 273 1679 321 effi-(64)ciat‚
1696 277 1739 311 ut

217 338 386 374 Christus
417 335 599 373 Dominus
629 334 870 384 corporaliter
898 335 937 371 in
966 334 1077 372 nobis
1107 334 1317 381 habitet‚—
1335 335 1516 374 hactenus
1544 350 1632 375 sane
1658 351 1738 374 ma-

213 402 389 439 nifestum
423 404 490 445 est,
525 400 630 436 illum
660 412 736 436 non
765 399 810 436 de
836 403 990 437 externa
1020 401 1050 447 ¹)
1076 399 1242 437 ministri
1271 401 1541 448 benedictione,
1569 415 1663 452 quae
1690 402 1737 439 ad

214 466 324 502 corda
359 477 423 515 per
460 478 498 501 se
533 467 675 507 nostra,
709 466 752 500 ut
789 463 930 500 dictum
966 468 1033 508 est,
1068 476 1146 501 non
1181 464 1373 514 pertingit,
1409 465 1472 503 sed
1513 466 1557 504 de
1590 467 1738 504 interna

210 529 333 580 potius
361 530 393 576 2)
429 528 606 578 mysticae
642 527 913 565 benedictionis
949 527 1085 565 virtute
1118 528 1236 579 loqui,
1272 542 1366 580 quae
1402 543 1440 567 se
1475 544 1540 581 per
1567 531 1739 581 spiritum

211 597 380 631 sanctum
415 593 513 630 intra
542 605 610 630 nos
637 591 677 629 in
705 591 815 629 corde
843 596 970 629 nostro
998 592 1128 635 exerit,
1155 596 1191 629 et
1218 593 1321 639 facit,
1354 597 1397 631 ut
1424 593 1469 631 de
1496 598 1624 632 nostra
1653 607 1736 632 cum

211 658 360 695 Christo
397 649 574 703 Domino,
608 670 684 694 non
720 660 867 694 tantum
905 656 1102 707 spirituali,
1138 656 1202 694 sed
1239 657 1351 694 etiam
1379 659 1542 696 naturali
1570 672 1738 696 commu·

209 723 339 766 nione,
385 735 520 759 coenae
555 721 770 759 testimonio
808 721 904 758 nihil
940 721 1093 758 omnino
1133 720 1358 760 dubitemus.
1414 723 1475 760 Ad
1510 737 1621 773 quem
1654 737 1737 761 mo·

210 786 297 824 dum
324 787 355 833 3)
392 786 533 836 alioqui
570 785 634 822 alii
669 786 782 823 etiam
818 789 903 822 ante
940 785 1121 834 Cyrillum
1157 789 1281 836 patres
1318 786 1522 824 orthodoxi
1549 787 1594 826 de
1622 800 1737 825 coena

208 850 364 887 Domini
391 850 610 900 loquuntur.

257 914 358 963 Ergo
397 927 516 964 neque
552 914 683 951 citatus
718 913 789 951 iste
823 913 861 950 in
890 913 1077 963 Apologia
1112 914 1216 951 locus
1245 914 1378 964 Cyrilli
1407 915 1647 965 dogmatibus
1674 929 1737 954 ac·

208 983 421 1016 cusatorum
466 982 681 1016 nostrorum
725 978 982 1029 patrocinatur
1026 979 1100 1015 ullo
1137 978 1263 1017 modo.
1318 979 1390 1017 Sed
1426 980 1736 1030 quemadmodum

208 1043 370 1092 Cyrillus
406 1043 481 1080 illis
517 1043 589 1080 hoc
624 1043 708 1080 loco
736 1043 833 1080 nihil
859 1043 1012 1080 omnino
1042 1042 1276 1091 suffragatur,
1302 1043 1386 1080 aliis
1414 1057 1500 1081 vero
1527 1044 1621 1082 locis
1647 1045 1735 1082 infi-

207 1108 295 1145 nitis
336 1107 534 1145 manifeste
575 1111 778 1157 repugnat,
814 1107 859 1144 ad
896 1108 1055 1144 eundem
1090 1120 1178 1145 sane
1213 1107 1365 1144 modum
1401 1107 1514 1145 etiam
1550 1108 1735 1159 Apologia

204 1173 296 1223 ipsa,
323 1176 507 1222 quatenus
537 1185 574 1209 se
603 1185 685 1209 cum
714 1173 798 1219 (65)
828 1171 969 1221 Cyrillo
999 1172 1137 1210 sentire
1165 1172 1235 1209 hac
1261 1172 1299 1209 in
1329 1176 1433 1223 parte
1461 1173 1610 1218 fatetur,
1638 1172 1735 1210 nihil

205 1237 280 1275 illis
309 1236 503 1286 suffragari
529 1240 664 1287 potest.

256 1302 451 1340 Habemus
484 1302 622 1352 itaque,
660 1300 870 1338 doctrinam
907 1303 1074 1338 nostram
1111 1300 1155 1338 de
1193 1300 1334 1338 Christi
1369 1300 1526 1344 Domini
1551 1301 1592 1339 in
1621 1314 1734 1339 coena

204 1381 270 1405 sua
296 1366 517 1418 praesentia,
544 1379 619 1403 non
648 1366 760 1403 modo
789 1379 867 1403 non
894 1379 974 1403 esse
1002 1365 1162 1403 alienam
1189 1365 1236 1403 ab
1265 1369 1488 1414 Augustana
1517 1366 1734 1404 Confessi&

204 1446 251 1470 ne
287 1432 438 1482 eiusque
474 1431 672 1482 Apologia.
707 1444 779 1481 quo
816 1431 967 1481 quidem
1004 1431 1155 1468 nomine
1183 1439 1423 1476 accusamur,
1464 1431 1528 1469 sed
1554 1431 1734 1482 ipsosmet

205 1500 354 1534 nostros
381 1500 616 1533 accusatores
643 1496 683 1532 in
710 1508 766 1540 eo,
801 1495 840 1532 in
868 1507 942 1545 quo
971 1508 1039 1532 nos
1068 1498 1257 1540 accusant,
1286 1508 1370 1532 cum
1397 1507 1438 1532 ea
1465 1495 1546 1545 ipsa
1571 1496 1732 1545 August.

206 1560 449 1598 confessione
493 1563 529 1597 et
570 1559 649 1597 eius
685 1558 871 1610 Apologia
909 1558 1111 1596 consistere
1156 1572 1233 1596 non
1273 1571 1395 1609 posse.
1449 1558 1608 1596 Utinam
1645 1572 1732 1597 vero

205 1625 319 1662 finem
359 1624 637 1661 accusationum
684 1636 726 1660 ac
770 1623 1086 1673 praeiudiciorum
1129 1622 1346 1660 istiusmodi
1383 1623 1495 1660 semel
1530 1622 1730 1673 aliquando

204 1688 356 1726 tandem
392 1688 605 1731 habeamus,
651 1691 687 1725 et
713 1687 891 1737 quicquid
919 1690 975 1723 est
1004 1686 1244 1724 dissidiorum
1270 1686 1310 1724 in
1339 1686 1520 1732 Ecclesia,
1545 1687 1584 1724 id
1611 1691 1732 1725 totum

204 1752 333 1790 amicis
377 1756 412 1790 et
456 1751 678 1790 Christianis
715 1750 910 1801 colloquiis
946 1751 986 1788 in
1023 1751 1175 1788 lenitate
1218 1755 1254 1789 et
1296 1751 1481 1789 modestia
1518 1751 1731 1790 Christiana

206 1816 443 1867 consopiatur
470 1816 516 1853 ad
543 1816 703 1865 gloriam
739 1815 785 1853 D.
814 1815 979 1852 nominis
1014 1819 1049 1852 et
1077 1815 1266 1853 Ecclesiae
1303 1829 1391 1853 suae
1418 1816 1729 1866 pacificationem.

204 1884 338 1927 Amen,
365 1882 497 1926 Amen,
523 1883 657 1919 Amen.
684 1883 731 1928 4).
760 1881 845 1928 (66)

758 2019 1172 2070 Subscripsimus:

553 2159 794 2197 IOANNES
822 2159 844 2197 a
872 2159 1061 2205 LASCO‚
1086 2172 1199 2197 manu
1227 2160 1387 2212 propria.

552 2237 787 2275 Valerandus
814 2237 1004 2276 Pollanus.

554 2300 815 2347 Gu(i)lielmus
842 2299 1088 2350 Houbraque.

554 2364 743 2401 Robertus
772 2363 943 2403 Hornus.

551 2428 681 2465 Petrus
709 2427 916 2467 Dathenus.

862 2577 1050 2606 FINIS.

241 2793 264 2831 ⁵)
288 2792 365 2824 Cod.
387 2793 548 2824 Francofi:
572 2796 698 2825 esterna
721 2797 794 2827 tam.
880 2798 906 2836 Ξ)
930 2797 992 2829 Ib.:
1012 2798 1117 2839 phtius
1141 2799 1245 2832 etiam.
1314 2800 1340 2838 ³)
1364 2799 1428 2831 Ib.:
1453 2801 1720 2842 quemadmodum.

236 2848 263 2887 ⁴>
288 2848 325 2879 In
349 2848 426 2880 Cod.
450 2848 596 2881 Francof.
619 2850 716 2882 Amen
740 2852 864 2883 nonnisi
890 2853 986 2885 semel
1010 2854 1169 2887 scribitur.
