1818 3178
175 114 248 150 258
707 114 821 141 PURG.
852 111 942 141 MIN.
972 109 1166 140 FRANcoF.

176 223 363 261 tissimum
401 219 536 268 scripto
565 215 667 253 aliud
695 213 895 264 scripserit,
923 212 1024 251 aliud
1053 224 1139 250 vero
1168 213 1336 257 senserit,
1373 225 1458 250 cum
1485 211 1598 250 verba
1623 211 1704 263 ipsa

184 283 438 325 Confessionis
474 280 666 332 perspicua
701 291 780 316 esse
810 268 972 322 constet,
1008 280 1043 314 et
1080 277 1136 313 vir
1171 277 1234 314 ille
1270 278 1341 315 hoc
1378 278 1417 314 in
1456 276 1586 327 primis
1614 277 1713 314 dono

181 351 266 389 aliis
314 347 532 390 antecellat,
577 344 679 395 quod
715 342 839 380 omnia
877 343 973 379 clare
1008 342 1201 392 perspicue
1237 355 1279 380 ac
1316 342 1532 392 simpliciter
1568 345 1716 380 tractet.

188 414 334 452 Quodsi
370 410 613 460 1·eli-(37)qui
648 412 796 445 autores
833 406 1090 445 confessionis
1125 405 1313 443 diversum
1349 406 1492 456 aliquid
1521 409 1718 443 senserunt

181 481 228 517 ab
265 492 307 516 ea
346 475 529 519 doctrina,
565 487 658 524 quae
696 473 736 510 in
771 472 851 522 ipsa
889 471 1134 509 Confessione
1162 470 1261 508 edita
1290 471 1460 517 liabetur,
1496 476 1607 521 atque
1634 469 1714 508 eius

182 542 235 579 rei
273 545 378 578 tanto
414 539 488 576 iam
524 542 690 587 tempore
726 537 869 574 nullam
897 535 1051 572 omnino
1078 534 1227 585 publice
1258 536 1285 582 ¹)
1314 535 1623 584 significationem
1652 533 1717 571 de-

186 608 392 649 derunt,—
412 603 584 654 equidem
612 615 740 639 eorum
768 600 955 638 silentium
984 599 1095 637 nobis
1123 599 1248 636 fraudi
1268 612 1346 637 esse
1368 613 1443 637 non
1461 599 1581 645 debet,
1609 603 1661 644 ut,
1687 599 1719 636 si

184 672 231 709 ab
268 670 342 707 illis
378 668 652 713 dissentiamus,
681 668 712 714 ς3)
750 666 874 703 eadem
913 665 1022 702 simul
1061 677 1170 714 opera
1197 664 1244 701 ab
1272 664 1352 715 ipsa
1381 678 1527 715 quoque
1554 665 1716 713 August.

188 733 432 772 Confessione
460 730 656 769 dissentire
685 742 910 766 censeamur.
940 728 1031 765 Esto
1061 731 1196 773 autem,
1224 726 1395 764 dederint
1423 727 1718 777 qualemcunque

187 797 502 847 significationem
530 795 665 846 reliqui
693 797 854 836 autores,
882 793 958 830 sive
976 792 1173 843 privatam,
1201 791 1277 828 sive
1299 791 1501 841 publicam,
1521 804 1558 828 se
1577 790 1718 841 aliquid

185 863 226 901 in
265 861 507 899 Confessione
540 860 620 911 ipsa
659 858 877 896 desiderare.
928 857 1175 906 Posteaquam
1214 856 1409 893 Confessio
1446 855 1609 907 ipsa,·ab
1636 855 1717 905 ipso

190 927 331 977 alioqui
358 930 486 963 autore
513 924 717 974 recognita,
744 922 912 960 omnium
941 921 1095 972 Imperii
1123 920 1312 958 Ordinum
1340 921 1550 964 autoritate,
1576 922 1619 956 ut
1644 919 1718 956 iam

188 991 288 1029 edita
325 990 494 1035 habetur,
530 988 747 1039 approbata,
783 1000 827 1023 ac
861 986 950 1037 pub.
988 985 1097 1023 etiam
1126 985 1275 1022 foedere
1303 985 1445 1022 sancita
1472 988 1539 1027 est,
1564 1005 1614 1011 —-
1641 995 1719 1020 non

189 1055 361 1106 equidem
405 1054 506 1091 illam
550 1066 594 1090 ex
637 1053 866 1102 reliquorum
911 1055 1084 1088 autorum
1119 1049 1301 1087 sententia
1337 1062 1380 1086 ac
1414 1048 1721 1099 interpretatione

190 1121 315 1170 (cuius
350 1119 491 1170 alioqui
526 1119 648 1155 fontes
675 1117 715 1154 in
742 1117 821 1167 ipsa
850 1116 1094 1153 Confessione
1122 1128 1307 1166 nusquam
1335 1115 1493 1162 extent),
1521 1114 1585 1151 sed
1611 1118 1716 1150 auto-

191 1200 272 1223 rum
315 1185 440 1235 potius
485 1185 635 1221 illorum
680 1182 845 1219 omnium
883 1181 1105 1218 sententiam
1142 1186 1252 1231 atque
1293 1179 1640 1231 interpretationem
1676 1191 1721 1216 ex

194 1249 437 1287 Confessione
471 1249 552 1298 ipsa
588 1242 738 1297 eiusque
777 1246 945 1284 doctrina
973 1247 1058 1294 (38)
1086 1245 1208 1282 metiri
1248 1253 1360 1296 atque
1387 1245 1582 1283 aestimare
1610 1256 1719 1294 opor-

192 1313 296 1351 tebit.
329 1312 450 1350 Quid!
481 1312 511 1347 si
540 1324 585 1348 ne
612 1311 709 1347 inter
738 1314 883 1347 autores
911 1309 1061 1359 quidem
1090 1308 1190 1359 ipsos
1219 1308 1477 1345 confessionis
1504 1321 1568 1358 per
1595 1306 1721 1344 omnia

194 1377 283 1415 satis
321 1376 530 1420 conveniat,
566 1378 629 1412 aut
656 1374 770 1424 aliqui
797 1374 949 1410 illorum
978 1386 1082 1410 suam
1110 1372 1222 1410 etiam
1250 1372 1436 1422 deinceps,
1465 1376 1504 1409 ut
1531 1384 1608 1409 non
1635 1383 1719 1408 raro

194 1443 259 1485 fit,
302 1440 522 1478 sententiam
567 1440 664 1476 forte
699 1438 902 1482 mutarint,
940 1439 972 1484 3)
1007 1436 1233 1487 pendebitne
1274 1436 1395 1473 adhuc
1433 1435 1604 1472 doctrina
1643 1434 1723 1485 ipsa

196 1505 451 1544 Confessionis
496 1518 540 1542 ex
582 1504 749 1554 ipsorum
785 1502 1117 1553 interpretatione?
1163 1514 1206 1538 ac
1241 1514 1317 1538 non
1352 1500 1478 1551 potius
1516 1499 1722 1537 doctrinam

192 1570 340 1606 illorum
371 1580 517 1605 omnem
547 1566 593 1603 ad
623 1565 903 1616 comprobatam
931 1564 1087 1615 Imperii
1114 1563 1317 1601 autoritate
1345 1562 1603 1610 Qonfessionis
1631 1561 1720 1599 doc-

191 1635 331 1672 trinam
364 1633 493 1671 referri
533 1630 747 1682 oportebit?
801 1631 857 1668 Ac
893 1643 961 1667 nos
999 1629 1148 1679 quidem
1186 1629 1248 1666 hie
1284 1628 1380 1666 nihil
1416 1627 1527 1665 nobis
1554 1639 1721 1679 pronun-

194 1699 367 1736 ciandum
394 1698 586 1740 sumimus,
614 1696 677 1746 qui
707 1695 750 1733 de
777 1699 948 1733 autorum
977 1707 1129 1732 numero
1159 1693 1255 1731 nihil
1277 1697 1507 1744 compertum
1525 1692 1719 1731 habemus.

195 1764 279 1808 Sed,
315 1764 345 1801 si
387 1767 443 1801 tot
481 1766 628 1799 autores
666 1759 922 1798 Confessionis
958 1759 1060 1796 illius
1088 1759 1253 1804 fuerunt,
1280 1763 1370 1809 quot
1397 1759 1512 1796 fuisse
1539 1758 1722 1802 audimus,

193 1828 330 1878 scripta
356 1827 521 1877 ipsorum
550 1829 747 1868 testantur,
775 1837 837 1861 eos
864 1824 961 1862 inter
990 1837 1067 1861 sese
1095 1837 1171 1861 non
1198 1836 1351 1874 prorsus
1372 1823 1598 1869 consentire;
1627 1835 1721 1873 quae

193 1893 314 1936 facile,
350 1892 381 1929 si
408 1905 464 1928 res
491 1891 530 1927 id
557 1889 731 1941 postulet,
758 1888 917 1939 produci
943 1892 1113 1939 possunt.
1169 1888 1259 1925 Non
1286 1888 1442 1925 efficient
1468 1887 1582 1937 igitur
1610 1899 1720 1924 aecu-

194 1962 334 1995 satores
371 1956 504 2000 nostri,
542 1959 581 1992 ut
615 1955 662 1992 ab
700 1955 863 2003 August.
902 1953 1145 1991 Confessione
1174 1953 1450 1998 dissentiamus,
1476 1952 1623 1990 etiamsi
1649 1964 1719 1989 nos

189 2035 209 2058 a
245 2021 472 2072 quibusdam
505 2020 607 2057 illius
643 2018 836 2057 autoribus
874 2018 1070 2056 dissentire
1097 2019 1294 2065 fateamur,
1330 2019 1403 2056 nisi
1431 2019 1463 2056 si
1489 2018 1599 2056 nobis
1627 2017 1716 2055 doc-

185 2086 307 2124 trinae
342 2086 508 2137 ipsorum
544 2086 666 2122 fontes
702 2083 743 2122 in
778 2084 858 2134 ipsa
895 2086 980 2132 (39)
1010 2084 1254 2122 Confessione
1283 2087 1590 2127 commonstrent,
1617 2083 1718 2134 quod

186 2151 357 2202 equidem
385 2164 405 2187 a
431 2150 578 2188 nemine
608 2150 784 2187 hactenus
811 2149 1001 2199 potuimus
1029 2149 1239 2200 impetrare.

240 2215 309 2252 Sed
338 2219 497 2265 pergunt
524 2214 645 2251 adhuc
671 2217 907 2251 accusatores
935 2213 1055 2251 nostri
1083 2221 1118 2251 et
1146 2214 1288 2259 dieunt,
1324 2213 1364 2251 in
1393 2213 1589 2251 scribenda
1616 2213 1716 2251 Con-

190 2279 350 2317 sessione
383 2279 463 2329 ipsa
499 2278 706 2329 quaesitum
743 2278 864 2316 modis
901 2279 1076 2316 omnibus
1106 2279 1220 2316 fuisss
1249 2277 1524 2328 compendium,
1553 2291 1598 2315 ne
1623 2277 1719 2315 liber

194 2344 349 2381 nimium
395 2347 640 2390 excresceret,
684 2357 727 2381 ac
762 2343 920 2394 proinde
962 2343 1142 2394 quaedam
1180 2343 1257 2380 illic
1299 2343 1427 2394 paucis
1463 2342 1632 2380 obscuris
1677 2355 1720 2380 ac

197 2407 319 2445 dubiis
358 2408 479 2444 verbis
516 2407 726 2457 conscripta
762 2420 854 2451 esse,
890 2420 983 2458 quae
1020 2407 1120 2444 varie
1157 2406 1294 2457 exponi
1319 2405 1477 2456 possint.
1523 2407 1718 2442 Caeterum

150 2508 153 2512 ,
193 2471 407 2508 adiunctam
449 2484 528 2508 esse
565 2470 802 2508 Confessioni
840 2471 1065 2521 Apologiam
1101 2471 1233 2508 eodem
1271 2471 1349 2521 ipso
1382 2473 1522 2507 autore.
1569 2468 1617 2506 In
1651 2468 1720 2506 hac

194 2536 310 2584 igitur
353 2539 511 2572 mentem
550 2535 669 2585 ipsam
704 2538 814 2586 atquc
850 2535 1137 2585 explicationem
1174 2534 1430 2573 Confessionis
1470 2533 1719 2583 quaerendam

195 2613 285 2643 esse,
322 2602 370 2644 et,
402 2599 464 2649 qui
492 2599 538 2636 ab
567 2597 752 2650 Apologia
781 2599 1035 2645 dissentirent,
1070 2599 1292 2637 iudicandos
1320 2610 1398 2636 esse
1424 2596 1471 2634 ab
1497 2596 1578 2647 ipsa
1605 2597 1717 2634 etiam

195 2663 439 2700 Confessione
467 2662 673 2701 dissentire.

236 2806 258 2843 ¹)
283 2803 361 2835 Cod.
384 2803 546 2835 Francof.:
564 2804 731 2844 publicam.
942 2807 968 2845 2)
995 2806 1060 2838 lb.:
1084 2805 1294 2838 dissentimus.

234 2859 260 2898 3)
286 2859 351 2890 Ib.:
374 2861 546 2896 mutarunt,
