1818 3178
774 147 1013 175 PRAEFATIO.
1534 147 1645 176 LXXV

138 281 158 307 n
182 263 270 300 erat
301 253 517 300 Confessio
548 251 737 295 Emdana
857 266 880 294 a
912 250 1166 293 nobilissimo
1198 250 1534 307 pientissimoque
1554 253 1644 294 viro

137 353 157 378 η
181 329 369 372 Iohanne
399 323 641 368 Utenhovio
671 324 712 365 in
744 323 956 379 belgicum
987 322 1139 364 idioma
1171 321 1413 365 t1·auslata.”
1438 322 1467 380 ¹)
1517 321 1644 375 Quod

135 402 246 444 enim
286 401 510 442 Emdanam
554 394 869 438 Confessionem
901 409 990 436 eam
1023 394 1218 450 appellet,
1250 409 1393 437 errore
1423 409 1501 451 pro
1533 393 1644 438 Con·

134 473 309 516 sessione
339 467 599 512 Londinensi
627 467 830 523 scriptum
862 480 962 517 esse,
995 480 1077 506 non
1109 472 1169 508 est
1191 465 1303 521 quod
1325 465 1487 509 disertis
1507 466 1644 509 verbis

134 544 466 586 demonstremus
496 540 542 594 ²).
599 537 783 580 Uberius
812 536 935 578 etiam
964 535 1072 577 hanc
1102 537 1318 579 materiem
1351 552 1426 579 suo
1456 544 1645 594 tempore

132 614 324 658 tractavit
351 612 581 654 indefessus
611 608 868 665 antiquitatis
899 614 1109 649 scrutator
1138 607 1310 651 Isarcus
1326 609 1537 661 LoNfflus,
1572 611 1644 666 qui

132 691 326 729 accurate
363 682 618 738 descriptum
656 679 783 722 huius
823 677 1090 720 confessionis
1121 677 1289 720 titulum
1319 681 1547 730 annotavit,
1579 696 1643 723 re-

132 757 299 813 petitam
346 755 435 797 eius
479 752 700 795 editionem
744 750 942 792 exstitisse
986 749 1164 791 asseruit
1204 755 1246 791 et
1291 751 1440 793 merito
1470 752 1645 794 coniecit

130 843 222 870 eam
253 827 381 869 latino
411 839 601 868 sermone
631 822 683 864 ab
712 822 736 864 a
765 821 902 863 Lasco
924 819 1050 861 fuisse
1072 820 1352 876 conscriptam
1377 821 1423 878 ³).
1454 821 1644 864 VENEMA

130 899 296 942 nonnisi
334 896 464 939 obiter
503 909 594 936 eam
640 898 939 935 commemorat
969 897 1010 932 et
1041 890 1161 932 citius
1194 906 1318 946 quam
1352 907 1428 948 par
1457 900 1563 936 esset
1593 893 1644 935 ad

129 971 264 1014 Bresii
295 968 592 1012 confessionem
625 963 777 1006 transit
806 964 853 1018 ⁴).
914 961 1078 1004 Nullibi
1122 969 1340 1018 praeterea
1370 964 1459 1007 eius
1488 964 1555 1007 vel
1586 964 1644 1007 le-

129 1042 342 1084 vissimum
393 1035 720 1094 deprehenditur
778 1033 1004 1090 vestigium
1053 1039 1125 1075 aut
1179 1034 1362 1077 iniicitur
1407 1037 1561 1078 mentio
1593 1039 1644 1093 ⁵),

128 1123 297 1170 tamque
328 1125 419 1154 eam
450 1109 547 1152 olim
579 1113 898 1165 perseveranter
930 1106 1155 1147 consectati
1186 1113 1283 1148 sunt
1314 1106 1643 1151 Romanensium

129 1185 271 1229 clerici
300 1183 351 1240 ⁶),
401 1187 450 1224 ut
494 1178 660 1221 nullum
706 1179 795 1219 eius
840 1177 1056 1233 exemplar
1106 1191 1148 1218 se
1193 1192 1381 1233 unquam
1428 1178 1577 1221 vidisse
1608 1182 1647 1222 et

131 1255 390 1302 Schoockius
420 1254 461 1295 et
483 1252 678 1307 Longius
708 1249 959 1292 etVenema
981 1255 1054 1290 aut
1083 1256 1230 1305 sponte
1261 1249 1549 1305 profiteantur,
1573 1258 1647 1294 aut

132 1329 275 1370 vitiosa
297 1326 386 1367 eius
407 1322 683 1378 descriptione
706 1318 1036 1362 luculentissime
1058 1318 1290 1362 ostendant.
1321 1320 1455 1363 Forte
1478 1321 1647 1364 fortuna

131 1406 268 1442 autem
296 1410 406 1439 anno
427 1394 595 1437 demum
620 1392 750 1435 18430
773 1390 840 1434 Cl.
862 1390 1025 1443 Vnum,
1049 1389 1308 1447 Theologiae
1325 1397 1427 1434 tunc
1447 1392 1648 1449 temporis

127 1472 168 1514 in
220 1468 447 1513 Academia
488 1465 768 1509 Ultraiectina
820 1463 1042 1520 professor,
1093 1464 1136 1505 in
1187 1463 1311 1505 huius
1357 1463 1472 1506 urbis
1501 1464 1646 1506 biblio-

127 1543 265 1588 theca¹
289 1554 464 1583 aureum
506 1537 612 1580 illud
644 1550 811 1593 gemma
842 1535 973 1577 latere
1004 1535 1163 1592 detegit
1193 1535 1320 1591 inque
1352 1550 1478 1590 opere
1508 1538 1645 1591 perio-

129 1615 234 1666 dico,
266 1613 384 1655 cuius
413 1612 455 1653 in
489 1609 680 1665 margine
710 1606 941 1650 adscribam
972 1607 1155 1658 titulum,
1188 1607 1495 1649 accuratissime
1514 1608 1646 1664 ipsam

129 1687 444 1732 Confessionem
494 1680 821 1738 repraesentavit
854 1681 901 1735 ⁷),
935 1694 1063 1735 quam
1103 1679 1284 1735 denique
1329 1694 1366 1722 a.
1421 1680 1533 1722 1860
1579 1679 1646 1723 Cl.

129 1759 353 1801 Horsrnnn
391 1769 446 1797 DE
492 1752 653 1804 Gnoor‚
700 1751 773 1807 qui
816 1750 1066 1808 Groningae
1108 1750 1338 1792 etiamnum
1368 1750 1644 1806 Theologiam

130 1829 362 1886 profitetur,
407 1824 601 1868 nitidiore
648 1823 784 1866 forma
830 1823 981 1864 iterum
1024 1822 1130 1877 typis
1172 1820 1362 1864 mandari
1402 1822 1565 1863 curavit
1596 1823 1645 1877 ⁸),

129 1902 198 1944 hic
228 1900 316 1942 illic
344 1897 535 1941 nonnihil
555 1897 834 1945 immutatam,
867 1901 914 1936 ut
943 1894 1079 1950 magis
1108 1893 1277 1935 lectioni
1306 1899 1411 1935 esset
1437 1892 1646 1949 adaptata.

129 1972 252 2025 Quae
295 1976 436 2013 tamen
481 1966 727 2024 produxerit
764 1972 1016 2021 argumenta
1049 1963 1117 2007 Ol.
1148 1963 1305 2016 Vinke,
1338 1970 1387 2006 ut
1417 1965 1647 2021 genuinam

129 2045 255 2087 Lasci
302 2040 601 2085 confessionem
648 2053 690 2079 se
740 2036 1061 2093 deprehendisse
1106 2035 1355 2089 ostenderet,
1409 2043 1451 2079 et
1496 2036 1648 2092 quibus

172 2195 195 2233 ¹)
221 2194 385 2228 SCHOOCK,
408 2191 446 2221 cle
467 2189 552 2221 bonis
573 2189 664 2230 valqo
685 2186 781 2218 dictis
804 2187 887 2218 Eccl.
912 2197 942 2228 p.
967 2186 1037 2217 522.

168 2249 196 2289 2>
219 2247 356 2280 Emdani
379 2245 588 2278 Confessione
610 2243 782 2275 utebantur
804 2253 884 2284 quae
907 2253 934 2274 a.
958 2242 1038 2273 1528
1062 2241 1182 2282 scripta
1205 2243 1282 2279 erat,
1305 2241 1405 2273 donec
1429 2251 1456 2273 a.
1481 2241 1562 2272 1594,
1585 2241 1647 2273 alia

127 2315 226 2347 eaque
250 2302 402 2346 prolixior
426 2300 583 2332 confessio
607 2301 717 2330 contra
740 2297 925 2329 Flaccianos
949 2297 1104 2328 ederetur.
1128 2296 1176 2328 Cf.
1204 2296 1429 2327 Gruendlicher
1441 2296 1648 2338 warlmfliyer

127 2360 256 2392 Bericht
279 2369 336 2390 von
358 2357 414 2389 cler
438 2357 556 2397 Evany.
587 2355 660 2395 Res.
683 2354 735 2385 tho
760 2353 886 2386 Emden.
921 2352 980 2384 Cui
1004 2351 1127 2383 adiecta
1150 2353 1197 2383 est
1221 2352 1323 2389 Conf„
1347 2362 1374 2384 a.
1398 2352 1490 2383 1594.
1513 2353 1647 2383 Bremae

125 2415 210 2458 apud
232 2413 372 2446 Berendt
394 2413 514 2444 Peters.
537 2410 628 2442 1594.
651 2409 696 2441 8⁰.
719 2420 751 2451 p.
774 2409 824 2440 19.
847 2409 1017 2444 ΜΕΙΝΕΒΞ,
1045 2407 1165 2439 Oostvr.
1187 2407 1304 2439 kerkel.
1324 2407 1428 2448 qeeck.
1451 2407 1478 2439 Ι.
1502 2407 1550 2446 52,
1575 2407 1626 2440 74.

167 2471 195 2511 3)
218 2479 259 2502 LE
281 2469 390 2506 me,
415 2466 497 2498 Kort
519 2465 648 2497 verhaal
669 2464 725 2495 der
748 2464 864 2495 herken
887 2463 984 2495 onder
1008 2462 1030 2493 't
1053 2461 1151 2500 lcrm's,
1175 2473 1206 2504 p.
1230 2462 1280 2495 25.

166 2528 194 2567 ⁴)
216 2526 374 2562 Vnmm,
403 2522 475 2554 hist.
506 2521 622 2552 Eecles.
655 2519 728 2551 VII.
757 2519 828 2551 252.
873 2518 923 2551 Cf.
957 2518 1047 2548 YPEY
1075 2528 1114 2548 en
1144 2517 1328 2555 Damour,
1356 2516 1464 2549 Geso-72.
1486 2517 1542 2548 cler
1568 2516 1646 2548 Ναί.

126 2584 222 2615 Herv.
245 2581 331 2613 kerk.
353 2580 449 2610 Aant.
471 2576 549 2607 Deel
573 2575 598 2606 I.
622 2586 652 2616 p.
677 2574 749 2606 209.

165 2639 192 2677 5)
215 2636 316 2669 Plane
340 2644 408 2666 eam
430 2631 627 2674 ignoravisse
650 2632 738 2671 patet
760 2630 1002 2667 Tmonnnmu,
1026 2629 1362 2666 UTENBOGAERTIUM,
1388 2626 1537 2658 ΕΝεῐυΜ.

164 2693 192 2732 ⁶)
215 2690 416 2723 Prohibitam
439 2697 506 2719 esse
529 2686 597 2717 cius
627 2684 879 2726 divulgationem
902 2683 996 2715 docet
1023 2694 1080 2716 nos
1103 2683 1245 2724 Appencl.
1267 2683 1310 2713 ad
1335 2683 1437 2715 (salal,
1454 2682 1522 2713 libr.
1534 2681 1647 2722 prohib

128 2759 154 2780 a.
179 2747 271 2779 1549.
293 2745 340 2777 80.
363 2755 394 2786 p.
418 2744 467 2774 82.

167 2804 194 2842 ⁷)
220 2800 397 2840 ΚενῘεεῖᾔΙσε
421 2798 626 2838 Raadvrayer
647 2806 684 2827 en
708 2795 899 2836 Raadssever,
924 2806 952 2827 a.
976 2794 1067 2827 1843.
1089 2793 1126 2826 P.
1149 2794 1204 2826 IV,
1227 2793 1272 2825 II.
1297 2803 1327 2834 p.
1351 2793 1411 2823 255
1435 2803 1481 2833 sq.

167 2859 194 2897 8)
219 2857 267 2888 De
294 2858 391 2887 ειη-πε
419 2850 701 2895 yeloossbelzjdetzis
729 2850 786 2881 cler
812 2849 1063 2881 Neda-lamisem
1086 2848 1279 2880 Hervormcle
1300 2848 1385 2885 lcerk,
1408 2858 1446 2888 op
1469 2847 1567 2880 nieuw
1588 2847 1646 2879 uit-

119 2924 248 2955 yeqeven
271 2913 349 2944 door
371 2911 406 2944 P.
431 2910 610 2941 Horsrssvn
635 2916 679 2939 DE
703 2906 830 2940 Gnoor.
856 2905 1049 2947 Groningen,
1074 2904 1252 2937 Scholteus.
1278 2903 1367 2935 1860.
