1818 3178
219 86 292 125 570
542 71 545 74 ’
871 95 932 123 ΕΡ.
960 95 1103 124 Docrn.

215 196 355 235 nullius
391 195 544 234 alterius
581 195 702 233 carnis
730 197 793 233 aut
821 195 1017 245 sanguinis
1046 196 1344 235 communionem
1374 197 1530 244 venisse,
1558 197 1670 249 idque
1697 211 1743 237 ex

213 259 338 303 nobis,
374 258 410 296 h.
438 270 484 304 e.,
521 271 540 295 e
576 258 716 296 semine
751 257 886 304 David,
914 258 1230 309 quemadmodum
1258 260 1395 299 Paulus
1424 262 1561 300 docet?
1589 274 1633 299 ac
1660 265 1741 301 tum

214 324 363 361 demum
397 322 473 359 iam
507 322 668 360 delatam
694 322 806 360 nobis
835 322 1012 360 omnibus
1039 335 1168 373 pacem
1195 336 1214 361 e
1243 325 1345 362 coelo
1380 327 1612 375 Angelorum
1637 326 1745 364 testi-

212 387 352 426 monio.
405 387 581 436 Pugnant
616 400 704 424 sane
740 386 844 433 haec,
870 399 991 438 neque
1020 387 1131 425 simul
1158 391 1317 439 utraque
1353 402 1439 427 vera
1467 403 1546 428 esse
1572 395 1745 441 possunt.

213 451 263 489 Et
297 450 455 502 proinde
487 464 558 489 nos
595 451 801 502 scripturae
837 452 1038 490 autoritate
1075 452 1229 491 adducti
1257 454 1416 492 activam
1442 455 1545 493 illam
1578 470 1744 495 commu·

213 514 339 553 nionis
365 513 712 565 interpretationem
742 515 920 566 amplecti
947 528 1025 554 non
1052 529 1264 566 possumus,
1292 518 1442 556 etiamsi
1467 519 1569 558 illius
1596 529 1745 559 autores

213 578 313 615 viros
350 591 430 616 esse
466 591 611 615 summa
649 583 686 616 et
719 579 856 630 pietate
892 584 928 617 et
955 580 1165 619 eruditione
1191 582 1383 632 praeditos
1410 595 1488 621 non
1515 583 1747 633 ignoremus.

213 642 315 680 Nolo
351 646 476 680 autem
503 642 674 693 pluribus
703 656 784 681 eam
811 656 890 681 rem
917 644 977 681 hic
1003 645 1189 695 persequi,
1216 659 1336 696 neque
1363 646 1463 684 enim
1489 651 1566 685 tam
1593 648 1744 699 impug-

213 708 361 747 nandae
388 707 580 746 doctrinae
609 712 752 746 vestrae
780 721 931 746 causam
955 711 1113 760 suscepi,
1131 722 1242 760 quam
1263 714 1413 748 nostrae
1432 711 1592 749 tuendae
1611 712 1750 768 potius,

210 772 327 823 idque
363 771 456 810 citra
492 771 713 823 cuiusquam
752 772 1020 810 contumeliam
1059 773 1182 823 quoad
1211 774 1290 811 eius
1316 774 1478 812 maxime
1504 774 1586 812 fieri
1612 778 1751 826 potest.

214 838 288 876 Sed
314 841 357 875 tu
382 837 463 888 ipse
490 836 614 874 videre
640 841 762 888 potes,
789 841 949 888 quantus
978 837 1039 875 hic
1067 842 1164 875 esset
1193 838 1343 876 dicendi
1370 852 1521 890 campus
1547 839 1588 877 in
1614 839 1746 878 tradu-

214 901 330 939 cenda
356 901 478 940 activa
506 900 575 938 hac
603 900 880 938 communionis
907 901 1227 952 interpretatione,
1255 902 1286 939 si
1310 902 1394 952 quis
1413 903 1517 940 illam
1536 903 1745 942 accuratius

213 970 386 1004 excutere
422 966 544 1011 vellet,
582 965 641 1003 cui
677 970 801 1003 tamen
829 965 1025 1017 physicam
1055 965 1152 1004 hanc
1181 967 1350 1017 corporis
1377 967 1417 1004 in
1445 980 1540 1018 pane
1566 981 1744 1018 praesen·

212 1032 306 1070 tiam
333 1045 398 1070 seu
423 1031 674 1070 inclusionem
702 1031 864 1068 maxime
892 1044 981 1068 sane
1009 1045 1054 1069 ex
1080 1035 1184 1082 parte
1213 1032 1402 1071 debemus.
1442 1032 1540 1069 Mihi
1568 1032 1659 1070 satis
1688 1037 1742 1070 est

214 1097 300 1144 (63)
335 1095 523 1134 indicasse
558 1095 848 1147 repugnantiam
886 1108 980 1146 quae
1017 1095 1126 1134 vitari
1161 1096 1382 1134 nullomodo
1418 1100 1554 1148 potest,
1582 1096 1613 1133 si
1641 1109 1744 1134 com-

212 1162 431 1199 munionem
460 1161 530 1199 hoc
557 1161 664 1199 Pauli
691 1161 775 1197 loco
803 1160 923 1198 active
941 1173 1008 1211 pro
1030 1160 1294 1198 distributione
1314 1161 1553 1212 accipiamus,
1571 1165 1613 1198 ut
1631 1161 1745 1213 intel-

212 1225 309 1275 ligas
336 1238 407 1262 nos
434 1239 511 1263 non
533 1229 669 1263 temere
696 1224 734 1261 id
763 1225 899 1269 facere,
925 1224 1026 1275 quod
1054 1224 1159 1261 illam
1176 1224 1322 1275 passive
1341 1238 1526 1276 exponere
1545 1225 1745 1264 malumus.

214 1289 409 1328 Habemus
444 1289 563 1338 igitur
589 1289 688 1340 apud
715 1289 876 1326 Paulum
903 1293 938 1326 et
966 1289 1036 1326 sub
1063 1289 1170 1340 panis
1199 1289 1308 1327 fracti
1346 1290 1497 1328 nomine
1532 1302 1609 1328 non
1638 1289 1746 1340 panis

215 1354 480 1397 substantiam,
517 1354 581 1392 sed
618 1358 736 1392 totam
766 1366 904 1391 coenae
931 1354 1117 1391 actionem
1148 1354 1350 1403 designari,
1377 1358 1412 1392 et
1442 1354 1743 1393 communionem

214 1418 335 1458 active
361 1419 499 1470 exponi
527 1432 602 1456 non
630 1430 738 1469 posse
764 1431 833 1468 pro
861 1418 1130 1455 distributione
1157 1432 1221 1455 scu
1247 1419 1496 1469 porrectione,
1513 1418 1576 1456 sed
1597 1419 1746 1469 passive

214 1484 338 1535 potius
365 1497 432 1535 pro
461 1481 748 1534 participatione
777 1482 944 1533 corporis
973 1486 1010 1520 et
1037 1482 1232 1532 sanguinis
1261 1483 1415 1520 Christi.
1468 1482 1550 1520 Iam
1581 1483 1611 1520 si
1638 1483 1745 1521 iuxta

214 1548 322 1586 Pauli
357 1546 706 1598 interpretationem
742 1546 782 1584 in
819 1546 943 1584 verbis
981 1559 1116 1584 coenae
1144 1560 1264 1597 neque
1290 1559 1499 1597 pronomen
1528 1552 1646 1587 τοῦτο
1676 1559 1743 1597 pro

213 1605 321 1662 panis
349 1609 558 1648 substantia
586 1622 706 1659 neque
735 1608 902 1659 corporis
930 1621 1067 1646 nomen
1094 1621 1162 1659 pro
1192 1608 1359 1659 corporis
1388 1608 1598 1646 substantia
1625 1608 1744 1658 accipi

214 1678 350 1727 potest,
386 1674 484 1712 uude
520 1686 658 1724 quaeso
688 1672 800 1711 nobis
829 1672 1042 1710 doctrinam
1061 1677 1231 1710 ¹vestram
1260 1673 1304 1710 de
1330 1672 1484 1724 physica
1513 1672 1679 1723 corporis
1706 1673 1746 1710 in

215 1753 310 1791 pane
335 1739 546 1790 praesentia
574 1751 638 1776 seu
664 1737 876 1776 inclusione
903 1737 1188 1789 approbabilis?
1219 1737 1301 1775 Nos
1329 1741 1426 1775 certe
1455 1737 1647 1775 doctrinae
1675 1750 1744 1774 no-

216 1809 314 1843 strae
356 1803 513 1841 Paulum
559 1808 726 1840 autorem
764 1802 960 1841 habemus.
1015 1802 1095 1839 Iam
1133 1802 1165 1839 si
1201 1815 1335 1853 queras
1374 1801 1561 1852 quomodo
1598 1801 1746 1853 corpori

217 1869 360 1908 Christi
385 1869 424 1907 in
453 1882 567 1906 coena
594 1868 873 1919 participemus,
901 1867 1085 1919 siquidem
1113 1867 1207 1905 illud
1244 1867 1355 1905 nobis
1393 1880 1470 1905 non
1494 1867 1747 1913 distribuitur,

218 1934 373 1973 Paulum
409 1933 470 1972 hic
505 1933 698 1971 doctrinae
733 1936 882 1970 nostrae
917 1935 1235 1983 propugnatorem
1273 1935 1490 1970 statuemus.
1546 1931 1744 1982 Quidquid

215 1999 316 2037 enim
343 1998 405 2036 hie
433 1998 621 2043 docemus,
648 1997 688 2034 id
715 2000 838 2035 totum
866 2009 910 2034 ex
937 1997 1053 2034 Paulo
1083 1997 1272 2042 docemus,
1298 2008 1409 2047 quem
1438 1996 1527 2032 dum
1545 1995 1747 2046 sequimur,

216 2076 294 2102 non
322 2062 494 2114 equidem
522 2075 590 2099 nos
620 2075 640 2099 a
668 2065 769 2099 recta
798 2061 857 2098 via
884 2060 1058 2098 aberrare
1084 2064 1270 2111 putamus.
1301 2060 1419 2097 Docet
1444 2059 1507 2097 ille
1526 2063 1648 2097 autem
1667 2073 1744 2098 non

217 2132 385 2166 nostram
420 2126 533 2164 modo
562 2127 625 2164 sed
655 2130 691 2164 et
719 2130 882 2163 veterem
909 2138 1060 2177 quoque
1087 2125 1297 2164 Ecclesiam
1327 2124 1463 2162 habere
1491 2124 1632 2161 dudum
1662 2137 1744 2161 cor·

215 2192 317 2244 poris
344 2197 380 2230 et
407 2190 602 2240 sanguinis
631 2190 771 2228 Christi
799 2190 1113 2228 communionem.
1142 2189 1209 2227 Ait
1237 2189 1336 2227 enim
1356 2193 1515 2226 veterem
1537 2187 1740 2226 Ecclesiam

216 2256 372 2295 eandem
409 2255 608 2294 nobiscum
643 2267 796 2305 prorsus
833 2267 956 2292 escam
994 2254 1224 2306 spiritualem
1258 2253 1378 2291 edisse
1415 2257 1449 2290 et
1477 2252 1576 2289 idem
1603 2252 1743 2290 bibisse

216 2321 403 2372 poculum,
431 2333 563 2370 nempe
591 2332 725 2370 corpus
754 2323 789 2356 et
817 2319 1038 2368 sanguinem
1067 2318 1208 2357 Christi
1228 2318 1335 2367 (haec
1359 2318 1455 2356 enim
1474 2317 1645 2354 Christus
1665 2317 1743 2367 ipse

216 2399 343 2424 verum
371 2385 561 2422 Ecclesiae
589 2397 676 2422 suae
703 2387 739 2422 et
768 2384 892 2422 cibum
920 2389 956 2422 et
981 2388 1111 2435 potum
1130 2397 1209 2421 esse
1229 2387 1397 2428 testatur,
1424 2382 1503 2420 sine
1524 2383 1627 2419 cuius
1647 2381 1740 2419 alio-

216 2451 282 2502 qui
310 2449 572 2488 communione
599 2461 707 2486 nemo
736 2462 901 2499 unquam
929 2449 1067 2487 servari
1084 2448 1236 2500 potuit),
1265 2448 1338 2485 nisi
1358 2447 1456 2498 quod
1476 2448 1603 2484 Patres
1623 2444 1740 2483 nostri

217 2514 444 2566 promissum
482 2513 672 2551 Christum
708 2513 854 2551 eminus
883 2513 1006 2551 adhuc
1031 2513 1286 2559 intuebantur,
1313 2526 1383 2551 nos
1411 2525 1496 2550 vero
1525 2510 1736 2549 exhibitum

218 2580 330 2619 nobis
363 2579 438 2617 iam
473 2583 585 2630 atque
620 2578 667 2616 ad
700 2578 823 2617 Patris
860 2579 981 2616 nostri
1017 2579 1188 2617 coelestis
1225 2578 1416 2618 dexteram
1444 2577 1483 2615 in
1512 2589 1620 2614 carne
1648 2574 1739 2612 adeo

217 2648 346 2683 nostra
372 2642 596 2680 residentem
624 2641 817 2680 habemus.
862 2641 983 2680 Docet
1010 2642 1099 2680 item
1127 2642 1319 2693 proposito
1348 2640 1460 2679 nobis
1489 2637 1740 2677 circumcisio-

217 2707 276 2747 nis
313 2706 495 2757 exemplo,
531 2709 764 2744 sacramenta
800 2718 880 2743 esse
916 2709 1150 2757 σφραγῖδας,
1178 2706 1215 2745 h.
1245 2719 1291 2752 e.‚
1319 2705 1443 2754 sigilla
1472 2700 1740 2752 acceptationis

217 2774 367 2810 nostrae
393 2770 432 2808 in
459 2769 618 2819 gratiam
648 2769 716 2807 Dei
743 2773 926 2820 vocatque
952 2770 1050 2807 hanc
1078 2770 1198 2808 nostri
1216 2769 1510 2821 acceptationem
1525 2765 1612 2804 fidei
1631 2765 1741 2803 iusti-

217 2837 320 2884 tiam,
348 2835 448 2888 quod
475 2835 593 2885 gratis
619 2848 683 2887 per
712 2834 1007 2873 misericordiam
1036 2835 1147 2874 nobis
1178 2835 1299 2872 delata
1329 2833 1401 2872 fide
1429 2832 1506 2869 sola
1535 2830 1742 2882 apprehen-
