1818 3178
559 103 775 132 RESPONSJO
805 103 901 129 mv,
931 99 1097 128 nosmM.
1525 87 1599 122 403

672 204 933 243 Articulus
962 206 997 240 9.

129 341 255 380 ,Vult
280 343 323 377 ut
352 337 522 376 sedentes
551 334 740 374 celebrent
768 334 933 372 Coenam
959 330 1129 377 Domini,
1155 343 1239 368 nam
1268 333 1303 366 et
1331 326 1504 366 Christus
1525 325 1603 363 Do-

77 407 235 446 ,minus
263 402 457 455 Apostolis
485 401 562 440 suis
589 400 721 438 sedens
749 396 992 436 celebravit‘'.

705 525 988 579 Responsio.

131 665 232 703 Male
267 664 383 702 habet
416 662 611 704 Alberum,
648 659 712 697 sed
746 658 851 710 peius
887 656 1006 694 multo
1035 654 1212 699 Hosium,
1239 652 1339 704 quod
1367 652 1450 704 pios
1477 664 1606 689 omnes

83 732 210 769 horter
247 729 294 768 ad
332 728 563 779 sequendum
591 724 731 763 Christi
759 722 913 760 Domini
942 720 1148 771 exemplum
1185 720 1224 756 in
1261 717 1498 756 observando
1524 730 1606 766 my·

80 797 176 834 stico
205 794 381 833 accubitu
409 796 507 831 circa
536 792 682 829 Coenae
700 801 833 845 psum.
863 785 1163 834 Ni-(28)mirum
1192 784 1313 821 Hosio
1345 783 1611 833 Missaipsius,

75 874 160 899 vere
198 858 426 897 horrendum
462 860 616 907 propter
652 852 922 903 blasphemiam
962 849 1201 891 sacrificium,
1237 848 1407 899 protinus
1442 847 1607 899 perierit.

81 924 258 963 Haeresis
293 928 349 961 est
385 921 506 959 Hosio
543 920 660 969 igitur
687 917 810 956 redire
836 916 884 954 ad
913 914 1055 953 Christi
1083 913 1237 951 Domini
1264 914 1416 963 eiusque
1443 916 1608 963 Aposto-

76 991 201 1027 lorum
229 987 438 1038 exemplum
469 986 510 1022 in
538 982 771 1022 observanda
794 981 912 1032 ipsius
938 979 1191 1017 institutione.
1246 978 1385 1015 Contra
1421 990 1506 1014 vero
1532 976 1610 1027 pie-

79 1059 136 1092 tas
172 1057 240 1096 est,
275 1053 379 1089 illam
416 1054 580 1087 mutasse
617 1047 777 1084 violasse
812 1059 856 1083 ac
891 1046 1122 1096 profanasse,
1157 1043 1303 1081 etiamsi
1332 1042 1503 1086 Christus
1531 1041 1610 1079 Do-

83 1118 209 1156 minus
238 1117 324 1155 huic
353 1128 441 1154 suae
466 1112 698 1152 institutioni
725 1110 942 1149 mandatum
969 1121 1186 1160 expressum
1213 1106 1400 1145 addiderit
1429 1107 1533 1144 nhoc
1556 1107 1612 1144 fa·

82 1183 192 1229 cite''‚
219 1194 363 1232 nempe,
389 1183 431 1218 ut
457 1192 534 1217 non
561 1177 677 1223 aliud,
703 1189 815 1227 quam
843 1175 945 1226 quod
972 1174 1051 1225 ipsc
1077 1173 1178 1219 fecit,
1204 1174 1420 1219 faceremus,
1449 1185 1526 1210 non
1543 1185 1611 1209 au-

79 1251 156 1285 tem
189 1247 236 1284 ab
273 1245 377 1283 illius
411 1242 623 1282 imitatione
665 1254 734 1292 pro
771 1245 902 1278 nostro
938 1239 1099 1277 arbitrio
1136 1237 1425 1276 discederemus.
1480 1237 1613 1288 Neque

80 1311 181 1350 enim
208 1310 331 1348 Hosio
359 1312 415 1347 est
441 1309 515 1346 iam
545 1306 615 1345 Dei
629 1306 798 1344 Verbum
831 1305 934 1342 ahoe
955 1303 1108 1350 faeite”,
1126 1303 1431 1355 quandoquidem
1452 1302 1509 1340 illi
1528 1315 1612 1340 sen-

79 1390 143 1415 sus
181 1388 224 1414 ac
261 1387 477 1420 consensus,
514 1372 587 1410 hoc
622 1375 690 1417 est,
727 1371 922 1409 coniurata
960 1370 1139 1407 adversus
1177 1369 1369 1407 Christum
1407 1368 1613 1406 Dominum

81 1439 326 1492 conspiratio,
367 1438 569 1489 tyrannide
612 1436 916 1475 Antichristiana
953 1434 1208 1478 constabilita,
1254 1434 1442 1472 reclamat.
1495 1430 1612 1471 Porro

83 1520 153 1556 ego
189 1518 266 1544 non
294 1504 405 1542 iubeo
445 1503 655 1555 imperiose,
690 1501 756 1540 secl
783 1514 917 1539 moneo
943 1504 1096 1539 tantum
1124 1504 1159 1537 et
1187 1499 1338 1544 suadeo,
1365 1502 1548 1550 quatenus
1575 1499 1614 1536 id

83 1584 168 1609 cum
212 1582 302 1622 pace
344 1568 535 1606 Ecclesiae
580 1567 661 1605 fieri
706 1569 830 1617 queat,
872 1568 916 1603 ut
951 1564 1145 1603 accubitus
1188 1564 1286 1601 circa
1323 1565 1470 1601 Coenae
1504 1576 1615 1601 usum

83 1639 235 1686 propter
283 1633 452 1684 mysterii
501 1632 559 1670 sui
609 1631 869 1668 excellentiam
911 1630 952 1668 in
1001 1642 1110 1667 usum
1155 1632 1362 1674 revocetur,
1407 1629 1617 1679 diserteque

86 1699 216 1744 doceo,
251 1711 316 1735 cur
352 1701 389 1735 et
425 1698 510 1745 (29)
547 1699 731 1746 quatenus
766 1694 806 1732 id
843 1694 1032 1732 suadeam.
1086 1693 1159 1731 Sed
1197 1693 1268 1731 hoc
1304 1707 1382 1731 non
1417 1694 1615 1744 oportebat

86 1761 375 1800 commemorari
410 1760 456 1804 ab
486 1759 623 1804 Hosio,
650 1772 697 1797 ne
725 1769 812 1804 suae
840 1758 1049 1796 calumniae
1076 1758 1202 1796 locum
1229 1758 1301 1795 sibi
1326 1757 1483 1809 ipsemet
1508 1771 1616 1809 prae·

82 1826 242 1877 ripuisse
279 1825 480 1863 videretur.
537 1823 607 1861 Sed
645 1823 735 1861 olim
770 1821 1016 1874 experiemur,
1051 1827 1132 1861 uter
1168 1826 1350 1869 nostrum,
1380 1822 1544 1864 Domino
1573 1835 1616 1860 ac

84 1890 201 1928 iudici
249 1893 380 1927 nostro
428 1889 626 1926 consilium
664 1901 772 1926 suum
807 1887 1044 1938 approbabit,
1083 1900 1152 1937 ego
1181 1901 1228 1925 ne
1264 1887 1330 1938 qui
1364 1887 1446 1938 pios
1475 1900 1618 1933 omnes,

85 1954 188 2006 quod
224 1954 264 1992 in
301 1967 359 1992 me
394 1957 462 1999 est,
497 1953 673 1991 exhorter
701 1952 749 1990 ad
790 1951 932 1990 Christi
968 1951 1124 1989 Domini
1159 1956 1195 1990 et
1230 1952 1309 1990 eius
1345 1952 1616 2003 Apostolorum

84 2019 335 2057 imitationem
372 2018 425 2066 in,
448 2018 566 2069 ipsius
601 2017 854 2063 institutione,
887 2038 938 2046 —
971 2030 1018 2054 an
1055 2030 1141 2055 vero
1179 2017 1335 2063 Hosius,
1369 2017 1434 2068 qui
1470 2017 1616 2056 Coenae

85 2084 328 2123 violationem
364 2083 668 2135 profanationem
704 2081 820 2133 inque
848 2082 1073 2120 sacrificium
1101 2083 1323 2132 sacrilegum
1353 2083 1618 2120 commutatio-

87 2163 173 2189 nem
201 2162 244 2187 ac
270 2147 582 2187 nefandissimam
609 2147 759 2185 demum
788 2146 1113 2197 cauponationem,
1139 2159 1216 2184 non
1246 2147 1368 2184 solum
1411 2160 1488 2184 non
1515 2146 1614 2198 pati-

88 2220 150 2253 tur
189 2213 339 2262 corrigi,
375 2212 438 2250 sed
474 2212 572 2249 ferro
610 2212 722 2250 etiam
758 2210 1071 2262 propugnandam
1108 2224 1187 2249 esse
1225 2211 1371 2257 clamat,
1399 2210 1534 2260 dignus
1562 2211 1619 2248 vi·

89 2279 237 2324 delicet,
273 2277 338 2329 qui
365 2291 387 2315 a
413 2290 481 2315 suo
511 2279 678 2314 creatore
704 2275 744 2314 in
772 2288 908 2313 novam
943 2288 1100 2326 eamque
1134 2279 1377 2326 purpuratam
1412 2280 1619 2314 creaturam

97 2347 250 2394 accepto
276 2342 374 2394 pileo
402 2342 707 2380 transformetur!

675 2470 710 2508 A
724 2468 937 2507 rticulus
969 2471 1028 2508 10.

146 2617 164 2636 ι
175 2600 348 2638 Christus
365 2599 477 2638 dixit:
500 2597 571 2636 hoc
582 2602 638 2636 est
648 2610 782 2649 corpus
794 2610 984 2643 meum,—-
995 2609 1089 2635 non:
1112 2597 1319 2636 substantia
1332 2598 1499 2649 corporis
1512 2598 1620 2638 mei''.

712 2725 746 2763 R
758 2738 776 2764 e
788 2739 805 2764 s
815 2739 838 2777 p
850 2738 872 2764 o
884 2739 908 2764 n
920 2739 936 2764 s
948 2726 1006 2765 io.

145 2859 289 2910 Ingens
316 2858 509 2910 piaculum
536 2858 721 2908 profecto,
749 2857 782 2895 si
807 2871 829 2895 a
857 2856 1009 2897 Christo
1037 2857 1201 2898 Domino
1229 2859 1372 2898 dictum
1399 2872 1479 2898 esse
1514 2872 1622 2912 nego,
