1818 3178
1539 104 1612 140 241

79 215 185 250 terno
223 212 405 251 duntaxat
432 212 541 262 signo
570 212 700 265 ipsius,
727 227 858 266 nempe
885 214 925 252 in
955 227 1089 252 coenae
1117 212 1360 259 caeremonia,
1385 213 1504 251 multo
1532 213 1605 250 mi-

85 289 156 314 nus
192 280 316 315 autem
350 276 391 315 in
429 289 564 316 coenae
590 278 794 326 elementis,
820 292 869 317 ex
884 279 1044 317 hiberi
1071 278 1238 323 nobis,
1264 278 1336 316 hoc
1362 281 1429 322 est,
1454 277 1494 315 in
1521 290 1608 328 pro-

85 344 214 391 spectu
240 341 321 392 ipso
349 340 438 378 fidei
465 346 614 381 nostrae
640 344 742 394 poni,
769 343 956 382 subvectis
983 343 1155 381 videlicet
1176 343 1316 394 Spiritu
1336 346 1464 380 sancto
1483 346 1611 380 autore

87 405 226 443 nostris
261 406 300 443 in
338 406 482 443 coelum
518 406 666 452 animis,
703 420 877 458 corpus
914 411 959 445 et
987 407 1272 456 sanguinem
1301 406 1511 452 Christi,
1539 405 1611 442 hoc

87 474 152 514 est,
182 469 483 508 communionem
510 472 677 523 corporis
705 476 740 510 et
769 472 963 522 sanguinis
991 472 1145 518 Christi,
1171 471 1486 522 quemadmodum
1511 470 1610 507 Pau·

85 534 144 572 lus
180 535 346 585 exponit,
379 535 427 574 in
466 536 622 574 eibum
659 537 788 575 vitae
823 541 1072 581 aeternae,
1099 536 1171 574 hoc
1197 539 1264 582 est,
1290 536 1330 573 in
1358 535 1611 573 confirmatio-

87 611 172 636 nem
207 603 318 650 atque
354 600 656 650 obsignationem
682 601 769 640 fidei
795 602 835 640 in
863 601 1002 640 nostris
1029 601 1165 639 animis
1191 601 1238 638 ad
1267 600 1381 638 vitam
1408 603 1610 638 aeternam.

88 661 149 708 Et,
175 663 489 713 quemadmodum
517 666 675 716 quisque
701 669 871 703 nostrum
900 665 993 703 duos
1021 665 1059 703 in
1088 678 1126 702 se
1154 664 1411 715 complectitur
1431 662 1614 708 homines,

87 727 245 764 alterum
280 729 345 779 qui
379 742 421 766 ea
457 729 639 768 duntaxat
668 730 774 768 novit
799 735 911 780 atque
939 729 1195 780 apprehendit,
1222 742 1317 780 quae
1345 728 1516 766 sensibus
1544 741 1613 766 no-

89 792 175 830 stris
209 797 296 830 sunt
332 795 513 844 exposita,
549 796 707 833 alterum
743 808 829 833 vero
857 794 923 846 qui
951 793 1125 832 coelestia
1151 793 1388 844 potissimum
1414 806 1477 844 per
1503 793 1615 830 fidem

87 856 267 903 intuetur,
303 860 395 908 (quo
432 859 582 910 quidem
619 859 760 910 alioqui
796 858 946 896 nomine
982 858 1045 896 ille
1080 871 1168 896 sane
1204 857 1242 895 in
1279 857 1401 902 terris,
1438 857 1499 894 hic
1527 870 1613 894 vero

86 921 126 959 in
164 922 276 960 coelis
307 923 387 972 jam
420 924 545 961 locum
582 937 668 962 suae
705 923 950 961 habitationis
979 922 1115 960 habere
1142 922 1296 970 dicitur)
1322 922 1375 959 ita
1402 921 1435 959 ei
1462 921 1612 972 quidem

87 987 128 1024 in
154 988 266 1025 nobis
295 987 451 1035 homini,
477 989 541 1038 qui
567 988 608 1026 in
634 989 741 1026 terris
770 989 831 1025 hic
860 1001 1010 1025 versans
1038 1001 1080 1025 ea
1107 991 1254 1025 tantum
1275 987 1444 1037 percipit,
1462 999 1557 1036 quae
1575 987 1612 1023 in

90 1065 221 1090 sensus
255 1052 467 1096 incurrunt,
502 1065 636 1103 panem
669 1053 793 1103 ipsum
820 1065 863 1089 ac
887 1052 1064 1102 poculum
1093 1064 1240 1096 coenae,
1267 1050 1437 1100 symbola
1462 1050 1617 1100 inquam

91 1118 155 1165 (A.
186 1119 246 1165 612)
282 1117 447 1168 corporis
483 1121 519 1155 et
556 1117 749 1167 sanguinis
787 1117 941 1163 Christi,
977 1116 1018 1153 in
1047 1115 1171 1153 cibum
1198 1129 1241 1153 ac
1266 1119 1396 1166 potum
1425 1114 1542 1161 tradi3
1568 1136 1619 1143 —-

91 1181 124 1219 ei
153 1195 238 1220 vero
266 1183 306 1220 in
334 1182 444 1220 nobis
473 1182 629 1228 homini,
656 1181 721 1233 qui
746 1181 786 1219 in
815 1181 927 1219 coelis
951 1182 1029 1231 jam
1056 1194 1208 1218 versans
1238 1180 1410 1218 coelestia
1439 1180 1621 1217 duntaxat

91 1246 203 1283 etiam
235 1246 413 1291 intuetur,
446 1247 570 1297 ipsum
606 1259 695 1284 sane
723 1258 858 1296 corpus
887 1245 1028 1283 Christi
1055 1258 1138 1282 cum
1168 1244 1276 1282 donis
1302 1244 1518 1296 meritisque
1544 1244 1621 1281 suis

92 1309 267 1347 omnibus
303 1322 346 1347 ac
383 1313 550 1347 nostram
586 1309 626 1346 in
661 1309 707 1347 iis
737 1322 820 1347 cum
849 1309 998 1347 Christo
1027 1308 1192 1346 Domino
1221 1308 1522 1346 communionem
1548 1306 1621 1344 fide

91 1373 310 1412 intuendam
347 1374 528 1420 exhiberi,
555 1374 627 1411 hoc
655 1377 722 1420 est,
746 1373 787 1412 in
813 1377 1015 1425 prospectu
1041 1373 1122 1424 ipso
1149 1372 1252 1424 poni,
1280 1372 1389 1410 docui
1415 1385 1558 1423 semper
1585 1375 1621 1409 et

93 1438 221 1486 doceo,
247 1438 294 1476 ad
321 1438 423 1476 illius
452 1439 496 1477 de
523 1439 731 1478 obtinenda
756 1439 811 1477 ita
840 1439 987 1478 demum
1016 1440 1092 1477 vita
1119 1443 1269 1477 aeterna
1298 1437 1620 1476 confirmationem

91 1508 203 1555 atque
230 1503 544 1553 obsignationem.

146 1568 356 1619 Utramque
383 1572 506 1606 autem
536 1568 746 1607 doctrinam
774 1569 871 1607 hanc
897 1573 1077 1615 nostram,
1105 1568 1141 1607 et
1170 1568 1214 1606 de
1242 1571 1370 1605 nostra
1400 1580 1482 1604 cum
1511 1566 1621 1604 Chri-

96 1636 153 1670 sto
193 1632 356 1670 Domino
394 1634 670 1679 communione,
707 1633 744 1671 et
779 1633 824 1671 de
861 1634 1026 1684 corporis
1062 1633 1151 1671 item
1179 1633 1238 1670 sui
1263 1632 1304 1670 in
1332 1645 1447 1669 coena
1474 1631 1622 1668 exhibi-

94 1697 211 1744 tione,
248 1698 365 1736 totius
393 1698 532 1750 alioqui
561 1699 767 1750 scripturae
793 1699 910 1736 menti
940 1702 1231 1737 consentaneum
1259 1711 1337 1735 esse
1364 1701 1400 1734 et
1427 1696 1518 1734 alias
1542 1697 1620 1745 jam

98 1761 344 1810 ostendimus,
370 1766 419 1807 et,
447 1763 594 1814 quoties
622 1777 678 1801 res
705 1763 926 1814 postulabit,
952 1777 1016 1816 per
1044 1763 1114 1801 Dei
1140 1763 1300 1814 gratiam
1328 1763 1578 1802 ostendemus.

789 1914 943 1943 FINIS.
