1818 3178
140 82 212 117 282

136 190 247 229 etiam
283 191 431 239 (ordine
465 189 615 227 interim
637 189 741 238 justo
770 191 806 226 et
832 189 1000 226 modeste
1027 201 1069 225 ac
1097 189 1176 227 sine
1203 189 1351 239 publica
1378 189 1660 240 perturbatione

135 256 230 303 ulla)
257 269 302 293 ex
329 255 440 292 verbo
469 253 539 290 Dei
565 252 824 303 reprehendat.
863 252 909 289 Id
933 266 1017 290 vero
1046 253 1138 290 adeo
1165 253 1400 291 intolerabile
1427 267 1507 291 esse
1536 259 1659 292 censet

135 319 385 369 Westphalus,
411 321 451 354 ut
479 329 545 365 pro
573 316 763 354 venenatis
792 320 944 354 satanae
965 317 1102 366 jaculis
1130 317 1272 356 scilieet
1299 318 1426 356 haberi
1445 318 1539 355 illud
1558 319 1660 363 velit.

136 397 218 420 eum
252 387 376 420 tamen
412 381 673 430 magnanimus
711 381 770 418 hic
805 381 954 419 Profeta
991 381 1030 418 in
1066 381 1194 419 eodem
1221 381 1303 433 ipso
1333 382 1486 419 erimine
1512 395 1658 420 mecum

134 449 292 490 haereat,
335 447 439 495 cujus
485 459 543 484 me
587 445 647 483 hie
683 449 875 497 tantopere
918 450 1081 490 accusat,
1119 446 1432 497 quemadmodum
1467 460 1535 485 suo
1571 447 1655 485 loco

133 512 286 549 dicetur.

129 576 262 613 Ioan.
291 574 313 612 a
341 575 505 614 Lasco.
1089 576 1150 613 10.

180 641 312 678 Pascat
339 640 399 677 hie
425 639 538 677 Erin-
962 638 1009 675 W
1020 652 1039 676 e
1050 652 1065 676 s
1078 642 1126 689 tp
1136 638 1160 676 h
1173 639 1252 676 alu
1263 652 1292 676 s.

128 718 216 754 nym
267 717 371 741 suam
417 703 464 740 W
466 707 540 741 est·
645 704 813 741 Mendax
866 704 1115 740 calumniator
1187 703 1424 749 Confessioni
1482 705 1652 752 imputat,

129 768 260 819 phalus
299 767 477 805 conviciis
504 771 540 805 et
595 769 694 816 quod
722 768 823 818 facit
844 769 1060 816 perniciosa
1088 773 1188 804 secta
1220 766 1514 815 Cz‘nqlz'anorum,
1539 781 1652 816 quam

127 832 346 876 maledictis,
400 831 537 881 quibus
589 833 754 881 specioso
798 833 941 869 nomine
972 833 1235 879 fraternitatis
1279 837 1447 877 mornas,
1492 837 1525 869 et
1559 833 1653 869 inter

127 897 237 939 volet,
262 917 311 924 —
346 909 428 945 eg0,
463 908 535 946 quo
588 903 738 933 sanctos
757 898 919 945 fratreS,
949 908 1039 944 quos
1067 897 1133 933 itta
1161 896 1303 941 dividit,
1329 896 1501 933 collocat.

125 961 182 998 illi
210 961 328 1010 magis
346 960 539 1011 displiceo,

127 1025 197 1062 hoc
256 1025 349 1062 mihi
420 1025 537 1073 magis

123 1090 262 1140 placeo,
286 1130 290 1132 ‚
314 1088 452 1126 nedum
498 1092 540 1125 ut

134 1153 336 1190 Sannionis
381 1152 502 1190 verbis
546 1164 707 1190 movear.
772 1152 886 1190 Quod
930 1151 1046 1202 igitur
1081 1151 1129 1189 ad
1172 1165 1321 1189 causam
1357 1152 1474 1204 ipsam
1503 1152 1652 1199 attinet,

123 1216 295 1253 ostendat
323 1215 573 1266 Westphalus,
601 1228 784 1265 quosnam
812 1216 946 1254 fratres
977 1216 1119 1253 dividat
1148 1216 1288 1265 Cinglii
1317 1220 1429 1259 secta,
1456 1230 1568 1267 quam
1587 1217 1650 1255 ille

122 1281 370 1331 perniciosam
406 1281 485 1317 vult
522 1279 651 1318 videri.
704 1280 761 1317 De
797 1280 974 1329 Zwinglio
1011 1293 1123 1331 porro
1161 1280 1255 1318 nihil
1291 1293 1393 1318 nunc
1419 1280 1521 1318 aliud
1549 1281 1649 1318 dice-

119 1359 215 1389 mus,
242 1359 352 1396 quam
382 1345 495 1396 quod,
523 1350 564 1382 ut
590 1346 706 1382 multa
734 1344 780 1382 ab
809 1345 874 1381 illo
900 1345 960 1396 pie
985 1349 1022 1383 et
1052 1346 1236 1395 praeclare
1263 1346 1399 1396 scripta
1427 1359 1507 1383 esse
1526 1346 1648 1384 liben-

118 1416 174 1447 ter
211 1422 386 1457 agnosco,
423 1422 552 1459 meque
581 1422 646 1459 per
674 1409 793 1446 virum
823 1409 929 1446 illum
956 1409 1002 1446 ad
1032 1408 1233 1458 Euangelii
1260 1410 1458 1448 lectionem
1486 1411 1647 1461 primum

120 1474 287 1510 omnium
322 1473 517 1510 inductum
554 1486 633 1510 esse
665 1477 751 1511 ante
787 1486 906 1510 annos
944 1477 1103 1524 quatuor
1139 1478 1175 1511 et
1212 1473 1370 1523 triginta
1405 1479 1468 1511 aut
1496 1488 1537 1512 eo
1567 1488 1645 1511 am-

118 1539 228 1589 plius,
263 1551 399 1588 perque
434 1538 538 1574 illum
566 1551 702 1586 magna
730 1551 774 1575 ex
800 1542 904 1588 parte
931 1538 1042 1575 etiam
1070 1538 1207 1575 Divino
1235 1538 1416 1576 beneficio
1443 1539 1647 1590 profecisse

119 1604 249 1646 fateor,
275 1624 324 1630 —
352 1603 402 1640 ita
429 1602 522 1639 mihi
552 1615 625 1639 non
655 1616 759 1639 sumo
777 1603 927 1640 interim
947 1603 1139 1654 probanda
1156 1603 1368 1653 tuendaque
1386 1603 1487 1640 illius
1507 1604 1645 1642 omnia.

121 1667 193 1705 Sed
235 1667 414 1717 quoniam
460 1680 527 1704 nos
570 1667 638 1703 sub
678 1667 961 1715 Cinglianorum
998 1667 1149 1705 nomine
1184 1667 1354 1716 designat
1392 1667 1645 1718 Westphalus,

120 1745 194 1782 quo
231 1744 299 1768 nos
337 1732 475 1780 majore
509 1731 650 1768 invidia
678 1736 818 1781 gravet,
847 1736 996 1769 sanctos
1025 1744 1110 1768 vero
1139 1732 1273 1769 fratres
1300 1744 1376 1778 eos,
1404 1731 1550 1782 opinor,
1578 1745 1643 1769 vo-

121 1800 191 1836 cat,
219 1808 311 1846 quos
338 1796 377 1832 in
406 1796 692 1832 sacramentaria
722 1796 790 1832 hac
819 1796 1075 1834 controversia
1102 1809 1122 1833 a
1151 1796 1227 1833 suis
1253 1796 1422 1847 partibus
1442 1800 1540 1834 stare
1558 1798 1644 1845 (fol.

121 1862 185 1906 19)
221 1864 339 1911 putat,
385 1860 516 1897 vellem
562 1843 772 1898 ostenderei
819 1860 1068 1912 Westphalus,
1104 1874 1287 1911 quosnam
1322 1862 1457 1899 fratres
1495 1867 1645 1900 sanctos

121 1925 290 1962 doctrina
327 1938 394 1962 nos
433 1930 558 1962 nostra
597 1925 806 1963 dividamus
842 1939 885 1963 ac
920 1939 997 1964 non
1033 1926 1159 1977 potius
1187 1926 1233 1963 ab
1262 1926 1335 1963 illis
1363 1933 1506 1977 praeter
1533 1940 1643 1965 omne

120 1993 290 2027 nostrum
327 1990 500 2027 meritum
535 1994 754 2041 praeterque
790 2004 934 2028 ornnem
975 1991 1128 2028 omnino
1166 1992 1390 2041 aequitatem
1421 1991 1643 2030 dividamur.

119 2054 159 2090 Si
195 2054 331 2091 falsum
367 2059 422 2091 est
456 2054 583 2102 igitur,
621 2067 687 2092 nos
718 2055 887 2093 doctrina
916 2069 936 2093 a
965 2057 1075 2093 nobis
1104 2060 1232 2093 nostra
1260 2057 1394 2094 fratres
1422 2057 1517 2094 ullos
1546 2057 1643 2095 divi-

120 2119 216 2161 dere,
251 2119 312 2156 sed
352 2118 609 2169 Westphalum
642 2119 841 2169 ipsummet
867 2120 907 2157 in
935 2133 977 2157 ea
1004 2121 1085 2171 ipsa
1115 2121 1221 2170 culpa
1250 2120 1410 2166 haerere,
1439 2122 1543 2170 eujus
1572 2134 1641 2159 nos

119 2186 280 2228 accusat,
306 2205 355 2211 —
383 2183 552 2233 equidem
581 2184 698 2232 magis
728 2185 844 2221 multo
872 2185 1011 2223 falsum
1038 2186 1120 2229 erit,
1149 2186 1387 2223 Confessioni
1415 2186 1452 2223 id
1480 2199 1501 2223 a
1529 2187 1639 2224 nobis

119 2247 303 2297 imputari,
340 2248 442 2284 euius
481 2248 626 2298 eulpam
654 2248 763 2285 nobis
791 2250 853 2286 ille
880 2250 1046 2299 irrogare
1074 2254 1240 2288 conatur.
1295 2250 1428 2301 Neque
1455 2263 1523 2288 nos
1551 2265 1639 2289 sane

118 2311 231 2348 ullam
268 2311 504 2348 dissidiorum
544 2312 689 2362 culpam
719 2313 956 2351 Confessioni
982 2314 1055 2365 ipsi
1081 2314 1343 2365 imputavimus
1373 2328 1547 2365 unquam,
1575 2316 1640 2353 sed

117 2375 266 2412 illorum
294 2376 571 2425 improbitatem
600 2380 710 2427 atque
736 2378 1005 2428 impudentiam
1033 2393 1262 2423 accusamus,
1290 2380 1355 2430 qui
1384 2393 1452 2417 nos
1479 2380 1519 2417 in
1548 2380 1638 2417 doc-

117 2440 213 2476 trina
253 2439 296 2476 de
333 2440 453 2476 Coena
492 2439 644 2478 Domini
681 2442 727 2478 ab
763 2442 827 2479 illa
864 2443 1061 2481 dissentire
1099 2444 1270 2487 clamant,
1299 2457 1382 2480 eum
1410 2456 1456 2480 ne
1484 2444 1637 2483 verbum

117 2504 263 2554 quidem
293 2517 336 2540 ex
365 2517 403 2540 ea
434 2504 548 2541 ullum
577 2510 705 2543 contra
734 2520 801 2544 nos
829 2509 994 2557 proferre
1021 2509 1179 2559 possint.
1210 2510 1258 2546 ln
1286 2508 1485 2558 ipsummet
1513 2508 1636 2546 West-

116 2569 269 2619 plialum
296 2568 410 2617 igitur
437 2569 605 2607 recidunt
633 2571 769 2617 omnia,
797 2576 954 2622 quorum
982 2573 1134 2611 nomine
1158 2573 1217 2610 hie
1244 2585 1313 2611 nos
1340 2576 1500 2610 accusat.

116 2633 248 2669 Ioan.
278 2630 300 2669 Ξι
327 2631 492 2670 LaseO.

143 2695 324 2732 Nondum
351 2696 529 2745 eonquic-
1072 2703 1131 2740 11.

117 2761 186 2797 scit
213 2761 298 2798 bilis
322 2761 526 2811 Westphali
945 2765 1271 2817 WestphaIUS.

116 2829 151 2863 et
170 2827 522 2865 mcndaoiamenda-
627 2830 688 2866 Esc
725 2828 883 2869 eiusdemi
921 2834 1074 2880 artificis
1111 2835 1266 2882 officina
1303 2834 1396 2871 venit
1432 2835 1637 2882 calumnia,
