1818 3178
772 148 1014 178 PRAEFATIO.
1493 146 1646 177 XXXVII

113 255 237 303 tione,
270 269 378 311 quae
408 253 493 296 duo
522 253 724 297 decennia
753 261 844 312 post
875 256 915 297 in
948 254 1087 297 lucem
1122 253 1274 311 prodiit
1306 255 1352 311 ¹).
1400 253 1637 298 Enumerat

109 327 152 368 in
184 326 263 369 hoc
295 326 385 368 loco
406 326 470 368 vir
491 324 746 368 clarissimus
776 325 1072 382 septemdecim
1107 325 1233 368 Lasci
1263 325 1633 367 elucubratiuncu·

110 397 184 447 las,
225 413 309 454 quo
350 412 528 439 numero
569 398 701 454 igitur
747 397 974 440 Bertramii
1005 412 1231 439 numerum
1264 396 1397 439 tribus
1427 396 1641 453 opusculis

108 469 336 527 egreditur.
401 468 576 511 Addidit
618 485 795 526 nempe:
840 471 880 511 1.
927 471 1168 511 eonsensum
1219 470 1467 523 Tifflm'num,
1514 484 1640 525 quem

109 541 294 583 Londini
340 540 466 583 edidit
504 557 529 583 a
575 542 726 591 Lasco,
777 542 816 584 2.
860 542 940 594 Ep.
973 543 1029 582 ad
1062 543 1356 583 Christiernum
1388 541 1549 583 Daniae
1581 557 1644 583 re-

107 629 221 670 gem,
253 628 305 655 ex
337 613 581 655 Ummovn
613 613 854 655 narratione
885 611 1167 668 desumptam,
1201 619 1241 655 et
1274 613 1312 655 3.
1336 616 1493 656 Cateeb.
1520 615 1639 656 L'ond.

108 686 264 736 minor„
307 700 435 741 quam
465 691 602 727 tamen
644 685 799 726 iniuria
829 699 1006 740 prorsus
1039 683 1180 726 Lasco
1210 700 1285 726 suo
1319 693 1450 727 marte
1480 685 1640 729 tribuit.

109 757 238 810 Quod
285 757 464 813 denique
505 757 670 799 silentio
714 757 949 813 praeterire
983 756 1099 798 nefas
1131 763 1252 807 essct,
1287 755 1413 799 Lasci
1445 759 1637 814 epistola-

109 844 206 872 rum
253 829 556 880 collectionem,
601 844 624 870 a
672 829 779 871 doct.
828 828 1055 880 GABBEMA‚
1091 828 1420 871 HAROKENROTH
1451 838 1490 872 et
1522 831 1636 872 Mm-

106 916 259 944 NERsm
290 902 542 950 inchoatam,
574 901 691 943 auxit
719 900 792 942 ille
823 907 862 942 et
894 899 1163 956 locupletavit
1193 901 1424 958 insigniter.

166 974 292 1017 Unus
321 980 481 1016 tanturn
517 979 643 1015 restat
673 972 840 1029 dignus,
866 973 986 1014 cuius
1008 972 1140 1014 obiter
1162 973 1414 1015 mentionem
1438 975 1633 1027 iniiciam,

105 1062 257 1102 nempe
300 1047 618 1096 ΒΕΕΒΞΗΕΜΙῸΞ,
664 1045 733 1100 qui
779 1045 956 1101 repetita
1002 1044 1181 1086 editione
1223 1045 1262 1086 in
1309 1045 1517 1088 Memoria
1560 1063 1636 1090 sua

107 1118 401 1161 Ministrorum
434 1116 548 1159 Eccl.
582 1115 695 1158 Fris.
728 1115 907 1168 Orient.‚
955 1116 1081 1158 Lasci
1114 1132 1289 1173 operum
1324 1117 1531 1174 syllabum
1565 1135 1636 1175 pa·

105 1188 228 1246 gellis
258 1189 341 1231 suis
370 1187 494 1240 dedit,
528 1195 570 1229 et
601 1189 792 1244 quamvis
824 1187 928 1230 nihil
960 1187 1047 1230 fere
1079 1188 1178 1230 novi
1209 1188 1402 1245 scituque
1434 1188 1551 1245 digni
1573 1197 1633 1231 at·

106 1259 264 1309 tulerit,
311 1258 391 1300 hoc
437 1265 576 1300 tamen
625 1259 794 1301 nomine
835 1258 941 1301 bene
980 1259 1030 1301 de
1076 1259 1202 1302 Lasci
1235 1260 1431 1316 operibus
1464 1262 1636 1304 meritus

108 1338 181 1379 est,
213 1331 325 1388 quod
358 1330 478 1373 nullo
509 1331 655 1373 ordine
687 1331 905 1387 hucusque
937 1332 1126 1373 coniecta
1158 1333 1467 1389 commixtaque
1499 1332 1635 1389 dispo-

106 1404 194 1446 suit
214 1412 254 1445 et
276 1402 506 1445 secundum
532 1403 732 1460 temporis
754 1405 901 1445 seriem
926 1403 1176 1446 distribuere
1198 1411 1372 1446 conatus
1402 1411 1474 1448 est.
1507 1403 1641 1447 Obtu-

109 1492 177 1518 sae
211 1492 311 1518 vero
342 1475 604 1518 hebetudinis
651 1482 693 1518 et
738 1478 952 1533 pertenuis
985 1475 1126 1518 iudicii
1157 1477 1199 1518 in
1223 1492 1272 1519 eo
1303 1477 1429 1519 edidit
1459 1479 1643 1520 testimo-

107 1546 239 1598 nium,
274 1547 386 1604 quod
418 1548 459 1590 in
493 1553 705 1604 postrema.
737 1547 867 1590 libelli
898 1548 960 1589 sui
994 1547 1173 1590 editione
1205 1547 1331 1590 Lasci
1363 1564 1539 1604 operum
1570 1564 1637 1592 ca-

105 1620 293 1677 talogum
338 1636 418 1677 pro
467 1635 544 1662 sua
587 1636 756 1677 quoque
788 1621 979 1676 portione
1012 1635 1172 1676 augere
1203 1620 1350 1673 voluit,
1385 1621 1639 1677 opusculum

105 1692 143 1734 ei
174 1691 397 1734 tribuendo
429 1692 603 1749 triginta
636 1700 675 1734 et
708 1691 818 1748 quod
851 1692 1040 1734 excurrit
1072 1707 1204 1735 annos
1233 1699 1324 1748 post
1355 1693 1444 1735 eius
1475 1692 1634 1736 obitum

105 1764 385 1822 divulgatum,
416 1766 483 1806 cui
514 1765 663 1807 titulus
697 1788 717 1813 n
739 1766 1114 1808 Malmmetaniscke
1141 1766 1402 1819 qenealoyz'e’'
1422 1765 1472 1823 ²).

159 1835 379 1878 Pellucide
411 1835 513 1878 haec
545 1836 686 1878 omnia
718 1836 839 1892 quasi
871 1837 923 1878 ob
956 1836 1102 1878 oculos
1130 1843 1259 1893 ponet
1291 1844 1331 1878 et
1352 1837 1481 1879 nitida
1503 1837 1640 1879 fronte

104 1906 298 1950 omnibus
332 1907 498 1964 planam
531 1907 657 1950 huius
688 1908 749 1949 rei
781 1908 967 1951 notitiam
1002 1909 1161 1965 aperiet
1191 1924 1373 1964 sequens
1416 1908 1571 1961 tabula,
1595 1909 1637 1950 in

104 1994 187 2035 qua
218 1980 357 2022 omnia
405 1979 615 2036 quaelibet
653 1979 780 2021 Lasei
817 1981 970 2037 scripta
1004 1980 1287 2035 undecunque
1318 1980 1436 2023 nobis
1468 1981 1638 2038 cognita

103 2067 192 2094 uno
224 2060 452 2108 conspectu
484 2053 790 2095 recensuimus.

720 2196 776 2239 A.
842 2195 1019 2241 SPURIA.

134 2341 171 2382 1.
204 2338 345 2380 Melos
377 2339 675 2395 retrogradum
709 2339 760 2382 ad
793 2330 998 2384 caiolum
1025 2339 1180 2385 Suder-

271 2411 466 2453 manniae
498 2412 681 2454 Ducem.
1208 2421 1310 2458 teste
1341 2415 1548 2461 Frehero.

136 2485 175 2527 2.
209 2483 605 2527 Mahumetanische
637 2484 901 2542 genealogie.
1244 2510 1264 2535 a
1349 2489 1634 2534 Rcershemio.

134 2555 172 2597 3.
207 2553 424 2598 Confessio
456 2555 506 2598 de
539 2554 685 2598 Coena
715 2556 903 2601 Domini.
1243 2582 1264 2608 η
1350 2561 1626 2618 Hospiniano.

132 2629 171 2670 4.
206 2626 498 2670 Catechismus
535 2629 670 2670 minor
702 2628 999 2672 Londinensis.
1241 2655 1261 2679 u
1351 2631 1568 2678 Gerdesio.

145 2815 169 2853 ¹)
198 2814 307 2846 Floril.
330 2814 418 2846 Hist.
442 2816 513 2848 crit.
540 2816 623 2847 Libr.
647 2816 815 2848 rariorum.
843 2816 903 2849 Ed.
936 2817 981 2848 II.
1007 2817 1105 2849 Gron.
1130 2819 1161 2849 ct
1183 2818 1318 2850 Bremae
1343 2819 1434 2852 1763.
1459 2832 1489 2862 p.
1512 2821 1582 2853 227.

140 2869 167 2910 ²)
190 2869 227 2902 P.
260 2870 295 2902 F.
325 2870 580 2910 REERSHEMIUS‚
618 2871 838 2914 Oststiesldnd.
863 2873 1200 2915 Predz'qe’rdenlcmalal.
1225 2874 1262 2905 la
1285 2875 1333 2910 ed.
1357 2876 1474 2908 Aurich
1500 2877 1589 2910 1765.
1615 2891 1647 2922 p,

100 2925 161 2965 21„
184 2926 222 2957 2³
244 2926 293 2962 ed.
316 2927 436 2960 Aurich
461 2927 553 2961 1796.
576 2938 607 2970 p.
634 2928 685 2960 20.
