1818 3178
594 134 812 161 Responslo
841 136 936 164 Αυν.
969 136 1134 164 nost.
1559 132 1632 168 453

98 236 289 274 Ecclesiae
326 236 548 277 ministerio,
584 248 702 286 neque
738 236 950 275 oblationes
988 237 1118 276 offerre
1155 239 1248 276 ullas
1289 238 1429 284 liceret,
1464 252 1508 277 ac
1543 253 1632 290 pro·

93 300 180 338 inde
215 304 306 351 typo
344 300 415 338 hoc
453 313 520 338 suo
559 300 794 339 Catholicam
831 301 942 339 nobis
972 302 1112 340 Christi
1140 302 1347 340 Ecclesiam
1375 303 1630 350 adumbraret‚

91 370 197 402 extra
233 377 346 415 quam
382 364 524 415 alioqui
560 378 679 415 neque
716 366 890 403 salutaris
918 366 1109 404 invocatio
1139 367 1226 413 ulla,
1255 381 1374 418 neque
1412 382 1520 406 verus
1559 368 1630 406 Dei

96 430 233 474 cultus,
259 443 303 467 ac
331 443 377 467 ne
406 430 505 467 salus
533 430 685 480 quidem
714 430 788 468 ulla
819 430 948 468 haberi
974 436 1113 482 posset.
1143 431 1423 480 Bur-(172)sus
1450 433 1489 469 iu
1517 433 1629 470 Tem-

89 495 150 545 plo
190 494 255 531 illo
284 494 499 532 institutum
526 508 547 531 a
578 494 740 532 Domino
770 494 977 532 habebatur
1005 494 1170 546 typicum
1198 496 1454 534 Sacerdotium
1492 500 1529 534 et
1565 501 1625 546 ty-

90 558 214 609 picum
252 558 519 604 Ministerium‚
548 559 649 608 quod
685 559 810 608 typica
847 558 958 596 etiam
986 559 1156 596 locorum
1184 572 1227 596 ac
1254 563 1464 610 temporum
1491 559 1626 597 discri-

90 623 191 661 mina
229 623 402 667 habebat,
444 636 538 673 quae
578 623 703 660 omnia
730 623 828 673 typis
866 623 942 660 suis
978 624 1055 661 veri
1091 629 1202 674 atque
1238 624 1379 662 aeterni
1416 624 1625 662 Sacerdotii

88 701 131 725 ac
160 688 362 726 Ministerii
389 687 529 725 Christi
557 688 854 738 expectationem
883 688 923 725 in
961 688 1155 725 Catholica
1181 688 1259 725 eius
1287 688 1457 726 Ecclesia
1484 688 1617 726 adum-

88 753 260 791 brabant.
291 752 395 790 Haec
422 752 578 802 inquam
605 751 851 797 testabantur,
879 752 1073 803 Templum
1100 753 1194 790 illud
1234 757 1364 803 typum
1393 753 1510 790 fuisse
1531 753 1621 791 olim

87 817 306 856 Catholicae
334 817 475 854 Christi
502 816 706 860 Ecclesiae,
735 816 839 853 cuius
869 816 1057 854 videlicet?
1079 817 1177 854 bona
1213 830 1298 868 pars
1325 817 1364 854 in
1393 818 1530 868 populo
1561 818 1619 855 Is-

88 883 198 919 raelis
225 882 290 918 illo
319 881 457 919 Divina
485 881 723 918 ordinatione
752 882 958 918 constituta
983 881 1057 919 iam
1085 886 1175 920 erat.
1215 881 1318 919 Quid
1364 894 1449 919 vero
1487 882 1620 919 horum

86 946 205 984 simile
233 946 342 984 nobis
372 946 515 983 Hosius
545 958 627 982 cum
658 958 725 983 suo
754 946 817 982 illo
848 945 1056 995 Lyrinense
1084 946 1124 983 in
1150 945 1289 996 typicO,
1317 946 1348 983 si
1368 946 1518 996 Superis
1538 947 1619 997 pla-

87 1015 154 1057 cet,
180 1010 387 1048 Pinnaculo
417 1023 483 1048 suo
511 1010 577 1047 illo
606 1010 931 1054 commonstrabit.
961 1014 999 1048 ut
1026 1010 1121 1048 illud
1147 1015 1280 1061 typum
1298 1009 1488 1048 Ecclesiae
1509 1011 1619 1047 Chri-

85 1076 132 1113 sti
171 1076 286 1114 fuisse
321 1075 480 1126 probet?
516 1075 685 1112 Ubinam
723 1079 825 1113 extat
862 1076 1079 1113 mandatum
1116 1074 1186 1112 Dei
1212 1075 1345 1120 ullum,
1375 1080 1417 1112 ut
1444 1088 1483 1112 se
1509 1076 1616 1126 quis-

84 1153 195 1190 quam
222 1141 281 1177 vel
308 1141 354 1177 ad
383 1140 673 1184 invocationem,
703 1141 759 1178 vel
788 1140 835 1177 ad
864 1140 933 1177 Dei
962 1140 1104 1177 cultum
1131 1141 1171 1178 in
1199 1140 1406 1178 Pinnaculo
1427 1141 1492 1178 illo
1509 1142 1617 1179 siste-

84 1210 151 1250 ret,
178 1205 225 1242 ad
253 1218 362 1256 quem
390 1206 544 1243 modum
575 1205 781 1242 clarissima
809 1204 880 1242 Dei
906 1204 1085 1242 mandata
1112 1209 1243 1243 extant
1271 1205 1315 1242 de
1343 1205 1508 1243 sistenda
1537 1219 1616 1243 cer-

81 1269 130 1306 tis
166 1270 398 1321 temporibus
433 1270 472 1307 in
513 1270 668 1320 Templo
704 1270 786 1320 ipso
814 1270 988 1307 universa
1015 1270 1080 1307 illa
1108 1270 1277 1308 Ecclesia
1305 1271 1483 1309 Israelis?
1537 1273 1616 1310 Ubi

82 1337 161 1370 erat
195 1333 283 1371 item
319 1334 438 1371 ullum
466 1333 665 1371 Pinnaculi
693 1333 1090 1382 Sacer-(173)dotium
1117 1340 1180 1372 aut
1211 1334 1480 1382 Minister-iuni,
1507 1337 1615 1387 quale

81 1401 117 1434 et
154 1397 191 1434 in
220 1397 376 1448 Templo
403 1397 485 1447 ipso
513 1401 606 1442 tum,
634 1402 669 1434 et
697 1410 798 1434 nunc
825 1397 865 1434 in
893 1397 1036 1435 Christi
1064 1398 1233 1436 Ecclesia
1262 1413 1282 1436 a
1311 1399 1477 1438 Domino
1504 1401 1615 1439 insti-

82 1465 204 1499 tutum
244 1462 438 1499 videmus?
492 1462 624 1500 Quid?
660 1462 761 1512 quod
789 1475 898 1500 nemo
927 1476 1092 1513 unquam
1121 1463 1370 1502 Pinnaculum
1398 1464 1494 1503 illud
1523 1479 1614 1503 con-

80 1526 280 1572 scendisse,
316 1532 444 1564 autore
480 1527 573 1571 Deo,
608 1527 757 1577 legitur,
794 1528 916 1565 cultus
953 1527 1112 1565 alicuius
1147 1527 1279 1566 Divini
1307 1529 1384 1566 illic
1412 1530 1615 1580 peragendi

79 1591 227 1640 gratia?
264 1592 315 1629 ita
352 1605 398 1629 ne
428 1591 598 1629 Christus
631 1591 780 1642 quidem
807 1592 963 1643 ipsemet
991 1592 1192 1637 Dominus,
1219 1592 1284 1643 qui
1311 1593 1491 1644 templum
1520 1594 1613 1630 allo-

80 1656 146 1705 qui
171 1656 305 1706 ipsum,
334 1656 437 1692 iuxta
463 1655 586 1693 Patris
614 1660 705 1693 tunc
734 1656 792 1693 sui
820 1655 1109 1701 ordinationem,
1149 1669 1413 1707 saepenumero
1441 1659 1615 1709 frequen-

79 1720 199 1762 tabat,
225 1724 482 1770 praeterquam
513 1720 614 1766 dum,
642 1721 801 1758 Satanae
828 1720 1102 1758 tentationibus
1131 1725 1260 1758 nostra
1284 1734 1392 1759 causa
1413 1723 1615 1773 expositus,

80 1786 127 1822 ab
154 1785 314 1836 ipsomet
342 1785 479 1821 Satana
508 1784 586 1821 illic
615 1785 842 1823 constitutus
871 1789 978 1823 esset.
1007 1784 1130 1822 Hosio
1164 1785 1281 1834 igitur
1317 1786 1357 1822 in
1393 1785 1615 1836 Lyrinensis

79 1851 136 1887 sui
171 1850 345 1899 gratiam,
380 1849 627 1887 Pinnaculum
664 1850 794 1900 templi
828 1849 944 1900 typici
990 1855 1100 1900 typus
1140 1850 1209 1888 erit
1246 1850 1356 1887 etiam
1397 1850 1612 1889 Catholicae

82 1915 223 1952 Christi
252 1914 453 1958 Ecclesiae,
482 1915 628 1951 etiamsi
657 1927 740 1951 cum
768 1914 832 1951 illa
861 1914 1001 1951 nullam
1032 1914 1185 1952 omnino
1216 1914 1515 1953 convenientiam
1546 1917 1611 1954 ha-

81 1979 195 2017 beret.
248 1978 368 2024 Dicet,
397 1978 435 2015 in
464 1983 568 2029 parte
596 1978 742 2028 Templi
769 1978 1018 2015 Pinnaculum
1048 1991 1197 2029 quoque
1226 1979 1381 2017 censeri.
1436 1982 1497 2017 An
1527 1993 1611 2018 vero

79 2044 166 2094 quia
195 2043 442 2081 Pinnaculum
470 2056 554 2094 pars
582 2043 711 2094 templi
738 2047 829 2088 erat,
854 2042 939 2080 ideo
965 2043 1038 2080 iam
1067 2056 1133 2094 pro
1161 2047 1253 2094 typo
1291 2044 1481 2082 Ecclesiae
1502 2045 1613 2082 Chri-

81 2110 140 2154 sti,
173 2108 328 2159 perinde
363 2115 473 2159 atque
508 2109 688 2159 templum
716 2109 852 2159 ipsum,
881 2108 1096 2146 habendum
1124 2108 1221 2146 erit?
1248 2109 1396 2146 tametsi
1425 2123 1543 2160 neque
1571 2111 1610 2147 in

78 2174 357 2213 enumeratione
392 2174 553 2225 partium
591 2173 720 2224 templi
755 2174 954 2211 Pinnaculi
982 2174 1121 2211 mentio
1150 2175 1214 2211 fiat
1242 2175 1317 2211 ulla
1347 2179 1382 2212 et
1412 2179 1513 2213 certo
1544 2175 1611 2212 do-

79 2239 154 2277 ceri
190 2253 266 2277 non
303 2243 437 2290 potest,
465 2241 575 2287 (174)
613 2239 741 2276 eadem
778 2239 899 2276 forma
936 2252 1064 2277 rursus
1097 2239 1346 2277 instauratum
1375 2239 1490 2277 fuisse
1517 2245 1611 2277 tem-

78 2304 181 2355 plum
209 2304 332 2354 ipsum
360 2307 446 2354 post
474 2303 737 2351 migrationem
764 2302 1051 2353 Babylonicam‚
1079 2317 1152 2354 qua
1179 2303 1289 2341 initio
1325 2303 1431 2341 iuxta
1456 2303 1612 2342 Davidis

76 2368 345 2418 praescriptum
373 2380 437 2417 per
465 2367 706 2404 solomonem
737 2367 964 2405 instructum
992 2371 1083 2406 erat.
1138 2367 1276 2405 Videat
1302 2373 1426 2406 autem
1454 2368 1612 2412 Hosius,

76 2437 254 2484 quantam
299 2432 434 2469 habeat
481 2432 781 2470 convenientiam
826 2445 889 2470 seu
924 2433 1204 2483 proportionem
1238 2432 1490 2471 Pinnaculum
1527 2446 1611 2472 cum

74 2497 156 2548 ipso
194 2497 363 2548 Templo,
397 2496 578 2546 siquidem
607 2496 736 2547 templi
764 2496 1000 2546 potissimum
1028 2500 1222 2547 praetextu
1259 2510 1327 2547 pro
1356 2501 1445 2548 typo
1475 2497 1607 2536 Eccle-

40 2577 45 2581 ’
78 2563 152 2600 siae
188 2562 237 2600 sit
265 2561 492 2599 habendum.
549 2561 747 2599 Quatenus
775 2561 874 2598 enim
901 2561 1112 2598 Pinnaculo
1142 2574 1226 2598 cum
1253 2562 1393 2612 templo
1423 2564 1611 2608 convenit,

77 2627 256 2664 hactenus
294 2639 380 2663 sane
416 2626 472 2662 illi
510 2630 545 2662 et
580 2638 663 2662 cum
701 2625 840 2663 Christi
877 2625 1047 2663 Ecclesia
1083 2625 1282 2663 convenire
1317 2626 1606 2664 existimandum

76 2691 156 2730 erit.
211 2691 408 2741 Templum
444 2691 548 2728 locus
584 2695 662 2727 erat
698 2689 904 2740 precationi
939 2695 976 2727 et
1014 2689 1227 2727 Ministerio
1265 2689 1529 2727 Ecclesiastico
1567 2703 1610 2727 ac

78 2755 201 2793 coetui
235 2755 365 2806 populi
402 2754 607 2792 destinatus
643 2767 688 2792 ex
724 2753 863 2791 Divina
900 2753 1151 2792 ordinatione.
1206 2753 1456 2791 Pinnaculum
1501 2754 1608 2792 locus

74 2825 152 2859 crat
189 2821 237 2858 ad
278 2821 407 2872 'templi
451 2824 712 2858 ornamentum
749 2825 955 2866 extructus,
996 2820 1059 2858 sed
1104 2833 1178 2871 qno
1213 2821 1327 2858 Satan
1366 2821 1505 2857 abusus
1542 2826 1608 2866 est,

78 2884 387 2935 commodumque
424 2885 496 2922 sibi
531 2897 611 2922 esse
639 2883 819 2922 iudicavit
846 2883 893 2921 ad
920 2883 1141 2922 tentandum
1179 2897 1256 2930 eos,
1292 2883 1355 2933 qui
1382 2883 1499 2933 ipsius
1527 2889 1607 2922 ten-

128 2949 165 2989 Ι.
1412 2950 1459 2986 30
