1818 3178
187 148 256 183 198
539 151 590 177 DE
619 147 900 176 SACRAMENTIS
930 147 1145 173 acctnsmn
1173 147 1352 175 cums'rr.

186 268 326 306 semper
353 253 466 292 fuisse
493 253 648 288 constet.
679 250 916 299 Quamquam
945 252 980 285 et
1001 247 1096 285 illud
1125 248 1197 285 dici
1223 251 1356 299 potest,
1391 262 1526 300 panem
1552 263 1573 287 a
1601 250 1701 301 Papa

179 326 213 357 et
257 320 331 356 suis
369 314 632 358 circumtondi,
668 327 778 363 quem
812 313 884 363 ipsi
922 312 1112 350 Christum
1146 312 1267 363 ipsum
1310 327 1388 351 esse
1425 313 1567 359 volunt,
1603 313 1704 364 quod

182 396 264 421 eum
291 382 337 418 ab
367 379 516 417 Herode
543 377 643 420 olim,
672 381 735 414 aut
761 377 861 426 quod
890 376 977 413 item
1004 376 1132 413 Iovem
1160 390 1181 413 a
1202 377 1401 414 Titanibus
1429 377 1468 414 in
1497 377 1701 414 ludibrium

185 448 473 483 circumtonsum
499 455 579 479 esse
605 441 774 478 audiunt.
811 441 999 477 Nimirum
1028 440 1075 476 ad
1102 441 1259 477 eundem
1288 442 1441 478 modum
1466 441 1615 491 ipsimet
1643 442 1701 478 lu-

182 510 302 548 dibrio
332 508 469 545 habent
505 506 695 544 Christum
731 505 934 542 Dominum
967 505 1007 542 in
1045 505 1118 541 suis
1147 505 1471 549 ¹institutionibus,
1507 519 1599 556 quas
1638 519 1701 543 ne-

182 573 397 611 fandissime
428 572 688 622 profanarum,
723 570 770 608 ad
803 583 914 620 quem
940 569 1094 607 modum
1119 569 1227 607 illum
1255 571 1301 607 ab
1332 571 1483 609 Herode
1512 576 1547 609 61
1573 572 1703 609 Ιον6111

181 651 201 674 a
230 637 426 674 Titanibus
452 635 617 672 ludibrio
646 635 816 672 habitum
843 635 958 671 fuisse
985 634 1103 671 aiunt.
1133 635 1217 682 (fol.
1248 633 1334 682 1191))

230 702 302 739 Sed
338 705 374 738 ct
407 704 577 750 quartam
611 700 709 748 signi
741 700 783 736 in
811 712 925 743 coena
952 698 1140 736 dominica
1166 704 1310 750 partem
1338 700 1454 738 multo
1484 701 1606 738 adhuc
1633 701 1704 738 im·

179 763 376 815 pudentius
404 763 604 808 violarunt,
627 775 758 812 nempe
782 762 903 812 ipsam
929 762 1037 812 panis
1066 761 1176 798 fracti
1203 767 1239 798 et
1266 763 1392 812 poculi
1419 775 1555 800 coenae
1575 763 1703 801 distri-

179 829 381 866 butionem.
435 826 585 864 Etenim
622 827 794 864 Christus
831 826 1004 864 dominus
1040 839 1123 864 eum
1165 826 1288 876 ipsum
1322 840 1476 877 panem,
1521 841 1630 878 quem
1666 828 1706 866 in

178 905 310 929 manus
345 894 547 941 acceperat,
582 894 846 941 acceptumque
881 891 973 928 actis
1009 890 1140 938 gratiis
1177 891 1352 939 fregerat,
1388 890 1546 928 eundem
1572 891 1707 942 ipsum,

181 956 347 1006 inquam,
371 969 505 1006 panem
533 955 767 993 distribuisse
791 955 939 1004 legitur.
969 956 1067 1005 Papa
1097 968 1182 992 vero
1211 958 1247 992 et
1276 955 1333 992 sui
1350 955 1401 1001 id,
1422 956 1521 1005 qnod
1534 956 1572 992 in
1595 969 1709 993 coena

183 1022 426 1066 distribuunt,
452 1034 585 1071 panem
613 1034 692 1058 esse
717 1021 792 1058 iam
819 1021 978 1071 amplius
1006 1024 1156 1065 nesrant,
1178 1024 1213 1058 et
1229 1021 1407 1070 poculum
1429 1021 1552 1072 ipsum
1572 1022 1709 1072 populo

184 1089 394 1136 surreptum
421 1085 460 1122 111
489 1085 547 1121 5111
576 1084 756 1121 duntaxat
784 1084 976 1122 saceraotii
1003 1085 1134 1121 ordine
1163 1084 1291 1121 haberi
1320 1085 1461 1123 volunt.
1510 1085 1708 1122 Commen-

181 1155 262 1188 tum
296 1150 463 1200 ipsorum
500 1149 544 1186 de
577 1149 978 1186 transubstantiatione
1011 1149 1147 1186 refutat
1176 1149 1323 1193 Paulus,
1365 1149 1452 1186 dum
1489 1162 1557 1186 nos
1593 1163 1709 1186 unum

182 1227 314 1264 panem
350 1226 476 1250 omnes
515 1217 633 1256 vocat,
669 1226 710 1250 co
739 1213 839 1263 quod
869 1213 913 1249 de
940 1226 1014 1249 uno
1044 1213 1248 1263 codemque
1275 1227 1371 1263 pane
1400 1226 1527 1250 omnes
1556 1214 1708 1264 partici-

182 1291 321 1328 pemus.
362 1277 493 1327 Neque
522 1277 582 1313 hic
610 1277 779 1314 subsistit
808 1277 982 1313 cavillum
1010 1277 1188 1327 ipsorum,
1216 1277 1304 1313 dum
1332 1291 1352 1314 a
1381 1278 1496 1314 Paulo
1526 1277 1576 1321 id,
1604 1278 1705 1328 quod

182 1346 289 1379 antea
315 1342 421 1392 panis
449 1342 582 1384 fuerat,
609 1354 744 1391 panem
769 1341 892 1378 adhuc
918 1341 1043 1378 vocari
1069 1346 1272 1390 nugantur.
1303 1342 1433 1391 Neque
1460 1342 1560 1379 enim
1591 1342 1711 1379 dicere

182 1407 362 1457 potuisset
399 1407 546 1452 Paulus,
580 1406 746 1457 adeoque
785 1406 858 1443 dici
895 1407 1098 1443 etiamnum
1126 1419 1201 1443 non
1229 1411 1366 1456 posset,
1405 1420 1474 1444 nos
1505 1420 1617 1444 unum
1644 1421 1710 1458 pa-

182 1486 265 1509 nem
293 1486 382 1518 esse,
419 1472 507 1509 dum
533 1486 649 1509 unum
677 1485 808 1523 panem
837 1472 993 1518 edimus,
1030 1473 1103 1510 nisi
1138 1473 1177 1509 id
1205 1473 1306 1523 quod
1333 1473 1476 1510 edimus
1505 1473 1553 1510 sit
1579 1474 1710 1511 etiam-

131 1574 133 1578 ,
183 1549 271 1574 num
302 1549 427 1573 revera
452 1537 572 1586 panis.
603 1536 673 1573 Sed
703 1539 819 1581 fuisse
838 1549 906 1573 nos
921 1549 1080 1586 quoque,
1101 1549 1177 1573 11011
1198 1540 1320 1573 autem
1338 1550 1426 1581 esse,
1440 1550 1559 1573 unum
1578 1550 1711 1587 panem

187 1604 385 1650 oporteret,
415 1600 446 1637 si
471 1600 509 1637 id
538 1600 638 1650 quod
667 1600 810 1637 edimus
837 1613 968 1650 panem
997 1600 1110 1637 fuisse
1130 1601 1255 1644 etiam,
1274 1613 1349 1638 non
1371 1605 1495 1638 autem
1514 1614 1592 1638 esse
1612 1600 1714 1638 dica-

185 1678 280 1703 mus.
310 1664 468 1715 Oportet
495 1665 594 1702 enim
620 1665 660 1702 in
688 1665 795 1714 signo
824 1665 904 1715 ipso
930 1669 1061 1715 typum
1088 1665 1255 1714 mysterii
1278 1670 1506 1715 praesentem
1530 1679 1618 1707 esse.
1638 1679 1714 1703 11011

186 1733 306 1767 autem
333 1730 459 1774 fuisse,
487 1729 518 1766 si
546 1729 763 1779 mysterium
787 1729 911 1780 ipsum
939 1734 1027 1780 typo
1057 1742 1121 1767 suo
1151 1730 1283 1766 debeat
1311 1729 1547 1778 respondere.
1588 1730 1715 1768 Quare

185 1797 219 1830 61
246 1793 285 1830 111
315 1806 450 1831 coenae
477 1793 696 1831 Dominicae
724 1806 793 1830 usu
819 1807 953 1843 panem
978 1798 1212 1844 praesentem
1241 1807 1330 1838 esse,
1359 1807 1437 1831 non
1457 1799 1581 1832 autem
1599 1796 1714 1834 fuisse

185 1862 341 1908 oportet,
375 1857 418 1903 si,
444 1857 533 1894 (111111
556 1858 639 1906 (fol.
671 1860 778 1905 100³)
805 1858 909 1895 illum
937 1858 1093 1904 edimus,
1119 1872 1218 1896 1111115
1248 1871 1397 1909 quoque
1424 1863 1460 1896 et
1487 1860 1594 1909 panis
1621 1873 1713 1905 esse,

184 1937 262 1961 non
296 1930 419 1961 autem
454 1923 570 1960 fuisse
605 1936 808 1969 censemur,
835 1923 1146 1973 quemadmodum
1175 1924 1312 1960 Paulus
1341 1923 1461 1967 docet,
1496 1930 1536 1961 ut
1562 1924 1711 1962 interim

183 1986 244 2023 hic
277 1987 322 2024 de
354 1987 589 2024 idololatrica
624 1987 730 2037 panis
766 2000 900 2024 coenae
935 1987 1140 2025 elevatione
1188 1987 1537 2037 circumgestatione
1572 1992 1608 2025 61
1643 1989 1710 2025 ad-

181 2050 389 2088 servatione
431 2051 526 2088 nihil
571 2051 749 2096 dicamus,
795 2065 889 2101 quae
929 2051 1029 2089 velut
1064 2065 1110 2089 ex
1147 2052 1326 2089 diametro
1365 2051 1507 2102 alioqui
1541 2057 1713 2102 pugnant

183 2116 309 2152 omnia
345 2128 427 2152 cum
461 2116 635 2153 instituta
662 2129 683 2152 a
712 2115 863 2153 Christo
892 2115 1054 2154 Domino
1082 2116 1121 2153 in
1152 2129 1266 2153 coena
1294 2129 1359 2153 sua
1387 2116 1494 2166 panis
1524 2119 1560 2153 et
1586 2116 1711 2167 poculi

182 2179 455 2225 distributione,
490 2184 526 2217 61
572 2179 789 2217 horribilem
831 2184 1019 2231 praeterea
1047 2180 1299 2218 idololatriam
1335 2182 1373 2218 in
1416 2181 1555 2218 Christi
1591 2181 1710 2231 ipsius

187 2244 448 2282 contumeliam
475 2245 711 2282 invexerunt.

237 2308 404 2359 Denique
439 2314 473 2347 61
508 2310 678 2360 quintam
706 2322 853 2360 quoque
880 2309 978 2359 signi
1005 2310 1044 2347 in
1074 2323 1188 2347 coena
1217 2310 1404 2348 dominica
1432 2314 1573 2361 partem
1602 2323 1710 2348 sanc-

185 2373 318 2410 tissimi
349 2374 406 2410 illi
441 2378 477 2411 et
508 2373 806 2412 reverendissimi
843 2378 988 2412 ventres
1025 2377 1166 2425 (patres
1197 2375 1317 2412 dicere
1345 2376 1532 2423 volebam)
1559 2388 1711 2425 prorsus

188 2446 478 2487 suppresserunt,
505 2451 550 2475 nc
577 2439 764 2488 quomodo
794 2439 963 2476 deessent
980 2439 1141 2477 tuendae
1160 2453 1245 2477 suae
1265 2439 1510 2477 idololatriae.
1539 2439 1711 2477 Christus

187 2500 370 2537 Dominus
398 2514 530 2550 panem
558 2503 716 2539 fractum
743 2503 795 2539 ita
822 2502 1013 2540 distribuit
1040 2503 1080 2540 111
1111 2517 1178 2541 sua
1206 2516 1333 2549 coena,
1351 2503 1515 2541 utillum
1539 2503 1711 2553 Apostoli

185 2565 256 2614 ipsi
283 2562 501 2614 acciperent.
538 2566 602 2603 Ait
628 2567 728 2604 enim
757 2567 927 2604 Christus
956 2567 1153 2605 Dominus:
1183 2567 1364 2618 Accipite,
1392 2572 1428 2605 et
1455 2568 1639 2618 protinus,
1667 2572 1709 2604 ut

184 2629 283 2666 idem
310 2628 420 2665 ctiam
440 2628 610 2679 deinceps
634 2631 906 2674 observaretur,
928 2632 1114 2682 praecepit
1145 2631 1239 2668 uhoc
1260 2631 1410 2669 facite''.
1438 2632 1508 2668 Isti
1529 2644 1612 2669 vero
1633 2644 1709 2668 non

188 2692 299 2729 modo
336 2704 411 2728 non
446 2691 638 2741 patiuntur
673 2695 791 2744 accipi
817 2708 950 2744 panem
977 2700 1040 2732 aut
1067 2696 1243 2745 poculum
1272 2708 1407 2732 coenae
1434 2695 1473 2732 in
1501 2708 1633 2731 manus
1660 2694 1708 2731 ab

187 2756 366 2800 Ecclesia,
394 2755 457 2793 sed
485 2756 542 2792 vel
569 2756 734 2804 attigisse
761 2759 850 2796 hacc
877 2773 988 2807 grave
1015 2773 1094 2797 csse
1116 2760 1316 2810 piaculum,
1338 2773 1406 2797 nec
1429 2760 1507 2796 51116
1535 2758 1712 2809 peculiari

189 2833 254 2857 sua
271 2819 480 2869 expiatione
498 2819 571 2856 elui
590 2832 698 2869 posse
717 2821 862 2860 docent.
880 2823 1067 2859 Nimirum
1086 2824 1240 2871 indigna
1262 2829 1316 2860 cst
1333 2824 1436 2873 plebs
1454 2822 1709 2860 illalaicorum

189 2883 420 2931 execrabilis,
438 2888 477 2921 ut
495 2888 706 2935 pastaceum
725 2885 890 2934 ipsorum
903 2886 1022 2924 Deum
1039 2888 1305 2937 quoquomodo
1316 2888 1492 2937 attingat.
1505 2888 1588 2935 (fol.
1600 2888 1710 2934 100b)
