1818 3178
194 98 266 134 292

196 208 407 256 significare
441 206 687 256 praesentiam
724 207 889 258 corporis
916 211 952 246 et
980 209 1189 258 sanguinis,
1215 225 1284 250 nec
1312 213 1415 261 dicit,
1439 214 1480 253 in
1509 216 1632 256 Coena
1660 230 1719 265 ne,

195 284 243 308 an
281 283 365 308 vero
401 271 439 307 in
474 282 569 320 pane
597 270 742 308 Coenae
778 274 813 308 et
839 272 974 322 poculo
1001 274 1247 323 praesentiam
1275 276 1473 328 intelligat,
1500 284 1540 318 ut
1567 281 1599 319 si
1626 282 1719 320 alte-

194 346 277 371 rum
314 333 368 371 vel
405 345 604 382 agnoscam
643 334 702 371 vel
736 348 881 385 negem,
914 339 1114 388 utrumque
1146 352 1204 377 me
1239 344 1302 379 aut
1335 343 1534 392 agnovisse
1562 349 1626 383 aut
1651 359 1719 384 ne-

195 410 302 445 gasse
347 397 564 435 calumniari
603 398 734 448 possit.
789 399 874 444 Sed,
911 400 998 438 dum
1032 402 1216 452 particula
1259 418 1358 444 cum
1397 421 1444 446 ne
1492 408 1538 446 ad
1573 412 1720 460 tempus

194 461 343 511 quidem
379 462 523 499 Coenae
548 463 678 502 referri
702 463 833 514 possit,
859 464 933 502 nisi
961 466 1162 505 constituta
1190 467 1228 506 in
1255 469 1336 521 ipso
1367 472 1512 510 Coenae
1539 486 1607 511 usu
1636 487 1717 511 cor-

194 526 295 576 poris
323 530 358 563 et
386 527 578 576 sanguinis
607 527 746 566 Christi
771 530 992 580 praesentia,
1019 531 1163 569 etiamsi
1190 546 1231 571 ea
1260 535 1403 574 Coenae
1429 537 1619 575 elementis
1641 552 1717 578 non

192 589 440 636 includamus,
484 592 640 643 quisque
688 593 749 631 hie
793 594 1025 633 maliciosam
1072 596 1281 648 Westphali
1319 600 1544 639 calumniam
1591 602 1720 653 depre-

195 650 356 690 hendere
382 657 518 704 potest.
1277 674 1278 677 ’

194 716 326 756 Ioan.
356 717 573 758 aLascO.
839 730 842 735 ’
1150 726 1213 764 18.

283 783 322 819 Si
375 782 590 834 Westphalo
1014 788 1210 841 Westph
1223 791 1340 831 alus.

193 859 235 883 su
242 850 280 884 nt
291 848 335 884 Sa
343 849 589 894 eramentarii,
691 852 885 889 Hactenus
919 852 1225 893 sacramentarii
1260 859 1466 895 reiecerunt
1499 871 1622 898 omues
1648 860 1719 897 has

192 912 256 962 qui
269 912 590 957 Saeramenta,aut
642 916 839 953 dictiones:
868 919 934 964 iu,
961 919 1040 964 sub,
1069 932 1166 957 eum
1190 934 1306 969 pane.
1335 924 1446 960 Nune
1468 925 1613 962 Lascus
1627 927 1718 976 pla-

192 989 251 1014 res
295 976 415 1015 nudas
460 978 590 1016 inanes
644 987 749 1018 catus
777 983 845 1018 um’
870 985 1035 1029 voculae,
1064 986 1174 1023 certis
1192 993 1315 1026 tamen
1336 989 1616 1035 conditionibus,
1636 1004 1717 1027 cum

194 1044 308 1092 atque
351 1041 494 1080 ociosas
538 1045 594 1081 fa·
646 1047 798 1095 reliquis
835 1048 965 1085 bellum
999 1051 1105 1098 yerit.
1165 1051 1292 1101 Neyal
1326 1053 1448 1090 videre
1484 1067 1522 1092 se
1557 1068 1717 1105 usquam

194 1105 308 1151 ciunt,
354 1120 473 1157 neque
516 1108 590 1146 nisi
644 1110 896 1159 Confessz‘om‘s
924 1120 1075 1151 mentem
1103 1128 1192 1162 esse,
1220 1124 1259 1154 ut
1285 1130 1391 1157 voces
1417 1119 1503 1156 illas
1534 1120 1620 1166 nin,
1638 1120 1719 1167 sub,

193 1173 343 1209 nostrae
361 1170 592 1210 hicinvieem
645 1174 768 1213 eum⁹⁹
788 1190 863 1226 pro
891 1178 1015 1215 eodem
1042 1181 1170 1229 accipi
1193 1182 1287 1220 velit.

195 1235 489 1273 conversationis
543 1236 591 1274 si-

195 1312 268 1348 gna
281 1313 359 1338 esse
372 1300 517 1346 docent,
526 1305 590 1339 aut

195 1362 261 1412 qui
296 1361 360 1400 illa
386 1363 485 1401 inter
520 1377 577 1402 res

194 1426 416 1478 adiaphoras
459 1428 511 1467 ita
558 1433 769 1477 numerant,
803 1435 846 1469 ut
887 1432 1040 1483 perinde
1075 1447 1155 1473 esse
1191 1434 1330 1481 dicant,
1367 1437 1444 1475 sive
1478 1438 1524 1476 iis
1560 1443 1722 1486 utamur,

190 1491 266 1530 sive
294 1493 377 1540 (fol.
407 1496 473 1540 36)
503 1507 579 1532 non
613 1500 771 1541 utamur,
805 1496 878 1535 iam
921 1511 1008 1554 sane
1046 1512 1129 1537 eum
1155 1500 1237 1538 istis
1265 1502 1355 1539 adeo
1385 1502 1496 1541 nobis
1524 1517 1720 1543 commune

191 1556 286 1594 nihil
323 1571 402 1596 esse
436 1559 562 1596 testati
599 1573 725 1598 sumus
752 1561 834 1600 Par.
870 1564 929 1606 11,
955 1567 997 1600 ut
1025 1577 1087 1602 eos
1115 1564 1154 1602 in
1184 1566 1323 1604 Christi
1351 1566 1532 1612 Ecclesia,
1559 1569 1633 1607 nisi
1660 1582 1719 1607 re-

194 1621 366 1672 sip1seere
403 1623 528 1669 velint,
565 1623 853 1676 haudquaquam
889 1627 1060 1666 ferendos
1096 1642 1175 1667 esse
1202 1631 1468 1671 existimemus.
1525 1633 1718 1672 Caeterum

190 1686 222 1723 si
257 1699 326 1724 nos
360 1686 401 1725 in
438 1687 603 1738 Erinnys
641 1703 727 1727 suae
762 1691 920 1739 gratiam
951 1694 1227 1732 contumelioso
1256 1694 1328 1733 hoc
1358 1697 1526 1747 designat
1554 1699 1719 1746 nomine,

192 1750 291 1800 quod
327 1750 406 1789 eius
442 1752 570 1790 deliria
606 1767 682 1791 non
717 1755 951 1806 recipiamus,
985 1758 1093 1797 facile
1129 1759 1189 1797 hic
1225 1760 1410 1812 Erinnym
1448 1777 1550 1802 suam
1595 1765 1718 1804 furere

189 1814 384 1864 patiemur,
420 1816 450 1853 si
487 1817 634 1867 quando
664 1819 759 1857 forte
795 1833 833 1857 se
861 1820 900 1858 in
928 1822 1085 1872 pecudes
1113 1837 1179 1875 pro
1209 1824 1425 1864 hominibus
1454 1828 1629 1867 saeviisse
1655 1830 1716 1867 su·

194 1878 258 1916 riis
304 1879 379 1917 suis
415 1880 596 1930 agitatum
634 1888 824 1932 agnoscat,
861 1885 1027 1937 adeoque
1063 1893 1099 1925 et
1134 1889 1331 1928 maledieta
1368 1891 1485 1942 ipsius
1530 1892 1570 1930 in
1607 1893 1716 1932 laude

193 1946 320 1981 nostra
348 1957 540 1995 ponemus.
591 1947 704 1985 Quod
731 1962 843 1999 porro
872 1950 918 1988 ad
946 1965 1055 1989 voees
1083 1953 1165 1991 illas
1193 1954 1326 1993 attinet
1357 1956 1452 2003 nin,
1480 1957 1563 2002 sub,
1592 1959 1716 1996 eum''

190 2020 260 2045 nos
297 2021 385 2045 sane
419 2009 503 2047 illas
538 2010 595 2059 (in
633 2025 743 2049 sensu
768 2014 984 2063 praesertim
1014 2015 1288 2068 Westphalieo)
1316 2032 1392 2057 non
1421 2020 1616 2059 reieeimus
1641 2035 1715 2060 un·

192 2084 314 2121 quam,
350 2073 662 2122 quemadmodum
698 2075 777 2126 ipse
811 2078 932 2127 fingit,
969 2080 1055 2130 quia
1093 2094 1285 2132 nunquam
1322 2083 1539 2134 recepimus,
1576 2085 1638 2122 sed
1675 2089 1716 2124 ut

193 2149 321 2183 novas,
356 2142 392 2175 et
430 2152 450 2175 a
484 2143 607 2177 mente
643 2141 919 2191 Scripturarum
955 2144 1106 2190 alienas,
1143 2147 1398 2186 accusavimus
1436 2162 1578 2200 semper
1606 2154 1717 2201 atque

190 2200 391 2239 etiamnum
430 2215 658 2251 accusamus,
694 2218 814 2256 neque
849 2207 887 2244 in
926 2208 1066 2247 Christi
1101 2209 1270 2249 Ecclesia
1298 2212 1468 2250 ferendas
1497 2213 1573 2251 ullo
1601 2215 1714 2253 modo

191 2277 269 2302 esse
303 2270 489 2316 putamus,
517 2267 635 2306 donee
663 2282 731 2307 usu
759 2270 1034 2322 Scripturarum
1062 2275 1239 2312 familiari
1267 2277 1567 2327 comprobentur.
1621 2278 1713 2315 Par-

190 2329 325 2367 ticulae
357 2333 524 2369 neum”
559 2338 602 2371 ut
639 2347 829 2386 nunquam
858 2336 1029 2376 infensus
1058 2339 1112 2377 fui
1139 2340 1178 2378 in
1208 2341 1453 2379 Confessione
1481 2343 1716 2391 Augustana,

191 2406 233 2431 eo
263 2395 359 2444 quod
388 2396 489 2434 illam
517 2398 561 2435 ad
590 2402 735 2450 tempus
765 2400 946 2450 Mystieae
973 2403 1012 2441 in
1042 2404 1164 2442 Coena
1192 2405 1350 2443 aetionis
1373 2407 1502 2444 referri
1520 2407 1715 2446 manifeste

190 2458 373 2506 videbam,
408 2460 460 2498 ita
497 2476 575 2499 eam
603 2463 641 2501 in
673 2465 883 2516 Westphali
910 2470 946 2505 et
974 2481 1125 2507 suorum
1153 2470 1299 2521 scriptis
1328 2484 1518 2521 nunquam
1545 2472 1716 2522 probavi,

193 2527 373 2573 quatenus
407 2525 452 2562 ad
489 2526 610 2576 ipsum
646 2528 757 2566 Panis
794 2544 837 2568 ac
872 2531 962 2570 Vini
997 2533 1036 2571 in
1075 2531 1200 2572 Coena
1236 2535 1468 2581 elementum,
1495 2540 1559 2574 aut
1585 2538 1712 2575 neseio

190 2587 334 2638 qualem
373 2588 410 2626 in
448 2589 499 2627 eis
535 2591 672 2636 locum,
698 2595 833 2632 referre
859 2595 963 2634 illam
992 2603 1189 2639 conantur.
1243 2600 1356 2638 Unde
1384 2614 1441 2639 me
1467 2601 1585 2651 igitur
1613 2616 1713 2640 nunc

190 2651 335 2689 demum
363 2652 449 2690 huic
477 2655 627 2693 voculae
652 2657 836 2706 placatum
865 2673 944 2698 esse
971 2663 1133 2701 somniat
1159 2663 1221 2701 hie
1247 2664 1444 2715 Propheta,
1472 2665 1536 2715 qui
1563 2665 1713 2705 interim

189 2716 354 2754 omnium
391 2717 698 2767 vigilantissimus
735 2722 870 2763 habere
899 2726 1027 2777 eupit?
1081 2729 1158 2766 Aut
1183 2728 1300 2778 igitur
1325 2729 1562 2768 mendacium
1589 2735 1625 2769 et
1651 2731 1713 2769 hic

191 2793 300 2819 suum
334 2787 514 2831 agnoscat
550 2788 674 2823 tantus
709 2787 908 2838 Propheta,
945 2794 1009 2830 aut
1037 2792 1210 2831 ostendat
1236 2795 1288 2842 (et
1316 2794 1467 2845 quidem
1495 2795 1575 2834 sine
1601 2796 1711 2834 mali-

193 2846 290 2884 ciosa
313 2847 506 2884 verborum
528 2853 737 2888 nostrorum
759 2851 1231 2904 depravatione)‚voeulam
1253 2875 1272 2892 a
1287 2859 1421 2897 cum’'
1440 2860 1478 2897 in
1491 2861 1711 2910 Augustana

966 1358 986 1384 ³)
