1818 3178
235 96 308 132 416
737 111 955 139 ResPoNsm
983 115 1079 141 Anv.
1112 116 1277 146 HosmM.

232 205 282 243 ita
320 206 394 244 sint
433 208 506 244 iam
534 222 552 245 a
583 210 711 246 multis
740 215 955 250 nostrorum
983 216 1156 261 refutata,
1184 223 1223 255 ut
1250 220 1392 258 nullam
1422 223 1580 273 amplius
1608 238 1763 277 respon-

231 270 374 307 sionem
400 276 633 311 mereantur:
671 278 822 312 nostros
849 280 971 315 autem
1001 291 1106 325 voco,
1132 281 1343 334 quicunque
1369 285 1457 332 iam,
1494 300 1568 325 non
1591 290 1760 340 equidem

229 348 250 371 a
279 335 495 374 Catholicae
523 337 715 376 Ecclesiae
744 340 897 388 unitate,
930 344 1246 394 quemadmodum
1273 350 1453 389 mentitur
1482 351 1636 400 Hosius,
1658 356 1722 393 sed
1741 370 1761 394 a

231 398 523 449 Papi-(61)stica
560 403 746 452 apostasia
785 409 896 457 atque
931 408 1212 449 abominatione
1247 426 1311 464 per
1352 414 1423 453 Dei
1449 417 1611 465 gratiam
1640 432 1759 458 seces-

229 461 371 499 sionem
407 464 562 503 fecimus
590 479 744 518 eamque
773 471 999 509 unanimiter
1028 486 1242 513 aversamur
1269 491 1312 514 ac
1340 479 1578 527 detestamur,
1615 483 1759 523 etiamsi

227 526 265 563 in
293 527 517 577 quibusdam
546 529 643 568 inter
671 545 740 570 nos
767 534 838 585 ipsi
867 536 1037 574 nondum
1064 539 1174 588 plane
1202 544 1492 589 consentiamus,
1510 555 1702 585 —tamen
1722 553 1759 587 et

228 590 288 628 hic
324 591 488 630 dicemus
524 594 658 640 obiter,
694 610 789 648 quae
817 599 890 637 huc
915 601 1101 651 pertinere
1129 604 1316 646 videntur.
1370 609 1428 646 Ad
1457 611 1614 661 primam
1641 613 1757 663 igitur

227 654 339 693 Hosii
365 657 548 696 rationem
576 659 739 699 breviter
767 662 819 701 ita
847 665 1130 715 respondemus.

832 766 898 803 Ad
934 756 1147 818 primam.

273 848 446 888 Diximus
473 851 547 889 iam
573 853 614 891 in
642 856 804 895 Articuli
827 858 998 908 vigesimi
1026 861 1179 900 secundi
1207 867 1450 916 responsione
1477 882 1604 908 verum
1631 877 1749 912 aeter-

220 926 311 951 num
339 918 449 966 atque
475 929 690 968 expressum
717 920 788 958 Dei
816 923 971 960 verbum
996 926 1164 976 positum
1192 941 1271 967 esse
1298 930 1336 968 in
1366 945 1476 971 sensu
1503 948 1547 972 ac
1564 949 1748 978 consensu

219 979 400 1023 unanimi,
436 993 512 1018 non
539 985 615 1019 tam
643 984 815 1034 equidem
843 986 1046 1034 Ecclesiae,
1082 1003 1194 1041 quam
1221 995 1348 1043 potius
1378 997 1592 1049 Scripturae
1618 1001 1748 1052 ipsius,

218 1055 328 1091 quam
366 1047 405 1081 ut
442 1044 632 1085 Divinitus
668 1048 887 1100 inspiratam
925 1065 1004 1090 esse
1034 1060 1190 1099 constet,
1226 1057 1278 1095 ita
1307 1059 1444 1098 Divina
1472 1063 1582 1101 etiam
1611 1065 1746 1105 virtute

217 1105 402 1144 suffultam
440 1122 515 1146 non
543 1110 732 1161 requirere
759 1114 875 1152 ullam
903 1116 1067 1155 ullorum
1096 1120 1305 1168 hominum,
1334 1124 1470 1175 quibus
1497 1127 1578 1179 ipsa
1604 1130 1745 1182 alioqui

215 1170 325 1207 etiam
362 1171 530 1210 Ecclesia
567 1180 726 1221 constat,
761 1179 1081 1229 approbationem.
1138 1185 1292 1236 Alioqui
1329 1201 1403 1226 non
1432 1194 1507 1228 tam
1537 1192 1743 1233 Ecclesiam

214 1247 234 1271 a
263 1235 375 1272 verbo
403 1236 473 1274 Dei
501 1237 667 1290 adeoque
695 1245 730 1279 et
758 1241 838 1279 Deo
866 1244 961 1294 ipso,
997 1259 1106 1297 quam
1136 1249 1260 1299 potius
1288 1256 1324 1288 et
1351 1254 1506 1292 verbum
1533 1255 1602 1294 Dei
1631 1257 1740 1297 simul

211 1304 247 1337 et
284 1299 406 1339 ‘Deum
441 1302 562 1353 ipsum
600 1305 646 1341 ab
685 1305 877 1346 Ecclesiae
912 1312 1115 1350 autoritate
1150 1314 1368 1354 testimonio
1406 1321 1517 1370 atque
1553 1324 1737 1373 approba-

211 1364 312 1402 tione
340 1367 426 1414 (62)
452 1368 613 1418 pendere
641 1376 840 1421 oporteret.
881 1374 973 1412 Cum
999 1380 1122 1414 tamen
1155 1379 1324 1418 Christus
1354 1382 1539 1422 Dominus
1566 1386 1606 1424 in
1635 1389 1738 1427 verbi

210 1429 476 1482 doctrinaeque
513 1445 599 1471 suae
626 1436 896 1485 approbatione
924 1439 969 1476 ab
999 1440 1215 1481 hominibus
1243 1445 1388 1484 nullum
1418 1461 1455 1486 se
1481 1450 1737 1491 testimonium

208 1506 254 1530 ne
281 1494 448 1545 accipere
484 1497 647 1546 quidem,
684 1499 821 1537 nedum
848 1503 1036 1553 requirere
1062 1508 1294 1556 profiteatur,
1332 1515 1442 1562 atque
1470 1513 1561 1551 alibi
1588 1529 1733 1556 rursum

206 1571 293 1596 oves
332 1572 428 1605 suas,
465 1560 537 1598 hoc
574 1566 641 1609 cst,
675 1564 882 1604 Ecclesiam
920 1568 1050 1620 ipsam,
1095 1585 1139 1608 ex
1176 1574 1276 1612 vocis
1315 1589 1400 1614 suae
1439 1591 1503 1616 seu
1540 1581 1642 1618 verbi
1680 1583 1736 1619 sui

205 1621 418 1661 obedientia
454 1627 532 1664 vult
569 1629 738 1677 agnosci,
781 1635 816 1668 et
855 1645 917 1670 eos
955 1633 1138 1673 duntaxat
1165 1650 1232 1687 pro
1262 1639 1441 1679 fratribus
1470 1648 1580 1694 atque
1608 1647 1735 1684 amicis

204 1687 280 1725 suis
317 1688 509 1728 habendos
546 1705 624 1730 esse
653 1694 774 1741 docet,
808 1697 873 1747 qui
900 1697 940 1735 in
969 1701 1151 1738 sermonis
1183 1703 1448 1757 doctrinaeque
1476 1721 1518 1745 ac
1546 1710 1649 1747 verbi
1678 1712 1734 1749 sui

201 1753 463 1793 observatione
481 1759 591 1807 atque
610 1758 824 1798 obedientia
843 1762 1059 1812 perdurant,
1075 1787 1124 1794 —
1142 1770 1179 1804 ut
1200 1769 1435 1820 perspicuum
1458 1772 1518 1820 sit,
1536 1787 1612 1812 non
1629 1777 1733 1827 equi-

201 1815 283 1853 dem
313 1816 504 1855 Christum
532 1819 738 1859 Dominum
767 1823 995 1876 verbumque
1024 1828 1125 1866 illius
1153 1829 1200 1867 ab
1230 1832 1304 1869 ullo
1335 1846 1447 1872 sensu
1475 1848 1517 1873 ac
1546 1850 1729 1877 consensu

202 1880 415 1926 Ecclesiam
441 1883 504 1921 sed
541 1884 661 1935 ipsam
688 1888 815 1937 potius
844 1889 1050 1930 Ecclesiam
1080 1907 1100 1931 a
1129 1895 1231 1932 verbi
1259 1896 1402 1945 Divini‚
1429 1900 1633 1952 Scripturis
1663 1917 1730 1941 no-

200 1944 257 1982 bis
284 1947 436 1997 proditi,
464 1962 573 1987 sensu
604 1963 787 1990 consensu
815 1958 926 2005 atque
954 1956 1168 1996 obedientia
1197 1960 1417 2011 dependere,
1438 1979 1547 2003 —ac
1573 1968 1731 2018 proinde

200 2009 362 2048 Hosium
391 2012 518 2050 libello
548 2014 618 2052 hoe
647 2029 713 2053 suo
742 2018 909 2068 prodere,
937 2034 1043 2059 suam
1070 2023 1188 2074 ipsius
1208 2030 1243 2063 et
1264 2040 1416 2066 suorum
1439 2031 1607 2069 omnium
1629 2034 1728 2072 anti-

198 2074 441 2115 christianam
487 2079 596 2129 plane
629 2080 870 2132 impietatem,
916 2085 1004 2124 dum
1049 2088 1118 2125 sub
1159 2091 1337 2130 ementito
1379 2093 1568 2133 Ecclesiae
1602 2097 1727 2142 titulo,

197 2140 386 2178 Christum
414 2142 618 2182 Dominum
648 2146 731 2192 sibi,
775 2161 851 2186 non
879 2155 1003 2189 autem
1031 2166 1069 2190 se
1098 2153 1249 2193 Christo
1278 2156 1440 2196 Domino
1469 2159 1508 2197 in
1537 2161 1641 2199 verbi
1669 2164 1726 2201 sui

195 2204 323 2242 Divini
358 2206 528 2245 doctrina
566 2210 748 2249 subiicere
790 2219 961 2254 conatur.
1016 2217 1214 2257 Possemus
1252 2226 1376 2260 autem
1403 2225 1519 2262 multa
1549 2226 1610 2265 hic
1635 2241 1722 2278 pro-

193 2270 397 2318 fcr·(63)re
434 2271 471 2309 et
508 2286 552 2310 ex
580 2275 775 2326 scripturis
803 2277 893 2329 ipsis
921 2280 969 2317 ad
998 2281 1192 2322 doctrinae
1221 2290 1372 2324 nostrae
1401 2291 1721 2330 confirmationem

192 2332 227 2370 et
263 2347 308 2371 ex
344 2335 530 2381 Patribus,
567 2352 728 2389 quorum
756 2341 898 2393 alioqui
930 2344 1074 2383 Hosius
1104 2347 1222 2385 videri
1251 2350 1399 2400 quidem
1430 2354 1510 2391 vult
1538 2368 1616 2392 esse
1645 2360 1721 2393 stu-

191 2397 439 2449 diosissimus,
475 2414 558 2439 cum
586 2403 733 2442 interim
763 2420 890 2445 eorum
921 2411 1163 2457 testimoniis,
1191 2415 1344 2464 perinde
1371 2421 1481 2468 atque
1509 2419 1719 2470 Scriptura·

189 2475 268 2499 rum
298 2465 510 2511 autoritate,
536 2468 859 2519 impudentissime
887 2474 1076 2514 abutatur.
1109 2478 1317 2525 Caeterum,
1343 2487 1585 2533 posteaquam
1605 2485 1643 2522 id
1663 2493 1719 2524 est

188 2526 261 2563 iam
297 2541 363 2578 per
397 2530 491 2568 alios
519 2533 660 2570 factum
689 2534 993 2586 locupletissime,
1021 2554 1089 2578 nos
1117 2546 1241 2580 actum
1269 2558 1378 2594 agere
1405 2547 1590 2593 nolumus,
1616 2553 1716 2601 quod

187 2590 303 2629 aiunt.
360 2591 508 2632 Omissa
543 2596 667 2648 itaque
696 2598 888 2639 doctrinae
918 2602 978 2640 hic
1006 2610 1155 2644 nostrae
1183 2608 1267 2658 plus
1296 2609 1386 2647 satis
1414 2609 1553 2649 dudum
1582 2626 1714 2665 appro-

188 2654 294 2692 batae
331 2658 625 2705 confirmatione,
665 2663 712 2700 ad
749 2665 1009 2705 excutiendam
1047 2670 1206 2720 primam
1244 2672 1340 2710 hanc
1378 2674 1489 2711 Hosii
1530 2677 1714 2718 rationein

186 2719 462 2760 descendemus.
509 2724 735 2777 Quanquam
765 2733 887 2768 autem
918 2738 1077 2781 constat,
1107 2749 1185 2773 eam
1215 2737 1253 2774 in
1283 2751 1392 2775 sensu
1423 2738 1594 2778 Hosiano
1624 2744 1714 2780 sub-

185 2783 314 2822 sistere
342 2785 628 2838 haudquaquam
655 2804 775 2841 posse,
803 2799 928 2833 tamen
956 2801 997 2835 ut
1025 2811 1082 2836 res
1111 2804 1189 2838 tota
1218 2801 1419 2839 dilucidior
1435 2804 1511 2850 fiat,
1530 2808 1711 2856 quaedam

183 2848 230 2887 ab
267 2848 388 2887 Hosio
425 2850 711 2893 sciscitabimur.
767 2857 945 2906 Primum,
982 2861 1070 2900 dum
1110 2863 1153 2901 de
1194 2865 1390 2903 Catholica
1418 2881 1481 2905 seu
1510 2871 1713 2910 universali
