1818 3178
184 171 277 200 XXII
828 167 903 195 1>le
911 166 1067 195 EFATIO.

188 274 536 333 typographicum
584 274 781 328 corrigat,
829 286 885 313 ΝΕ
931 287 1011 328 pro
1056 270 1232 314 ridicula
1273 272 1345 314 illa
1375 272 1525 314 vocula
1554 286 1614 315 ΜΕ
1644 287 1704 316 re·

187 345 442 389 scribendo?
502 345 556 386 Et
600 352 739 386 tamen
783 358 878 384 eum
912 343 952 384 in
985 342 1158 384 modum
1190 343 1266 385 hac
1297 344 1447 385 vocula
1479 343 1706 386 delectatus

191 433 278 460 esse
319 417 482 459 videtur
523 415 766 466 Gerdesius,
810 422 856 456 ut
895 416 1090 456 intactam
1139 429 1228 457 eam
1270 415 1416 457 sedulo
1446 416 1487 457 in
1520 430 1595 457 sua
1625 415 1707 457 edi-

190 490 300 532 tione
331 488 448 530 nobis
478 486 765 529 asservaverit.
827 486 875 528 In
907 486 1051 527 vicinis
1083 485 1192 542 typis
1224 486 1423 528 mandare
1454 486 1587 528 voluit
1616 486 1706 528 LU-

188 575 302 603 BIEN.
335 576 374 617 p.
407 561 488 602 85:
524 582 545 608 η
655 556 811 600 Christi
842 558 1012 600 Domini
1047 573 1207 606 vocem,
1243 573 1368 613 quam
1399 564 1441 600 te
1462 572 1585 601 UNAM
1606 558 1707 600 alio-

192 654 214 679 n
234 632 306 688 qui
337 646 464 687 supra
495 630 597 672 alias
628 645 771 672 omnes
803 629 948 671 audire
980 627 1213 685 oporteat.’'
1272 629 1442 672 Placuit
1472 638 1611 672 tamen
1642 629 1705 681 iis,

189 704 261 760 qui
301 711 421 760 typos
451 701 757 758 disposuerunt,
790 701 865 742 uni
897 715 1069 757 parcere
1101 700 1263 742 litterae
1294 708 1333 742 et
1366 715 1452 743 UNA
1480 717 1557 758 pro
1587 718 1708 744 unam

189 776 230 817 in
282 773 590 829 exemplaribus
636 773 843 815 exhibere.
907 772 1088 814 Evolvas
1129 787 1243 814 nunc
1294 787 1450 828 quaeso
1496 773 1708 816 Gmmzsu

190 853 361 898 textum,
409 853 450 888 et
493 846 533 887 in
581 861 619 901 p.
655 847 736 888 742
778 860 934 901 purum
982 852 1128 900 putum
1176 844 1281 887 illud
1312 859 1400 886 UNA
1430 845 1568 888 denuo
1598 846 1709 903 typis

189 931 433 972 expressum
481 915 677 971 reperies.
741 914 935 970 Longius
966 921 1084 964 esset,
1117 914 1360 971 singulatim
1394 915 1534 957 omnia
1566 929 1710 957 recen·

188 1003 298 1039 sere;
331 987 573 1043 ceteroquin
604 986 707 1028 nihil
739 986 897 1042 negotii
927 994 1031 1027 esset
1063 987 1304 1028 continuam
1337 985 1568 1028 istiusmodi
1590 986 1704 1028 vitio-

188 1076 286 1102 rum
317 1060 466 1102 seriem
497 1075 548 1101 ex
578 1058 759 1115 epistolis
789 1058 926 1108 Lasci,
961 1073 1064 1114 quas
1094 1059 1247 1100 scrinio
1279 1073 1355 1099 suo
1379 1058 1567 1107 inseruit,
1594 1058 1708 1100 evol-

187 1147 298 1174 vere.
358 1131 447 1183 Qui
490 1131 725 1172 accuratius
771 1138 1001 1185 utrumque
1042 1136 1198 1171 textum
1242 1129 1352 1171 inter
1383 1146 1425 1171 se
1457 1144 1708 1185 componere

189 1203 299 1253 velit,
341 1203 382 1245 in
424 1202 567 1244 eadem
613 1202 758 1257 utique
803 1200 875 1242 illa
917 1200 966 1242 ad
1000 1199 1321 1256 Sigismundum
1352 1200 1525 1256 epistola
1558 1200 1707 1251 videat,

189 1291 240 1316 an
274 1289 355 1315 non
388 1273 562 1315 similem
593 1271 876 1328 deprehendat
897 1286 1082 1313 errorem
1107 1272 1146 1312 in
1169 1271 1217 1313 iis
1239 1287 1345 1327 quae
1367 1271 1476 1313 LUB.
1499 1271 1562 1314 ed.
1588 1287 1627 1327 p.
1653 1272 1705 1313 81

190 1347 415 1403 leguntur:
466 1367 487 1391 n
507 1345 598 1387 EGO
643 1359 741 1386 cum
771 1343 1040 1399 Principibus
1072 1359 1154 1385 non
1188 1344 1379 1399 paucis‚”

188 1418 327 1460 littera
360 1423 517 1458 mutata
548 1416 754 1472 optimum
790 1413 1050 1471 praebebunt
1080 1429 1270 1456 sensum:
1308 1414 1428 1461 JJEGI
1460 1429 1555 1457 cum
1587 1414 1710 1457 Prin-

189 1512 210 1537 ῃ
230 1489 389 1546 cipibus
420 1503 494 1529 nos
525 1485 712 1543 paucis.''
762 1486 828 1528 Ne
859 1493 997 1528 autem
1031 1485 1217 1542 maligne
1249 1486 1359 1527 circa
1388 1493 1533 1527 tenues
1564 1484 1707 1526 literu-

190 1560 249 1603 las
289 1568 329 1602 et
368 1558 539 1602 subtiles
571 1557 834 1614 quisquillias
865 1557 1068 1599 duntaxat
1099 1557 1256 1598 versari
1285 1557 1485 1598 iudicium
1517 1563 1710 1598 nostrum

1412 1350 1454 1384 et
1484 1359 1590 1400 quae
1622 1358 1706 1385 una

189 1632 389 1683 videatur,
427 1645 560 1672 unum
593 1629 731 1671 adhuc
760 1628 900 1670 locum
933 1628 1136 1677 indicabo,
1170 1629 1240 1684 qui
1272 1630 1329 1670 sic
1360 1635 1408 1671 ut
1438 1629 1619 1684 scriptus
1649 1635 1711 1670 est

189 1705 317 1747 risum
351 1703 422 1745 tibi
454 1718 537 1744 non
569 1717 737 1744 movere
768 1717 941 1758 prorsus
972 1701 1127 1757 nequit.
1173 1701 1222 1743 In
1256 1701 1398 1743 eadem
1433 1715 1598 1757 semper
1627 1701 1711 1757 epi-

188 1776 293 1819 stola
324 1775 375 1817 ad
407 1773 743 1832 Sigismundum,
778 1775 889 1815 circa
918 1773 1059 1823 finem,
1091 1773 1201 1814 Luss.
1223 1788 1264 1828 p.
1289 1775 1357 1821 89,
1390 1773 1492 1814 haec
1522 1772 1707 1815 Lascum

187 1847 398 1904 scripsisse
441 1845 611 1887 credere
654 1852 692 1886 te
724 1852 877 1901 rogant
908 1845 948 1886 et
977 1843 1275 1886 Lubieniecius
1306 1845 1346 1885 e‘t
1377 1843 1548 1885 sedulus
1577 1844 1708 1900 ipsius

188 1919 384 1970 imitator,
428 1917 684 1960 Gerdesius:
739 1939 760 1964 η
787 1916 906 1957 Haec
938 1923 978 1958 te
1008 1931 1107 1957 sane
1139 1917 1277 1957 omnia
1311 1916 1460 1957 merito
1489 1929 1557 1957 SUI
1587 1915 1709 1958 officii

190 1991 351 2047 ..Regii
382 2002 587 2031 COMMUNE
618 2002 777 2030 FACERE
808 1986 1047 2031 deberent.''
1078 1987 1292 2029 Pervelim
1324 2003 1408 2038 eos,
1442 1988 1514 2043 qui
1545 1988 1710 2030 intrica-

188 2071 249 2105 tos
292 2063 403 2104 locos
444 2060 701 2117 expediendo
741 2059 921 2101 maxime
961 2058 1237 2112 oblectantur,
1280 2060 1321 2101 in
1356 2059 1417 2101 his
1447 2058 1583 2101 verbis
1613 2074 1709 2101 con·

186 2133 431 2191 torquendis
462 2131 704 2175 admirabile
734 2146 858 2172 suum
891 2138 1134 2172 exercerent
1165 2131 1398 2188 ingenium,
1431 2139 1471 2172 et
1505 2131 1708 2188 praecipi·

190 2212 274 2248 tem
327 2205 518 2248 Gerdesii
559 2204 766 2245 incuriam
811 2203 1096 2259 perstringere
1142 2202 1344 2254 deseram,
1393 2204 1466 2259 qui
1510 2204 1712 2246 eiusmodi

191 2277 382 2334 prodigia
414 2292 489 2319 suo
511 2276 678 2318 nomine
699 2275 822 2317 edere
844 2290 926 2316 non
952 2275 1246 2317 reformidarit.
1281 2275 1438 2317 Nullus
1459 2276 1618 2317 interea
1639 2275 1712 2317 du-

188 2349 285 2401 bito,
318 2349 441 2390 unice
474 2363 571 2390 vera
603 2363 707 2398 esse,
740 2362 848 2402 quae
879 2346 919 2388 in
952 2362 1046 2388 meo
1077 2354 1193 2389 textu
1224 2347 1441 2403 rescripsi:
1476 2370 1498 2395 u
1520 2347 1639 2389 Haec
1671 2355 1710 2389 te

192 2444 212 2470 v
232 2435 329 2463 sane
371 2420 511 2461 omnia
558 2419 706 2461 merito
746 2431 818 2460 TUI
861 2417 983 2459 officii
1030 2418 1154 2475 Regii
1201 2431 1562 2460 COMMONEFACERE
1593 2417 1712 2461 debe—

192 2514 213 2539 η
233 2492 369 2545 rent,'’
402 2498 442 2533 et
470 2491 622 2533 fiducia
654 2490 863 2533 affirmare
894 2490 1027 2532 ausim
1059 2506 1124 2531 me
1155 2491 1195 2532 in
1220 2499 1303 2532 tam
1326 2491 1483 2542 vitiosa,
1507 2497 1707 2546 corrupta

192 2571 477 2619 temerataque
522 2563 646 2605 Lasci
688 2561 962 2618 epistolarum
993 2562 1173 2605 editione
1205 2563 1466 2618 acquiescere
1499 2569 1586 2604 tuta
1617 2577 1712 2604 con-

190 2636 358 2678 scientia
389 2650 472 2677 non
504 2634 698 2690 potuisse.

249 2705 438 2757 Accedit,
487 2705 597 2761 quod
638 2705 678 2745 in
726 2704 907 2760 epistolis
948 2703 1116 2746 edendis
1157 2703 1297 2745 omnia
1326 2702 1413 2744 fere
1443 2703 1627 2759 pendent
1658 2703 1710 2746 ab

187 2778 499 2821 accuratissima
529 2777 741 2832 temporis,
775 2791 858 2832 quo
879 2776 998 2818 datae
1019 2777 1112 2826 sint,
1136 2775 1385 2818 definitione.
1419 2775 1704 2831 Epistolarum

189 2849 314 2891 series
345 2848 473 2890 veluti
503 2849 544 2890 in
577 2846 749 2904 speculo
781 2848 887 2889 vitae
921 2848 1102 2890 auctoris
1132 2846 1357 2889 decursum
1387 2861 1708 2903 successumque

188 2922 348 2966 referre
387 2937 436 2964 ac
476 2920 686 2963 delineare
729 2918 870 2971 debet3
917 2918 1028 2975 quod
1060 2926 1106 2962 ut
1137 2919 1272 2970 faciat,
1306 2918 1416 2961 iusta
1444 2918 1710 2975 singulorum
