1818 3178
171 90 243 127 532
821 97 880 124 rr.
908 96 1052 123 noch.

178 199 299 238 Marci
328 200 490 250 capitum
521 210 598 236 non
626 196 797 248 equidem
825 196 973 234 institui
1001 196 1121 232 ullum
1149 199 1212 233 aut
1239 196 1486 246 Euangelium
1516 198 1580 233 aut
1608 195 1696 245 bap-

178 264 333 302 tismum
361 265 551 310 docemus,
579 263 683 300 cuius
711 261 907 311 utriusque
933 274 1024 298 usus
1050 260 1125 298 iam
1153 261 1250 311 apud
1276 261 1429 299 iudaeos
1464 260 1604 311 alioqui
1632 260 1702 297 du-

176 324 265 362 dum
302 329 393 368 erat,
435 323 498 360 sed
535 322 635 374 quod
671 321 815 360 iudaeis
851 327 930 358 tum
968 321 1058 359 solis
1087 321 1268 358 donatum
1294 322 1418 360 adhuc
1444 326 1534 367 erat,
1559 320 1599 357 id
1626 320 1700 358 iam

177 387 280 423 hisce
307 385 400 423 locis
429 385 474 422 ad
503 398 632 423 omnes
660 389 790 434 gentes
829 384 905 421 sive
941 396 1088 421 omnem
1117 387 1321 422 creaturam
1347 384 1556 428 transferri,
1582 383 1701 420 idem-

178 461 252 498 que
281 448 352 485 hoe
381 448 463 485 loco
492 453 651 498 utroque
676 448 821 484 demum
844 446 1056 495 significare
1077 446 1238 483 voluisse
1252 459 1295 483 ac
1314 446 1345 483 si
1365 447 1539 484 dixisset:
1571 445 1704 482 «Hac—

176 515 288 547 tenus
316 510 404 546 dum
432 510 626 547 vobiscum
655 522 756 546 eram
783 508 925 545 iudaeis
952 521 1011 545 me
1039 512 1280 558 attemperare
1308 508 1409 545 volui
1436 513 1477 545 ut
1503 508 1588 545 illos
1606 508 1704 558 patri

179 584 261 608 meo
289 571 562 614 lucrifacerem,
590 570 760 607 dicebam
786 581 846 606 me
873 569 1028 606 missum
1057 581 1133 605 non
1160 581 1241 605 esse
1267 568 1341 605 nisi
1369 568 1415 604 ad
1441 569 1592 606 Israelis
1620 569 1703 606 ovi-

180 633 296 678 culas,
332 632 502 669 dicebam
529 632 701 682 iniquum
739 630 856 668 videri
893 643 1013 681 posse,
1041 630 1207 667 filiorum
1235 643 1367 680 panem
1396 631 1550 668 canibus
1579 630 1706 675 obiici,

182 697 356 735 nolebam
383 701 425 734 ut
452 701 488 734 et
516 709 582 733 vos
613 697 787 746 cuiquam
814 694 968 732 omnino
996 699 1143 745 praeter
1170 695 1257 731 illos
1285 695 1484 732 serviretis.
1527 696 1579 731 At
1607 706 1706 731 nunc

179 767 424 813 posteaquam
466 761 569 798 hisce
596 761 774 798 omnibus
803 760 901 797 nihil
928 764 984 797 est
1010 761 1233 810 profectum,
1262 772 1382 810 neque
1409 772 1474 810 per
1501 772 1560 796 me
1588 771 1709 808 neque

179 839 244 876 per
280 838 359 870 vos,
396 825 472 862 imo
503 837 589 862 vero
618 837 676 862 me
703 824 828 869 etiam,
856 836 965 873 quem
995 828 1035 860 ut
1062 823 1248 860 medicum
1277 835 1481 872 agnoscere
1510 822 1709 866 debebant,

176 893 230 929 ita
267 891 467 929 crudeliter
502 891 731 935 occiderunt,
767 890 934 927 auferam
972 902 1039 938 ego
1081 890 1127 926 ab
1165 889 1241 927 illis
1279 889 1351 926 iam
1390 889 1554 927 vicissim
1593 889 1704 926 etiam

180 955 281 991 hunc
317 954 510 997 honorem,
546 966 620 1004 quo
655 953 742 990 illos
775 957 882 1003 pater
915 965 1019 989 meus
1058 952 1237 989 hactenus
1274 958 1330 989 est
1358 952 1548 1001 dignatus,
1574 963 1707 1001 nempe

178 1021 220 1054 ut
248 1016 355 1065 regni
384 1016 514 1061 divini,
544 1016 579 1054 h.
608 1029 655 1062 e.‚
682 1015 873 1053 Ecclesiae
901 1014 1025 1052 sedem
1054 1014 1153 1065 apud
1182 1028 1220 1052 se
1249 1015 1441 1059 haberent,
1461 1027 1619 1065 eumque
1643 1026 1708 1064 per

181 1093 248 1118 vos
267 1080 315 1117 ad
334 1086 464 1129 gentes
484 1093 614 1117 omnes
633 1080 858 1117 transferam
877 1079 982 1116 iuxta
1002 1078 1202 1127 Euangelii
1221 1079 1293 1116 mei
1314 1078 1537 1116 doctrinam.
1565 1078 1708 1115 Euntes

179 1144 294 1193 igitur
324 1144 455 1181 docete
483 1157 548 1181 seu
575 1143 788 1194 praedicate
817 1141 1063 1190 Euangelium
1093 1142 1270 1179 omnibus
1298 1142 1476 1191 gentibus
1505 1142 1582 1178 sive
1607 1140 1708 1177 omni

180 1212 384 1254 creaturae,
412 1213 449 1246 et
476 1221 522 1246 ne
549 1208 688 1259 putetis
717 1207 873 1244 eandem
901 1220 980 1244 esse
1007 1207 1102 1256 legis
1132 1207 1322 1244 Mosaicae
1349 1212 1385 1245 et
1412 1207 1485 1244 mei
1509 1206 1708 1256 Euangelii

179 1274 375 1318 rationem,
402 1273 566 1324 aperiam
594 1273 703 1310 vobis
731 1272 926 1322 utriusque
954 1272 1153 1309 discrimen
1181 1272 1331 1322 paucis:
1366 1271 1446 1310 Lex
1478 1271 1577 1309 Mosi
1604 1272 1710 1309 docet

178 1338 298 1388 perire
334 1351 476 1381 omnes,
512 1337 576 1387 qui
613 1337 688 1385 legi
716 1349 781 1386 per
809 1336 933 1373 omnia
963 1349 1038 1373 non
1078 1336 1324 1381 satisfaciant,
1359 1349 1427 1385 ego
1465 1336 1598 1373 merito
1627 1348 1708 1373 meo

180 1401 321 1439 servari
348 1401 491 1438 omneis
520 1401 585 1451 qui
612 1400 706 1438 mihi
735 1400 888 1437 credant
916 1400 1044 1438 doce0.
1074 1400 1153 1437 Lex
1182 1400 1405 1438 condemnat
1433 1401 1588 1446 omneis,
1614 1412 1709 1450 quo-

179 1479 263 1503 rum
299 1466 535 1516 praeputium
570 1468 703 1502 octavo
742 1465 801 1501 die
834 1477 911 1501 non
950 1464 1251 1503 circumcidatur.
1306 1466 1388 1514 Ego
1425 1465 1488 1516 qui
1527 1470 1710 1502 resectum

181 1531 296 1568 totius
336 1530 438 1567 orbis
475 1530 724 1580 praeputium,
753 1530 789 1568 h.
820 1543 866 1574 e.,
894 1542 1029 1566 noxam
1069 1529 1236 1567 omnium
1277 1535 1516 1580 peccatorum
1545 1530 1711 1581 corporis

181 1595 254 1632 mei
283 1594 405 1632 hostia
443 1593 603 1644 expiavi,
641 1607 719 1631 non
756 1593 905 1643 requiro
943 1594 1103 1644 amplius
1140 1593 1241 1644 quod
1269 1593 1341 1631 mei
1369 1594 1502 1630 umbra
1530 1598 1620 1637 erat,
1648 1593 1711 1631 sed

181 1659 440 1696 testimonium
476 1662 624 1696 tantum
663 1659 735 1695 mei
773 1671 860 1707 erga
897 1670 1025 1695 omnes
1065 1658 1237 1695 beneficii
1272 1658 1311 1695 in
1353 1658 1538 1708 baptismo
1567 1663 1714 1695 exstare

185 1724 284 1769 volo,
320 1728 360 1760 ut
395 1736 433 1760 se
468 1722 510 1760 in
535 1736 594 1760 me
622 1723 783 1760 mundos
812 1735 942 1759 omnes
969 1735 1049 1759 esse
1077 1722 1305 1771 intelligant,
1331 1722 1545 1773 quicunque
1573 1721 1714 1761 servari

184 1788 330 1826 volunt.
368 1787 456 1824 Hoc
482 1800 606 1824 meum
634 1794 690 1824 est
718 1786 981 1835 Euangelium,
1009 1786 1109 1836 quod
1140 1799 1204 1824 vos
1233 1787 1410 1824 omnibus
1437 1787 1616 1836 gentibus
1644 1799 1714 1823 an-

186 1852 360 1890 nuntiare
398 1851 553 1895 debetis,
590 1852 823 1902 baptizantes
859 1851 1010 1888 interim
1047 1863 1110 1888 eos
1146 1852 1185 1889 in
1222 1851 1375 1889 nomine
1412 1851 1534 1889 Patris
1562 1856 1598 1889 et
1625 1850 1714 1888 Filii

182 1922 219 1955 et
248 1917 409 1967 Spiritus
437 1917 567 1954 Sancti
594 1921 630 1954 et
658 1916 835 1953 docentes
864 1930 928 1954 eos
958 1930 1103 1954 servare
1131 1916 1256 1955 omnia
1284 1929 1526 1967 quaecunque
1544 1915 1714 1966 praecepi

187 1981 336 2019 vobis.''
390 1981 452 2017 Sic
488 1993 558 2018 nos
593 1985 794 2031 utrumque
821 1980 945 2018 locum
973 1982 1084 2018 istum
1112 1980 1401 2031 interpretamur
1429 1985 1465 2018 et
1487 1981 1716 2031 praestitisse

189 2045 251 2083 hic
279 2045 486 2082 Dominum
514 2044 686 2090 dicimus,
715 2044 815 2095 quod
845 2045 936 2081 alibi
964 2045 1200 2095 promiserat,
1228 2045 1264 2083 h.
1284 2058 1331 2090 e.,
1354 2044 1616 2094 Euangelium,
1642 2044 1716 2081 Ec-

191 2110 343 2147 clesiam
380 2123 423 2147 ac
463 2109 534 2148 Dei
561 2109 655 2147 adeo
683 2122 838 2158 regnum
867 2114 987 2147 totum
1017 2123 1038 2146 a
1065 2109 1209 2146 iudaeis
1237 2109 1284 2146 ad
1312 2121 1440 2147 omnes
1467 2109 1585 2148 totius
1614 2109 1716 2147 orbis

190 2179 320 2224 gentes
356 2174 611 2213 transt-ulisse.
664 2173 779 2212 Quod
817 2175 849 2212 si
885 2174 996 2211 nobis
1025 2173 1086 2211 hic
1113 2173 1317 2211 reclament
1344 2173 1560 2220 adversarii,
1589 2178 1717 2212 osten·

192 2239 283 2276 dant
318 2240 383 2276 ubi
418 2239 540 2288 legem
567 2239 672 2276 illam
700 2238 745 2276 de
772 2239 984 2276 interdictis
1012 2239 1182 2288 gentium
1211 2238 1282 2275 viis
1313 2238 1498 2276 Dominus
1526 2239 1717 2284 relaxarit,

191 2304 508 2355 promissionique
537 2317 623 2342 suae
652 2303 888 2342 satisfecerit.
918 2303 958 2340 Si
985 2316 1072 2340 vero
1100 2303 1138 2340 id
1166 2316 1352 2354 nusquam
1380 2303 1540 2342 habetur
1566 2304 1719 2342 eviden-

192 2370 278 2414 tius,
317 2369 490 2407 desinant
527 2369 610 2406 loca
648 2369 739 2405 haec
771 2374 961 2418 torquere,
988 2381 1082 2418 quae
1109 2368 1202 2406 nihil
1233 2369 1279 2406 ad
1306 2368 1523 2406 institutum
1551 2368 1717 2419 ipsorum

195 2433 349 2479 faciunt,
377 2446 496 2484 neque
523 2433 684 2483 amplius
713 2432 924 2483 imperitam
953 2433 1230 2470 multitudinem
1260 2432 1404 2470 fallant.
1459 2433 1621 2471 Tantum
1650 2433 1716 2469 ab·

193 2502 249 2535 est
277 2502 401 2535 autem
430 2502 470 2535 ut
499 2497 590 2535 haec
616 2497 698 2534 loca
727 2496 956 2547 patrocinari
985 2497 1177 2534 doctrinae
1203 2497 1354 2534 illorum
1383 2498 1540 2548 possint,
1568 2502 1608 2535 ut
1628 2510 1717 2535 con-

194 2565 253 2598 tra
289 2559 375 2597 illos
403 2560 545 2597 faciant
573 2560 696 2606 etiam,
727 2560 759 2597 si
784 2560 851 2597 illa
877 2565 1008 2597 mutuo
1039 2560 1174 2598 collata
1201 2565 1300 2598 recte
1326 2560 1550 2611 expendant.
1605 2560 1719 2598 Quod

195 2626 293 2663 enim
324 2624 385 2661 hic
413 2624 640 2674 baptismum
669 2624 819 2662 institui
847 2624 997 2669 docent,
1024 2625 1062 2661 id
1090 2638 1227 2662 vanum
1256 2638 1334 2662 esse
1362 2624 1607 2668 ostendimus,
1634 2638 1718 2663 cum

196 2691 337 2725 certum
367 2687 415 2724 sit
444 2687 561 2724 multo
590 2690 701 2724 antea
729 2687 934 2737 Apostolos
961 2687 1139 2725 mandato
1168 2687 1320 2725 Domini
1338 2687 1608 2737 baptizasse‚et
1621 2688 1719 2738 apud

198 2752 368 2790 Marcum
396 2751 539 2789 nullum
568 2764 723 2801 prorsus
753 2751 912 2789 habetur
940 2751 984 2789 de
1012 2751 1212 2802 baptismo,
1239 2765 1281 2790 eo
1310 2752 1460 2802 quidem
1488 2751 1588 2797 loco,
1611 2764 1719 2790 man·

197 2815 338 2854 datum.
393 2815 585 2853 Praeterea
616 2814 806 2853 Mattheus
836 2819 966 2854 contra
992 2815 1080 2853 illos
1108 2817 1218 2865 plane
1247 2818 1350 2861 facit,
1376 2815 1463 2853 dum
1492 2815 1717 2866 baptismum
