1818 3178
173 149 245 185 340

177 257 373 296 dissentire
408 257 477 294 hac
512 256 553 293 in
587 257 693 306 parte
729 255 901 301 clamant,
929 255 1075 293 etiamsi
1102 254 1266 306 Erinnys
1293 255 1544 307 Westphalica
1570 256 1691 295 media

177 334 324 372 crepare
361 319 504 357 debeat.
557 317 614 356 De'
649 318 823 356 damnato
851 318 1004 368 Imperii
1031 319 1213 356 sententia
1239 332 1363 357 errore
1397 319 1565 368 Zwinglii
1599 320 1694 358 nihil

175 391 303 422 nostra
335 396 436 421 nunc
471 382 604 420 attinet
639 382 841 433 disputare.
895 382 1058 420 Tantum
1095 382 1165 420 hoc
1194 382 1296 421 dico:
1325 383 1356 420 si
1383 396 1511 420 verum
1538 386 1646 429 esset,
1672 397 1693 421 a

176 447 353 496 Zwinglio
390 459 432 484 ea
467 445 593 484 omnia
629 445 764 491 doceri,
799 459 957 496 quorum
994 446 1145 484 nomine
1171 446 1218 484 ab
1245 446 1464 485 adversariis
1486 450 1693 491 accusatur,

175 510 377 548 iustissima
404 514 499 547 esset
527 509 718 548 doctrinae
743 510 861 560 ipsius
889 509 1137 560 reprehensio.
1184 510 1256 548 Sed
1284 523 1367 548 cum
1393 515 1519 549 extent
1545 510 1694 561 publice

175 574 247 612 viri
281 575 382 612 illius
408 579 649 612 monumenta
677 574 990 621 luculentissima,
1017 588 1110 625 quae
1137 588 1221 612 eum
1247 575 1358 624 longe
1386 576 1491 612 aliter
1518 576 1558 612 in
1584 588 1694 624 argu-

174 643 300 676 mento
337 639 408 676 hoc
444 638 738 676 sacramentario
776 643 810 676 et
838 639 997 676 sensisse
1023 642 1058 676 et
1086 639 1254 676 docuisse
1280 639 1474 676 manifeste
1500 643 1695 682 testantur,

175 717 287 754 quam
314 703 361 741 ab
388 704 467 741 eius
494 703 714 741 adversariis
743 716 913 754 sparsum
941 703 1121 741 hactenus
1149 704 1196 741 sit
1223 704 1263 741 in
1291 704 1436 753 vulgus,
1452 708 1695 742 —nontam

173 768 344 818 equidem
387 768 428 806 in
472 781 514 805 eo
553 768 660 818 culpa
694 768 769 806 iam
806 768 984 814 haerebit,
1020 768 1085 818 qui
1123 768 1306 806 immerito
1342 772 1537 806 accusatus
1582 772 1694 819 atque

173 833 265 870 adeo
294 846 362 877 nec
388 837 540 871 vocatus
566 846 636 871 nec
663 833 824 880 auditus,
851 847 897 871 ne
925 834 1046 870 dicam
1075 834 1268 871 convictus
1295 838 1362 879 est,
1388 847 1500 884 quam
1526 834 1600 871 illis
1625 846 1695 884 po-

173 896 260 943 tius,
295 897 359 948 qui
394 897 518 948 ipsum
553 902 588 935 et
615 902 837 935 accusarunt
862 897 1047 935 immerito
1085 901 1121 935 et
1157 898 1232 935 suis
1268 898 1506 948 praeiudiciis
1532 897 1695 935 hominis

175 974 252 999 non
288 961 424 1007 vocati,
459 975 537 999 non
573 962 691 999 auditi
725 975 844 1012 neque
881 961 1043 999 convicti
1069 961 1168 1012 apud
1195 961 1387 1012 Principes
1416 961 1694 999 condemnatio-

175 1038 260 1063 nem
296 1030 481 1064 urserunt.
534 1026 627 1063 Eam
653 1025 769 1074 igitur
797 1026 869 1063 sibi
894 1025 1041 1063 laudem
1070 1026 1254 1075 egregiam
1283 1026 1417 1064 habeat
1457 1025 1695 1076 Westphalus

175 1102 258 1127 cum
287 1090 362 1146 suis
390 1090 577 1135 omnibus,
603 1090 680 1141 qui,
709 1095 747 1127 ut
775 1090 973 1127 schismata
1000 1089 1039 1127 in
1067 1089 1234 1127 Ecclesia
1262 1094 1436 1136 sererent,
1461 1090 1695 1141 praeiudiciis

173 1155 250 1192 suis
295 1155 622 1193 condemnationes
667 1154 879 1192 istiusmodi
914 1159 1087 1192 urserunt
1132 1159 1168 1192 et
1210 1154 1468 1193 obtinuerunt.
1522 1157 1574 1192 At
1610 1167 1695 1192 vero

175 1218 298 1256 adhuc
333 1219 443 1257 nobis
478 1222 644 1270 superest
680 1232 845 1256 summus
871 1218 935 1256 ille
962 1222 997 1256 et
1025 1231 1148 1264 verax,
1176 1218 1335 1270 denique
1361 1218 1588 1256 inevitabilis
1615 1231 1697 1256 0111-

174 1283 279 1321 nium
314 1283 439 1330 iudex,
475 1297 584 1334 quem
618 1283 714 1321 nihil
747 1284 861 1321 latere
894 1286 1029 1334 potest,
1073 1287 1108 1321 et
1143 1283 1190 1320 ad
1228 1283 1331 1321 cuius
1363 1283 1530 1321 tribunal
1556 1283 1696 1321 iustum

174 1348 342 1396 om-(fol.
372 1348 571 1396 118)nium
597 1348 755 1387 istorum
781 1348 1094 1399 praeiudiciorum
1121 1348 1211 1386 olim
1237 1349 1333 1387 ratio
1361 1348 1548 1387 reddenda
1574 1348 1656 1387 erit.

173 1410 306 1450 Ioan.
335 1410 358 1449 ὲ.
384 1411 551 1451 Lasco.

206 1476 322 1515 Aliud
338 1476 400 1513 hic
418 1488 495 1514 non
513 1489 572 1513 re·
800 1531 813 1535 -
1127 1477 1188 1513 43.

171 1541 349 1592 spondeo,
386 1553 496 1591 quam
529 1544 570 1578 ut
994 1538 1039 1576 W
1050 1552 1069 1577 e
1079 1542 1152 1589 stp
1164 1539 1188 1576 h
1200 1539 1277 1576 alu
1287 1553 1316 1578 s.

170 1607 287 1644 lector
318 1609 462 1643 mutato
500 1617 569 1642 no·
671 1606 735 1642 Ea:
761 1611 837 1642 tam
865 1605 1072 1653 manifestis
1099 1605 1302 1643 mendaciis
1324 1604 1513 1654 perfacile
1548 1610 1601 1642 est
1636 1606 1695 1642 iu·

172 1672 273 1709 mine
289 1669 573 1719 cogitet‚West·
626 1671 766 1714 dicare,
803 1670 894 1719 quid
924 1670 971 1707 sit
1004 1670 1092 1710 fidei
1124 1669 1331 1706 habendum
1369 1670 1454 1706 aliis
1475 1671 1695 1718 praestiyiis

173 1737 326 1788 phaluin
355 1736 398 1773 de
426 1748 463 1773 se
489 1735 570 1785 ipso
624 1741 656 1772 et
683 1735 908 1783 imposturis,
936 1734 1068 1782 quibus
1096 1734 1340 1771 circumducit
1367 1734 1547 1778 lectorem,
1573 1735 1696 1770 volens

170 1800 275 1851 loqui
309 1800 400 1837 haec
435 1798 572 1843 omnia,
620 1799 864 1846 persuadere,
890 1799 1057 1835 tenebras
1086 1811 1162 1835 esse
1189 1799 1317 1842 lucem,
1345 1798 1573 1835 mendacium
1600 1798 1694 1835 veri-

171 1865 318 1903 etiamsi
333 1863 498 1913 Erinnys
515 1862 572 1913 ip·
626 1869 746 1908 tatem,
773 1863 840 1900 lioc
869 1869 931 1906 est,
959 1864 1100 1908 falsam
1130 1863 1337 1899 doctrinam
1366 1862 1694 1899 Sacramentario-

172 1929 248 1967 sius
266 1929 305 1966 in
324 1941 381 1966 me
398 1928 464 1965 illa
481 1940 570 1964 con·
623 1941 705 1964 ram
733 1928 934 1964 consentire
963 1940 1043 1964 cum
1072 1939 1160 1964 vera
1180 1927 1363 1972 doctrina,
1382 1939 1491 1974 quam
1505 1927 1566 1975 pii
1582 1926 1695 1963 Prin-

170 1998 344 2044 torquere
405 1995 573 2029 conatur.
627 1993 725 2040 cipes
763 1993 926 2039 confessi
959 1998 1043 2028 sum
1078 1992 1116 2028 in
1152 1991 1244 2028 libro
1281 1992 1436 2029 exhibito
1472 1992 1698 2040 Imperatori

174 2055 344 2102 Ostendi,
363 2068 474 2105 quam
492 2067 571 2091 ma-
624 2055 829 2102 Aayustae‚
855 2061 906 2099 ut,
932 2055 1184 2091 circumdatus
1212 2055 1313 2091 molli
1337 2055 1542 2092 vestimento
1565 2057 1698 2101 ovium,

173 2121 314 2158 liciosis
333 2119 574 2170 etimpuden-
626 2126 726 2156 tanto
760 2120 913 2165 facilius
949 2121 1095 2168 ingerat
1129 2132 1167 2157 se
1204 2120 1241 2156 in
1268 2120 1402 2168 Regma
1430 2126 1463 2157 et
1489 2117 1705 2166 Ecclesias,

171 2186 273 2223 tibus
292 2184 486 2222 calumniis
505 2196 573 2221 no·
626 2184 688 2221 ubi
722 2186 780 2220 sui
815 2184 955 2221 erroris
992 2185 1134 2221 semina
1162 2185 1233 2221 late
1270 2190 1441 2232 sparyat,
1474 2185 1570 2222 unde
1602 2197 1695 2233 pro-

173 2255 248 2288 stra
283 2250 457 2300 depravet
492 2261 572 2285 om·
626 2250 772 2286 veniant
816 2249 978 2293 zizania,
1021 2261 1117 2296 quae
1154 2249 1240 2285 boni
1273 2249 1387 2286 tritici
1414 2255 1635 2298 proventum
1664 2255 1696 2287 et

171 2314 246 2360 nia,
282 2327 392 2364 quam
416 2313 569 2351 menda-
617 2313 785 2360 fractam
812 2313 1026 2362 impediant.

173 2378 264 2415 citer
281 2378 371 2415 item
381 2377 490 2415 nobis
502 2376 568 2414 ad-

171 2444 302 2491 fingat,
344 2456 438 2493 quae
480 2456 571 2480 nus-

174 2520 285 2558 quam
312 2506 410 2557 apud
428 2519 497 2544 nos
516 2507 569 2544 le-

172 2576 324 2623 guntur.
393 2571 572 2623 Exposui,

171 2637 267 2675 nihil
324 2635 433 2673 nobis
492 2649 571 2673 esse

175 2713 369 2739 commune
406 2713 489 2737 cum
524 2700 612 2745 illis,
648 2700 713 2750 qui
747 2700 787 2738 in
823 2713 890 2737 usu
928 2700 1251 2737 Sacramentorum
1289 2697 1387 2736 nuda
1423 2701 1533 2748 atque
1568 2698 1695 2736 inania

176 2767 281 2816 signa
311 2765 556 2808 constituunt,
583 2768 619 2801 et
645 2764 830 2802 humanae
858 2764 1040 2802 duntaxat
1076 2762 1367 2801 conversationis
1394 2766 1501 2799 notas
1527 2763 1696 2813 publicas

174 2844 253 2868 esse
289 2830 443 2876 docent3
472 2841 545 2879 quo
572 2831 697 2866 tamen
725 2842 799 2866 uno
827 2830 979 2867 nominc
1005 2830 1165 2866 maxime
1192 2841 1260 2866 nos
1287 2826 1384 2877 apud
1412 2840 1540 2864 omnes
1567 2828 1696 2866 tradu-

178 2894 227 2933 cit
272 2893 374 2931 rabie
419 2906 482 2930 sua
520 2891 684 2942 Erinnys
727 2892 989 2943 Westphalica.
1041 2893 1232 2930 Postremo
1268 2890 1442 2937 indicavi,
1476 2891 1639 2943 idipsum
1676 2906 1696 2931 a
