1818 3178
621 105 838 132 RESPoNsm
867 107 962 132 ADV.
995 106 1160 132 HOSIUM.
1585 99 1658 133 459

129 207 290 251 homine,
328 206 461 243 nedum
497 206 536 243 in
567 205 689 243 Hosio
718 207 846 244 eiusve
875 211 1039 244 creatore
1074 207 1301 256 Pa-(190)pa
1331 206 1516 242 Romano.
1573 206 1652 243 'Etsi

126 274 251 309 autem
287 283 349 307 ore
377 269 477 307 Petri
503 270 688 320 prolatum
718 271 765 308 sit
793 271 1076 309 fundamentum
1103 270 1198 307 illud
1226 270 1468 321 Apostolicae
1496 270 1653 307 Confes-

127 336 256 380 sionis,
292 348 375 373 cum
415 338 539 372 tamen
579 335 750 373 Christus
780 336 934 386 ipsemet
968 335 1153 373 Dominus
1189 335 1304 381 illam,
1331 348 1407 373 non
1435 335 1605 386 equidem
1633 348 1654 372 a

128 413 237 438 carne
265 404 301 437 et
329 400 522 449 sanguine,
551 399 621 437 hoc
649 404 702 438 est
731 401 913 438 humanae
941 401 1052 438 ullius
1081 401 1120 438 in
1148 401 1256 438 Petro
1283 400 1488 437 industriae
1507 413 1550 437 ac
1564 413 1653 450 pru·

127 464 273 501 dentiae
309 464 461 510 iudicio,
498 465 561 501 sed
598 464 644 502 ab
674 465 753 516 ipsa
781 466 901 503 Patris
931 465 1002 503 Dei
1029 466 1256 503 revelatione
1284 465 1422 502 Divina
1449 465 1653 515 prosettam

126 543 205 567 esse
240 532 409 573 testetur,
446 541 523 566 non
552 542 640 567 sane
668 543 747 567 eam
774 542 842 581 pro
871 530 1034 567 humana
1062 530 1134 567 iam
1164 530 1264 567 Petri
1292 530 1524 581 aliorumque
1552 531 1657 581 Apo-

127 595 309 633 stolorum
352 594 598 640 confessione,
643 595 789 632 etiamsi
827 608 889 632 ore
928 594 1093 632 hominis
1131 595 1232 632 Petri
1265 595 1412 646 prolata
1444 600 1512 639 est,
1548 598 1660 645 atque

126 657 329 695 etiamnum
358 671 420 696 ore
448 659 641 696 hominum
669 672 734 710 per
760 660 952 710 publicum
982 659 1174 697 Ecclesiae
1192 659 1450 697 testimonium
1468 673 1657 697 commen-

129 723 245 765 detur,
285 722 347 760 sed
384 736 450 774 pro
490 723 627 762 Divina
667 737 818 774 prorsus
858 725 1019 775 Spiritus
1058 724 1189 762 Sancti
1217 738 1307 762 voce
1334 737 1378 761 ac
1406 724 1589 770 doctrina,
1617 724 1657 761 in

126 800 198 837 qua
234 787 374 838 alioqui
409 787 510 825 Deus
547 788 702 839 ipsemet
737 788 898 839 Spiritus
936 789 1065 826 Sancti
1102 789 1228 826 afflatu
1264 792 1299 826 et
1326 792 1490 827 mentem
1518 792 1554 827 et
1580 788 1658 826 lin-

126 865 240 900 guam
269 852 526 902 Apostolicam
554 852 802 902 gubernabat,
831 853 1087 904 amplectenda
1115 853 1301 903 nobisque
1326 852 1366 890 in
1391 853 1456 890 illa
1485 852 1660 890 omnibus

128 916 408 953 consistendum
443 929 522 953 esse
549 917 787 955 affirmamus.
843 917 1034 954 Intuenda
1061 916 1177 966 igitur
1206 916 1317 954 nobis
1346 929 1424 953 esse
1451 916 1491 954 in
1519 916 1658 955 funda-

127 985 252 1018 mento
280 980 362 1031 ipso
390 980 556 1018 membra
591 981 781 1019 Ecclesiae
819 982 957 1027 omnia,
985 995 1061 1019 non
1089 986 1212 1019 autem
1241 981 1448 1019 Ecclesiam
1476 982 1574 1032 apud
1603 981 1661 1019 ul-

127 1045 182 1082 los
209 1045 364 1082 omnino
392 1045 562 1083 homines
590 1046 842 1096 quaerendam
871 1060 950 1084 esse
979 1046 1150 1090 dicimus,
1178 1050 1217 1083 ut
1246 1057 1293 1083 ex
1320 1046 1396 1083 illis
1426 1058 1505 1083 eam
1528 1045 1661 1083 metia-

127 1123 211 1147 mur
237 1114 349 1161 atque
376 1110 625 1149 aestimemus.
654 1111 787 1162 Neque
815 1111 875 1148 hic
901 1113 1013 1159 (191)
1039 1123 1228 1148 moramur
1255 1110 1399 1156 titulos,
1426 1123 1521 1161 quos
1550 1109 1660 1147 nobis

128 1174 273 1212 Hosius
300 1188 320 1212 e
348 1175 470 1212 cordis
500 1175 558 1213 sui
585 1175 792 1222 Pharisaici
819 1175 1051 1212 abundantia
1079 1175 1225 1213 tribuit.
1254 1174 1337 1212 Nos
1364 1174 1404 1211 in
1433 1174 1572 1212 nullius
1597 1188 1663 1212 us-

128 1253 238 1290 quam
267 1239 430 1277 hominis
459 1240 571 1277 verba
597 1240 777 1285 iuramus,
804 1253 923 1290 neque
950 1252 1175 1290 quemquam
1203 1252 1331 1276 eorum
1359 1252 1424 1289 per
1452 1251 1546 1289 quos
1574 1252 1662 1289 pro-

130 1304 296 1350 fecimus,
331 1317 398 1355 pro
436 1308 554 1355 patre,
582 1304 761 1353 magistro
791 1317 834 1341 ac
863 1303 983 1354 capite
1011 1309 1140 1341 nostro
1168 1316 1428 1353 agnoscemus,
1456 1302 1592 1340 nedum
1620 1307 1662 1340 ut

126 1383 255 1407 eorum
293 1369 511 1407 nominibus
546 1369 725 1421 appellari
753 1369 921 1407 velimus.
977 1369 1047 1406 Sed
1077 1369 1235 1413 Hosius,
1261 1368 1383 1419 Papae
1411 1381 1476 1405 suo
1506 1368 1665 1411 iuratus,

127 1434 173 1471 ad
201 1448 310 1485 quem
339 1433 492 1471 modum
519 1434 625 1470 illum
652 1447 718 1484 pro
747 1434 868 1479 Patre,
896 1433 1095 1482 Magistro,
1125 1432 1266 1484 Capite,
1308 1432 1468 1483 denique
1495 1431 1661 1469 Domino

127 1512 171 1537 ac
199 1501 373 1537 Creatore
401 1512 467 1536 suo
497 1499 681 1549 agnoscit,
708 1499 760 1536 ita
788 1504 824 1536 et
852 1512 922 1536 nos
954 1498 1001 1536 ad
1029 1498 1185 1536 eandem
1214 1497 1409 1535 hominum
1437 1497 1668 1542 servitutem,

126 1578 148 1601 a
183 1577 256 1615 qua
284 1563 422 1601 Divino
452 1563 593 1614 alioqui
623 1563 803 1601 beneficio
832 1563 982 1600 liberati
1009 1563 1084 1600 iam
1112 1575 1253 1607 sumus,
1279 1561 1466 1599 retrahere
1494 1565 1663 1600 conatur.

129 1628 252 1665 Nobis
279 1641 391 1678 porro
421 1628 509 1666 satis
537 1632 591 1665 est
617 1627 751 1665 unicus
777 1628 887 1665 Pater
914 1628 977 1664 ille
1005 1640 1048 1664 ac
1076 1626 1260 1676 Magister
1286 1626 1327 1664 in
1356 1626 1468 1664 coelis
1489 1626 1662 1663 unicum-

128 1707 200 1744 que
232 1706 277 1731 ac
312 1697 504 1731 aeternum
541 1697 651 1744 caput
680 1697 863 1736 nostrum,
892 1693 1064 1730 Christus
1092 1692 1292 1737 Dominus,
1318 1691 1357 1729 in
1386 1691 1492 1729 cuius
1520 1705 1657 1729 nomen

130 1758 308 1809 baptizati
337 1771 476 1795 sumuS.
521 1757 583 1803 Et,
610 1771 823 1808 quanquam
849 1758 889 1795 in
918 1757 1041 1795 electis
1070 1756 1140 1794 Dei
1168 1756 1256 1794 viris
1283 1756 1359 1794 illis
1387 1756 1573 1801 omnibus,
1601 1769 1666 1806 per

127 1837 222 1875 quos
258 1823 327 1861 Dei
363 1822 594 1873 benignitate
628 1823 865 1873 profecimus,
902 1822 1020 1859 multa
1056 1825 1091 1859 et
1118 1822 1307 1872 praeclara
1334 1820 1404 1858 Dei
1434 1820 1533 1858 dona
1561 1833 1664 1857 rcvc-

126 1893 250 1927 renter
285 1889 535 1938 agnoscimus,
571 1888 828 1939 amplectimur
864 1892 900 1925 et
935 1887 1082 1925 assidue
1119 1900 1185 1938 pro
1221 1887 1297 1924 illis
1334 1886 1472 1935 gratias
1500 1885 1664 1923 Domino

127 1955 207 1992 Deo
235 1958 364 1992 nostro
385 1954 541 2003 agimus,
561 1958 698 1998 tamen,
718 1953 909 2004 quoniam,
931 1952 1152 2003 Apostolico
1173 1951 1296 1989 edocti
1311 1950 1664 1998 testimonio‚(l92)

128 2034 256 2058 omnes
293 2033 366 2065 θος,
394 2019 459 2070 qui
485 2018 647 2070 positum
678 2018 791 2055 semel
821 2017 1080 2056 Confessionis
1109 2017 1350 2068 Apostolicae
1377 2016 1664 2054 fundamentum

127 2085 402 2135 amplectuntur
430 2087 464 2121 et
492 2084 666 2128 retinent,
695 2096 808 2120 unum
837 2096 915 2120 esse
941 2082 1016 2119 iam
1044 2082 1233 2119 hominem
1260 2081 1300 2118 in
1321 2081 1486 2126 Christo,
1504 2081 1662 2132 quibus-

128 2162 275 2200 cunque
301 2149 453 2187 tandem
482 2148 699 2186 nominibus
728 2148 984 2197 designentur,
1010 2160 1087 2185 non
1116 2147 1344 2190 dubitamus,
1371 2146 1411 2184 in
1439 2146 1561 2197 ipsum
1590 2159 1659 2183 no-

127 2215 184 2252 bis
213 2214 403 2252 Ecclesiae
430 2213 715 2251 fundamentum
744 2214 872 2250 oculos
900 2212 1135 2263 potissimum
1164 2216 1313 2249 nostros
1342 2224 1422 2250 esse
1447 2210 1664 2261 defigendos

127 2278 397 2322 existimamus,
424 2278 464 2315 iu
492 2291 566 2329 quo
597 2291 697 2322 sane,
727 2281 765 2314 ut
791 2290 866 2314 non
896 2282 950 2314 est
978 2290 1099 2328 neque
1128 2277 1294 2315 Graecus
1322 2290 1441 2327 neque
1459 2276 1665 2320 Barbarus,

128 2357 248 2395 neque
281 2343 372 2380 item
397 2342 516 2385 Pauli,
545 2342 690 2392 Cepliae
727 2346 789 2379 aut
827 2342 982 2393 Apollos
1010 2342 1221 2393 quisquam,
1247 2342 1301 2379 ita
1329 2354 1449 2392 neque
1476 2341 1661 2378 Luthera-

129 2423 217 2447 num
245 2408 420 2459 deinceps
447 2407 763 2456 Zwinglianumve
790 2411 852 2444 aut
881 2406 1142 2444 Calvinianum
1170 2406 1210 2443 in
1238 2419 1280 2444 eo
1308 2419 1520 2457 quenquam
1539 2406 1665 2456 appel-

127 2475 260 2520 lamus,
289 2474 352 2511 sed
381 2487 492 2511 unum
517 2473 699 2510 duntaxat
722 2472 912 2509 Christum
933 2471 1136 2509 Dominum
1156 2493 1206 2500 —
1224 2470 1350 2508 omnia
1370 2470 1407 2508 in
1425 2469 1600 2507 omnibus
1618 2470 1664 2507 il·

127 2538 174 2575 lis
192 2559 243 2566 —
262 2538 463 2580 intuentes,
483 2537 531 2574 ab
549 2536 616 2573 illo
637 2548 766 2573 omnes
785 2549 857 2573 uno
880 2535 1031 2573 nomine
1053 2535 1288 2573 Christianos
1307 2535 1551 2586 appellamus.
1582 2535 1664 2572 Sic-

129 2612 199 2650 que
227 2612 271 2637 ex
298 2599 379 2650 ipso
408 2598 669 2642 fundamento,
697 2601 993 2648 superstructum
1020 2595 1076 2634 illi
1103 2586 1316 2634 aedificium
1343 2600 1527 2648 quatenus
1556 2597 1590 2633 ei
1608 2609 1665 2633 re-

130 2663 301 2714 spondet,
329 2677 405 2701 non
434 2669 558 2700 autem
586 2663 873 2700 fundamentum
900 2675 946 2700 ex
974 2661 1157 2706 aedificio,
1182 2661 1284 2712 quod
1311 2667 1346 2699 et
1374 2665 1504 2699 ventos
1531 2664 1568 2698 et
1594 2661 1666 2697 im-

129 2728 224 2775 bres,
252 2729 326 2766 nisi
354 2728 474 2766 solido
504 2728 644 2766 nitatur
672 2728 929 2771 fundamento,
955 2727 1117 2778 perferre
1145 2727 1285 2778 alioqui
1312 2727 1568 2776 sustinereque
1590 2739 1666 2763 non

130 2798 263 2844 potest,
299 2793 474 2831 metimur
501 2797 537 2831 et
564 2793 814 2830 aestimamus.
869 2792 1085 2843 Recipimus
1111 2792 1241 2842 igitur,
1268 2805 1345 2830 non
1373 2805 1452 2829 esse
1480 2803 1663 2841 quaeren-

130 2858 214 2895 dam
241 2858 338 2908 apud
366 2862 528 2903 nostros,
565 2857 678 2895 veluti
706 2857 1024 2906 quae-(193)dam
1053 2856 1187 2909 capita,
1215 2856 1436 2902 Ecclesiam,
1464 2854 1526 2892 sed
1557 2853 1666 2892 addi-
