1818 3178
1515 103 1587 143 277

59 219 261 269 (quatenus
297 216 469 268 equidem
507 231 565 255 me
594 218 794 264 hominem,
821 217 885 268 qui
912 219 948 254 et
974 215 1055 254 falli
1082 219 1118 254 et
1145 215 1221 253 labi
1249 214 1401 267 possim,
1428 226 1507 253 esse
1534 213 1581 252 li·

58 281 189 320 benter
223 282 416 333 profiteor)
453 285 496 319 ut
530 282 635 320 illam
661 282 735 320 alio
763 281 848 319 loco
875 281 980 319 nullo
1007 281 1116 332 plane
1143 280 1272 318 haberi
1300 279 1421 319 velim.
1474 279 1582 318 Idem

57 360 144 384 vero
173 350 208 384 et
237 346 281 384 de
309 347 529 395 Augustana
558 346 803 385 Confessione
830 350 865 384 et
893 345 938 384 de
964 345 1138 383 omnibus
1164 345 1205 383 in
1231 345 1445 383 universum
1465 344 1582 395 scrip·

54 409 104 447 tis
137 413 282 461 praeter
322 422 445 446 sacras
481 409 608 447 literas
646 409 778 454 sentio.
813 409 1006 460 fateorque
1039 408 1244 446 humanum
1280 421 1370 453 esse,
1397 407 1580 458 quidquid

36 473 104 511 'ab
141 473 357 511 hominibus
397 473 470 511 ullo
498 473 624 519 modo,
650 487 728 512 non
755 478 878 512 autem
905 473 1118 511 immediate
1143 473 1191 510 ab
1218 473 1299 523 ipso
1328 473 1470 524 Spiritu
1499 472 1581 517 Dei.

52 537 314 588 proficiscitur.
368 537 558 576 Nimirum
603 543 640 576 et
684 538 900 589 Scripturae
935 541 1084 575 sanctae
1118 542 1154 575 et
1191 537 1404 575 Catholicae
1441 537 1579 575 Christi

53 600 245 638 Ecclesiae
272 601 488 638 testimonio
518 600 704 647 docemur,
732 601 898 639 omnium
929 600 1135 651 quamlibet
1161 601 1428 651 praestantium
1457 600 1578 638 homi-

52 678 143 703 num
171 665 308 716 scripta
337 679 357 703 a
385 665 617 717 Propheticis
646 670 682 704 et
710 665 938 717 Apostolicis
968 665 1169 716 Scripturis
1195 665 1247 703 ita
1277 665 1436 703 discerni
1465 677 1575 716 opor-

52 732 140 773 tere,
168 733 208 767 ut
236 729 304 767 hae
332 731 432 768 solae
460 743 526 782 pro
555 729 703 769 Divinis
731 730 893 768 oraculis
921 743 1063 781 proque
1091 730 1245 768 Canone
1270 730 1352 781 ipso
1381 743 1423 768 ae
1443 730 1578 768 funda-

52 797 178 830 mento
208 793 399 832 Ecclesiae
426 794 664 841 immutabili,
692 794 859 845 adeoque
887 798 922 832 et
949 807 1016 844 pro
1044 794 1126 845 ipso
1154 793 1224 831 Dei
1251 794 1335 842 (fol.
1358 796 1424 842 10)
1453 794 1580 838 verbo,

50 871 192 908 proque
228 872 313 896 vera
348 872 391 896 ac
416 872 510 909 pura
546 859 617 897 Dei
645 859 817 897 doctrina
844 859 1064 905 habeantur,
1090 858 1228 909 quibus
1255 859 1334 897 sine
1361 859 1464 897 omni
1490 871 1576 896 exa-

50 923 151 961 mine
178 924 354 974 omnique
382 923 644 973 disquisitione
672 923 889 974 simpliciter
918 923 1068 960 obedire
1097 922 1309 969 debeamus,
1331 944 1380 952 ·-
1401 923 1472 961 alia
1491 935 1578 961 vero

49 1001 358 1039 quorumcunque
391 988 542 1026 tandem
579 988 773 1026 hominum
811 988 962 1039 scripta,
1000 988 1305 1039 quandoquidem
1340 992 1377 1026 et
1411 989 1513 1038 ligna
1541 992 1578 1026 et

50 1053 202 1090 foenum
239 1056 274 1090 et
314 1053 465 1103 stipulas
493 1065 582 1089 auro
610 1056 765 1102 argento
794 1065 837 1089 ac
863 1051 1021 1101 gemmis
1051 1052 1126 1090 suis
1154 1052 1338 1103 permixta
1363 1053 1580 1104 plerumque

50 1115 187 1154 habere
224 1117 356 1161 solent,
393 1116 653 1154 examinentur
686 1117 803 1168 prius,
839 1131 951 1168 quam
980 1116 1219 1168 recipiantur,
1245 1130 1288 1154 ac
1315 1117 1473 1168 proinde
1501 1131 1577 1156 non

52 1180 130 1218 iam
166 1193 233 1231 pro
273 1180 423 1218 Divinis
452 1181 611 1218 oraculis
637 1181 794 1232 ipsoque
821 1181 892 1219 Dei
920 1181 1032 1220 verbo
1061 1185 1124 1219 aut
1151 1195 1233 1219 vera
1263 1181 1402 1232 alioqui
1429 1195 1472 1219 ac
1490 1196 1582 1232 pura

52 1245 192 1283 Divina
229 1245 399 1283 doctrina
426 1249 644 1296 reputentur
679 1245 781 1284 illive
818 1247 893 1284 ullo
930 1246 1043 1284 modo
1078 1249 1293 1297 aequentur.
1348 1246 1446 1291 Hoc,
1474 1246 1505 1284 si
1532 1246 1579 1284 ad

47 1324 226 1360 magnum
270 1311 375 1348 illum
411 1311 538 1348 nescio
575 1324 684 1362 quem
720 1315 975 1362 contemptum
1010 1312 1124 1349 refert
1151 1312 1404 1363 Westphalus,
1431 1311 1575 1361 gaudeo

47 1375 140 1412 mihi
169 1388 252 1412 cum
281 1375 451 1413 doctrina
479 1375 701 1426 Apostolica.
727 1379 764 1414 et
792 1376 987 1415 Catholica
1015 1377 1158 1414 Christi
1185 1377 1352 1415 Ecclesia
1381 1390 1577 1416 commune

46 1451 136 1477 esse.
192 1438 342 1477 Vanum
379 1444 433 1477 est
468 1439 596 1489 igitur,
634 1440 736 1491 quod
771 1454 852 1478 mea,
887 1454 945 1478 me
980 1454 1048 1492 pro
1078 1441 1226 1479 Divinis
1254 1441 1414 1479 oraculis
1443 1441 1578 1479 habere

46 1503 139 1541 velle
176 1503 287 1551 fingit
325 1503 578 1555 Westphalus,
614 1504 762 1542 etiamsi
796 1504 892 1542 nihil
927 1505 1092 1543 dubitem
1120 1505 1164 1543 de
1191 1505 1382 1543 doctrinae
1417 1509 1578 1551 nostrae,

44 1571 86 1606 ut
124 1568 251 1606 Verbo
289 1568 359 1606 Dei
399 1574 669 1608 consenteneae
705 1569 864 1616 veritati,
901 1570 1020 1609 donec
1055 1571 1156 1608 aliud
1184 1584 1227 1609 ex
1255 1571 1381 1608 Verbo
1411 1571 1480 1609 Dei
1508 1571 1576 1609 do-

52 1644 212 1671 ceamur.
241 1632 400 1670 Interim
429 1646 515 1671 vero
544 1633 666 1684 quivis
695 1634 803 1672 facile
831 1634 955 1673 videre
982 1638 1117 1686 potest,
1144 1648 1218 1686 quo
1246 1635 1328 1672 loco
1358 1649 1423 1673 sua
1450 1635 1576 1674 West-

46 1696 179 1746 phalus
216 1696 346 1735 haberi
384 1698 521 1748 cupiat,
561 1698 649 1736 dum
686 1712 755 1736 nos
791 1698 877 1737 ideo
912 1700 1086 1745 traducit,
1121 1700 1222 1751 quod
1255 1702 1383 1737 nostra
1420 1699 1574 1738 nonnisi

43 1772 110 1810 pro
139 1760 311 1799 humanis
339 1761 469 1800 haberi
498 1763 666 1802 velimus
1231 1814 1233 1816 v

1200 1827 1331 1868 Ioan.
1359 1828 1382 1867 a
1409 1828 1575 1868 Lasco.

559 1893 593 1929 5.
1216 1893 1322 1932 Quae
1353 1895 1463 1944 juxta
1491 1908 1572 1932 ver-

415 1953 572 2006 Westp
584 1955 608 1992 h
621 1955 698 1994 alu
711 1969 740 1995 s,
949 1956 951 1958 ’
1156 1958 1247 1996 bum
1259 1958 1328 1996 Dei
1344 1959 1459 1997 tradit
1471 1960 1571 1998 Con-

90 2015 136 2053 Si
178 2029 223 2054 ex
258 2017 366 2055 verbo
413 2019 488 2056 Dei
526 2022 719 2067 Confessio
753 2022 963 2060 doctrinam
998 2035 1105 2060 suam
1157 2023 1282 2070 fessio,
1308 2036 1349 2061 ea
1379 2027 1417 2061 ut
1440 2036 1571 2062 aurum

33 2080 224 2127 proponit,
262 2087 295 2116 ec
328 2093 436 2117 suam
473 2084 652 2120 eiusmodi
687 2098 763 2121 esse
790 2087 908 2123 videri
933 2088 1100 2134 affectat,
1151 2091 1574 2138 argentumacgemmas

37 2143 142 2191 sique
170 2144 395 2182 credendum
424 2152 488 2189 esc,
516 2154 714 2196 utramque
741 2149 833 2186 m'lzz'l
859 2151 953 2187 inter
980 2164 1018 2187 se
1046 2152 1104 2187 di·
1155 2151 1316 2189 libenter
1377 2154 1570 2204 amplecti-

35 2208 184 2251 sentire,
212 2220 280 2246 cur
307 2215 413 2246 taccat
442 2213 611 2254 alteram,
639 2215 740 2261 quod
760 2215 988 2252 sitleumana
1011 2217 1097 2253 doc·
1150 2229 1245 2260 mur,
1289 2217 1434 2255 etiamsi
1473 2219 1567 2257 Con-

37 2272 138 2309 trina
152 2272 168 2308 ,ἲ
1164 2280 1363 2318 sessionem
1374 2282 1491 2333 ipsam
1503 2296 1569 2333 pro

1152 2346 1291 2396 scripto
1325 2346 1569 2398 doctrinaque

38 2400 245 2448 hominum,
271 2415 314 2440 eo
343 2416 415 2454 quo
445 2403 586 2442 dictum
613 2409 668 2444 est
696 2419 819 2452 sensu,
849 2409 1064 2449 habeamus.
1095 2399 1254 2450 'Rursus
1282 2413 1367 2451 dum
1398 2420 1566 2454 nostram

37 2465 216 2515 doc-(fol.
246 2469 452 2516 ll)trinam
479 2474 516 2507 et
543 2471 649 2509 verbi
675 2471 805 2510 Divini
832 2478 867 2511 ct
896 2475 1110 2514 Catholicae
1137 2477 1326 2517 Ecclesiae
1344 2481 1567 2520 testimoniis

38 2531 276 2582 comprobari
306 2537 512 2585 (utcunque
542 2535 601 2572 hic
630 2536 776 2575 frendat
806 2538 1063 2590 Westphalus)
1091 2545 1127 2578 ct
1150 2542 1197 2579 ab
1218 2545 1438 2593 Augustana
1456 2546 1568 2583 etiam

38 2595 282 2635 Confessione
304 2611 380 2636 non
403 2599 600 2638 dissentire
620 2601 800 2646 videmus,
818 2617 940 2641 veram
958 2606 1204 2655 proculdubio
1224 2621 1302 2646 esse
1322 2622 1397 2647 non
1418 2610 1567 2648 dubita·

36 2673 130 2705 mus,
158 2662 304 2700 etiamsi
333 2663 532 2702 humanam
561 2678 640 2704 esse
667 2666 827 2705 libenter
854 2671 1104 2718 agnoscimus.
1149 2672 1310 2711 Interim
1340 2688 1425 2712 vero
1452 2676 1568 2721 illam,

34 2728 78 2762 ut
98 2726 246 2777 reliqua
274 2732 404 2766 nostra
432 2730 568 2775 omnia,
598 2731 818 2769 subiicimus
846 2733 1022 2781 legitimis
1050 2748 1093 2772 ex
1123 2735 1247 2774 Verbo
1279 2737 1348 2775 Dei
1377 2738 1565 2777 Ecclesiae

37 2788 201 2835 iudiciis,
228 2795 270 2830 ut
297 2797 361 2830 aut
388 2807 492 2831 error
520 2795 629 2832 nobis
658 2801 980 2842 commonstretur,
1007 2812 1117 2849 quem
1144 2814 1213 2838 nos
1242 2802 1365 2839 videre
1385 2816 1457 2841 non
1476 2816 1565 2854 pos-

36 2867 175 2901 sumu8‚
203 2862 278 2904 aut,
305 2859 407 2912 quod
433 2860 553 2911 magis
582 2873 785 2915 speramuS,
811 2863 935 2901 omnis
963 2863 1008 2907 de
1034 2864 1098 2904 illa
1127 2866 1310 2905 dubitatio
1340 2868 1503 2908 tollatur.
