1818 3178
1527 114 1599 152 291

79 226 267 264 Christum
303 226 504 264 Dominum
537 226 702 274 judicem
729 226 979 265 inevitabilem
1010 226 1200 273 habemus,
1226 226 1272 263 ad
1301 226 1404 263 cuius
1431 225 1598 263 tribunal

83 303 167 328 cum
204 304 272 328 nos
309 303 437 328 omnes
475 291 557 328 sisti
584 292 732 330 tandem
761 295 941 342 oporteat,
968 291 1058 328 illuc
1084 291 1157 328 iam
1187 295 1283 328 certa
1312 289 1503 327 doctrinae
1530 302 1599 327 no-

77 362 176 393 strae
213 356 349 392 fiducia
385 368 646 406 provocamus.
701 357 783 394 Nec
821 356 1046 401 dubitamus,
1083 368 1150 393 nos
1188 354 1394 392 doctrinam
1433 353 1611 392 nostram

76 420 194 457 multo
231 419 379 456 facilius
415 424 493 456 tum
530 433 609 458 esse
644 420 913 471 approbaturos
948 432 1012 470 per
1046 420 1205 467 gratiam
1235 418 1314 464 Dei,
1341 431 1452 469 quam
1480 431 1600 456 novus

77 483 137 519 hic
182 483 289 520 Atlas
335 483 542 521 Saxonicus
579 485 696 522 reales
735 484 1019 534 corporalesque
1055 496 1139 520 suas
1175 485 1220 521 In
1262 484 1338 521 Sub
1379 483 1469 520 Cum
1504 495 1600 534 pane

78 546 223 583 Coenae
261 545 533 584 delitescentias
574 548 824 586 connexiones
861 560 904 584 ac
941 547 1225 585 distributiones
1260 560 1323 598 per
1357 560 1490 584 manus
1526 547 1602 584 Mi-

76 609 187 646 nistri
226 609 401 660 Corporis
440 611 591 657 Christi,
628 625 713 649 suas
750 612 841 649 item
879 611 1127 661 ubiqueitates
1155 615 1191 648 et
1218 624 1301 648 suas
1328 611 1411 648 illas
1438 611 1508 662 piis
1535 625 1603 662 pa-

77 674 167 711 riter
195 678 304 724 atque
332 675 454 725 impiis
485 688 700 713 communes
729 675 1012 726 prostitutiones
1040 675 1245 725 approbare
1272 688 1438 726 unquam
1464 676 1605 726 possit:

78 738 198 788 parati
234 738 375 776 interea
410 740 506 777 ferre
546 740 684 786 omnia,
712 753 954 790 quaecunque
981 740 1020 776 in
1048 752 1115 776 nos
1144 739 1329 777 Dominus
1357 753 1398 777 eo
1427 740 1507 791 ipso
1535 753 1603 791 po-

76 801 262 840 tissimum
299 803 449 841 nomine
485 804 699 854 permittere
733 817 899 854 unquam
937 804 1034 840 volet
1068 803 1114 840 ad
1151 803 1309 852 gloriam
1346 805 1509 841 nominis
1546 804 1604 842 sui

79 864 208 903 Divini
236 869 272 904 et
300 867 466 904 veritatis
495 867 535 906 in
564 867 632 905 hac
664 868 917 905 controversia
943 867 1243 905 illustrationem.
1272 868 1356 916 (fol.
1386 870 1452 916 34)

1229 931 1361 969 Ioan.
1390 932 1412 969 a
1440 932 1603 972 Laseo.

593 997 646 1036 [7.
1256 996 1344 1033 Non
1384 1001 1439 1035 cst
1486 997 1607 1034 nostri

459 1059 788 1110 Westphalus.
1211 1073 1311 1097 nunc
1345 1059 1602 1111 instituti-pro

134 1125 270 1162 Misere
305 1131 489 1161 torserunt
525 1125 591 1161 aliz·
616 1125 822 1161 vocabula:
848 1124 931 1160 hoc
961 1129 1029 1160 est
1057 1137 1156 1160 cor·
1210 1123 1292 1160 aliis
1320 1124 1541 1174 respondere
1568 1127 1604 1161 et

75 1202 165 1237 pus
193 1203 292 1226 meu
305 1203 349 1227 m.
377 1191 484 1226 Baro
512 1190 730 1233 Polonwas,
743 1189 962 1236 posthabitis
980 1189 1058 1225 istis
1074 1195 1148 1225 lor·
1204 1192 1258 1225 cst
1282 1189 1360 1238 jam
1380 1188 1528 1226 abunde
1547 1202 1603 1226 re-

79 1254 184 1298 turis,
229 1255 367 1302 arripit
411 1267 454 1290 em
500 1254 742 1302 Confessioue
785 1253 1002 1289 vocabulum
1038 1265 1090 1289 cu
1101 1267 1156 1296 m,
1208 1253 1328 1289 futata
1364 1252 1455 1290 haec
1482 1253 1606 1290 West-

81 1331 176 1366 quae
219 1325 545 1367 quantumcunque
582 1319 793 1361 reluclelum
831 1317 932 1353 debet
970 1318 1003 1353 el
1037 1323 1158 1354 tamen
1210 1316 1312 1367 phali
1350 1316 1547 1361 calumnia,
1576 1316 1607 1353 si

79 1381 291 1428 sc‘ynfficore
334 1389 474 1429 tempus
517 1383 692 1429 mysticae
729 1369 899 1425 αοΐιῧηίε,
934 1394 1005 1417 non
1039 1394 1156 1429 prae·
1209 1379 1604 1417 aurcsadaudiendum

78 1448 232 1483 seutiam
261 1447 430 1494 corporis
458 1453 490 1484 et
517 1446 725 1494 sanquz'nis.
1213 1444 1604 1484 haberet.Videatau-

1208 1512 1282 1546 tem
1303 1509 1607 1559 Westphalus‚ne

76 1575 198 1625 ipsum
234 1575 352 1612 multo
388 1574 506 1624 magis
548 1574 636 1611 olim
665 1574 849 1625 {torqueat
889 1573 1132 1625 Propheticus
1159 1573 1276 1624 ipsius
1304 1573 1467 1624 spiritus,
1494 1587 1602 1624 quam

79 1639 155 1689 ipse
184 1639 309 1676 Verba
338 1639 479 1676 Christi
511 1638 666 1675 Domini
694 1651 714 1675 a
742 1638 851 1675 nobis
878 1637 1045 1688 torqueri
1072 1637 1193 1686 fingit.

133 1702 247 1740 Quod
274 1703 320 1740 ad
347 1716 406 1740 me
432 1702 578 1744 attinet.
606 1702 697 1739 mihi
724 1697 966 1752 perindeest,
995 1702 1070 1739 sive
1090 1715 1147 1739 me
1166 1702 1350 1739 Baronem
1372 1702 1606 1746 Polonicum.

80 1767 157 1804 sive
184 1780 313 1804 ursum
343 1767 590 1804 Sarmaticum
620 1771 736 1804 vocet.
758 1766 872 1803 Haec
900 1767 1000 1803 enim
1027 1770 1137 1816 atque
1166 1766 1275 1815 hujus
1303 1766 1448 1815 generis
1476 1766 1602 1803 omnia

80 1832 214 1870 furiosi
251 1832 413 1869 hominis
441 1831 552 1880 genio
580 1831 767 1881 permitto,
794 1839 841 1874 et,
866 1844 939 1881 quo
967 1831 1024 1868 illi
1050 1831 1169 1879 magis
1197 1831 1386 1882 displiceo.
1414 1831 1485 1868 hoc
1512 1831 1603 1868 mihi

79 1896 197 1946 magis
233 1896 313 1947 ipse
348 1895 504 1946 placeo,⁸
526 1896 643 1946 deque
676 1895 754 1932 eius
791 1895 969 1932 conviciis
998 1895 1090 1932 mihi
1116 1896 1295 1944 gratulor.
1350 1895 1454 1932 Quas
1481 1900 1602 1932 autem

77 1966 240 1998 torturas
276 1974 297 1998 a
331 1974 391 1998 me
425 1960 660 2011 posthabitas
696 1973 776 1998 esse
810 1960 945 2011 putat?
999 1959 1181 2010 Equidem
1216 1964 1251 1997 et
1280 1973 1379 1997 nunc
1405 1960 1603 2008 figuratam

76 2025 335 2076 loquutionem
361 2025 402 2062 in
431 2024 572 2061 Christi
600 2024 742 2061 verbis:
771 2024 859 2061 hoc
886 2027 959 2061 est
988 2036 1161 2074 corpus
1188 2036 1347 2067 meum,
1364 2035 1540 2071 agnosco,
1556 2023 1602 2060 ad

77 2102 186 2140 quem
216 2088 368 2125 modum
395 2092 483 2125 sunt
509 2089 689 2136 figuratae
717 2100 843 2124 omnes
873 2086 1157 2124 sacramentales
1181 2086 1393 2123 istiusmodi
1412 2086 1601 2136 loquutio-

78 2167 155 2199 nes,
182 2152 218 2190 id
247 2152 348 2203 quod
376 2165 504 2190 omnes
531 2151 673 2202 alioqui
699 2151 810 2189 etiam
835 2151 948 2202 prisci
973 2151 1136 2201 purioris
1163 2150 1353 2188 Ecclesiae
1378 2150 1505 2188 Patres
1532 2163 1602 2188 no-

80 2217 223 2254 biscum
251 2218 428 2254 fatentur.
477 2216 549 2253 Sed
578 2229 660 2254 cum
689 2215 733 2254 de
760 2218 982 2264 Augustana
1011 2216 1191 2253 duntaxat
1219 2215 1463 2252 Confessione
1491 2215 1601 2253 nobis

80 2281 333 2319 controversia
368 2284 475 2325 essct,
501 2280 602 2317 illius
629 2280 722 2317 mihi
750 2279 932 2318 duntaxat
961 2280 1071 2317 verba
1099 2280 1211 2317 etiam
1237 2277 1457 2329 explicanda
1483 2283 1600 2317 erant.

76 2345 192 2383 Porro
235 2344 473 2395 Westphalus
509 2349 544 2381 et
572 2343 630 2380 sui
658 2347 841 2381 conantur
867 2343 989 2380 modis
1017 2343 1191 2380 omnibus
1219 2342 1453 2380 dissimulare
1478 2346 1601 2379 tortu·

76 2423 136 2447 ras
174 2423 258 2447 suas
287 2409 325 2446 in
354 2409 473 2446 verbis
503 2408 640 2446 Christi
667 2408 833 2454 Domini,
861 2408 923 2446 sed
951 2421 1011 2445 eas
1040 2407 1185 2445 silentio
1215 2420 1280 2445 suo
1308 2406 1485 2458 produnt,
1514 2407 1601 2444 dum

77 2475 215 2511 nullam
255 2474 405 2510 illorum
443 2473 582 2510 nudam
609 2472 749 2523 alioqui
785 2485 828 2510 ac
855 2472 939 2520 (101.
969 2475 1034 2519 35)
1072 2472 1274 2522 simplicem
1299 2474 1408 2521 juxta
1437 2472 1601 2521 singula-

78 2552 160 2576 rum
197 2552 329 2576 vocum
368 2538 549 2582 ordinem,
584 2541 626 2575 ut
662 2538 753 2574 alias
782 2537 922 2574 dictum
950 2542 1016 2581 est,
1043 2536 1216 2575 adferunt
1244 2537 1599 2587 interpretationem.

79 2603 244 2640 Tantum
281 2603 453 2644 clamant,
491 2601 600 2639 verba
636 2614 716 2638 esse
753 2601 850 2638 clara
898 2600 1059 2638 dilucida
1095 2613 1139 2637 ac
1165 2600 1368 2651 perspicua.
1424 2603 1475 2638 At
1503 2613 1601 2646 vcro,

78 2680 152 2719 quo
190 2672 277 2706 sunt
311 2667 431 2717 magis
468 2667 566 2704 clara
594 2679 638 2703 ac
664 2666 859 2717 perspicua
890 2665 1119 2716 Westphalo,
1147 2665 1218 2702 hoc
1246 2679 1333 2704 sane
1362 2666 1508 2703 facilius
1535 2666 1599 2703 illa

77 2732 182 2770 iuxta
227 2744 360 2770 vocum
405 2731 650 2780 singularum,
684 2734 723 2767 ut
761 2729 902 2767 dictum
937 2734 1004 2775 est,
1039 2729 1208 2767 ordinem
1244 2729 1427 2780 explicare
1463 2732 1599 2780 posset,

78 2795 151 2833 nisi
179 2796 250 2834 sibi
277 2809 298 2834 a
325 2795 527 2846 prodendis
555 2793 708 2832 torturis
736 2794 812 2832 suis
839 2806 957 2844 usque
983 2793 1074 2831 adeo
1102 2793 1260 2832 timeret.
1300 2793 1407 2832 Quae
1430 2805 1516 2830 vero
1544 2797 1600 2830 est

80 2860 169 2897 haec
205 2859 369 2898 hominis
407 2859 577 2897 malevoli
613 2857 796 2903 vafricies,
838 2857 924 2895 dum
955 2862 1086 2907 negat,
1119 2857 1337 2908 particulam
1376 2869 1476 2894 cum
1511 2856 1603 2894 mihi

1384 2919 1455 2958 19*
