1818 3178
194 128 266 163 162
547 130 595 155 nn
625 122 905 153 sACRAMnNTIS
935 121 1149 148 ECCLESJAE
1179 121 1359 148 onnis'rl.

205 235 280 272 sius
314 229 631 284 participationem
668 225 836 262 Christus
873 223 918 261 D.
952 222 1125 267 venisset,
1152 225 1187 259 et
1213 227 1341 272 postea
1368 235 1561 272 nunquam
1588 227 1715 260 nostra

206 312 284 336 csse
318 294 474 339 desierit,
510 290 679 341 equidem
715 288 788 325 dici
825 299 899 334 non
934 290 1070 336 potest,
1106 285 1215 323 nobis
1253 300 1274 323 a
1311 287 1460 324 Christo
1497 285 1545 325 D.
1572 286 1620 324 ad
1647 300 1716 324 no-

203 368 312 399 stram
350 371 472 396 secum
508 353 805 392 communionem
841 364 904 400 per
936 354 1094 387 mortem
1135 363 1238 387 suam
1280 352 1455 388 collatam
1483 364 1571 397 esse,
1597 352 1716 389 multo

203 427 323 462 minus
360 426 479 459 autem
514 418 560 456 ad
597 419 922 454 Sacramentorum
958 414 1177 463 mysterium
1211 416 1341 452 referri
1374 419 1509 465 potest,
1536 419 1718 465 quatenus

202 500 289 525 sane
325 485 406 533 (fol.
436 485 518 529 56²³)
555 483 878 518 Sam-umentorum
905 478 1073 515 omnium
1100 479 1318 527 mysterium
1346 479 1384 515 in
1413 492 1455 516 ea
1481 479 1718 529 potissimum

202 554 348 588 nostrae
384 560 466 584 011111
501 545 648 582 Christo
678 542 951 580 communionis
979 546 1083 591 parte
1110 546 1165 578 est
1193 542 1367 591 positum,
1395 555 1467 592 qua
1494 543 1534 580 111
1561 556 1630 579 1105
1657 543 1720 580 ille

202 614 244 650 de
273 624 338 649 suo
366 610 505 659 aliquid
532 608 579 646 ad
606 608 761 645 amissae
790 605 920 642 salutis
947 608 1098 642 nostrae
1124 605 1440 655 recuperationem
1471 606 1642 651 contulit,
1678 609 1722 643 ut

202 676 338 726 pluries
365 679 420 711 est
448 673 599 715 dictum,
626 684 702 708 non
730 675 851 707 autem
879 683 898 706 a
929 669 1037 706 nobis
1065 669 1218 718 aceepit.

254 741 443 776 Postremo
486 737 524 773 id
569 748 715 786 quoque
759 740 899 771 certum
944 736 1011 776 est,
1058 745 1133 769 non
1178 746 1288 783 posse
1333 735 1599 771 commonstari
1633 734 1720 771 ullis

203 801 353 838 omnino
381 800 457 837 sive
483 798 703 840 rationibus,
732 796 808 833 sive
834 794 1071 839 testimoniis,
1100 795 1263 844 aliquam
1291 796 1348 832 vel
1373 796 1567 832 minimam
1595 809 1719 833 acces-

200 866 341 902 sionem
375 863 414 900 in
451 866 579 899 nostro
618 873 770 910 corpore
804 864 839 896 et
876 859 1070 907 sanguine,
1107 858 1207 908 quod
1245 859 1395 909 quidem
1430 859 1477 896 ad
1514 860 1720 897 naturalem

198 941 325 964 eorum
362 926 609 963 substantiam
643 924 787 967 attinet,
822 936 867 959 ex
904 923 1023 960 delata
1060 922 1171 959 nobis
1207 936 1227 959 a
1274 923 1422 960 Christo
1461 922 1622 960 Domino
1658 935 1723 973 per

199 996 355 1027 mortem
392 1002 494 1027 suam
532 988 697 1038 corporis
734 992 768 1024 et
804 986 996 1036 sanguinis
1033 986 1090 1023 sui
1118 986 1395 1024 communione.
1451 986 1583 1036 Neque
1622 986 1721 1023 enim

203 1060 266 1092 aut
294 1059 400 1092 antea
427 1053 549 1090 minus
577 1052 714 1089 fuimus
744 1051 924 1096 homines,
960 1063 1070 1100 quam
1099 1063 1199 1087 nunc
1227 1052 1368 1095 sumus,
1395 1054 1457 1088 aut
1485 1063 1585 1087 nunc
1610 1050 1722 1087 etiam

203 1119 319 1167 magis
358 1130 494 1161 sumus,
530 1115 689 1153 futurive
728 1128 890 1164 unquam
928 1127 1052 1151 sumus
1091 1113 1271 1157 homines,
1308 1128 1419 1164 quam
1459 1118 1545 1151 ante
1572 1113 1722 1157 fuimus,

204 1184 235 1220 si
262 1183 379 1232 ipsam
407 1180 570 1231 corporis
598 1184 632 1217 et
660 1178 851 1227 sanguinis
879 1179 998 1216 nostri
1026 1179 1206 1216 naturalis
1225 1178 1472 1216 substantiam
1494 1182 1722 1229 spectemus;

204 1260 288 1283 nam
316 1245 360 1282 de
387 1245 564 1295 qualitate
591 1255 692 1280 nunc
719 1255 793 1280 non
823 1243 980 1290 agimus.
1010 1242 1060 1279 Et
1085 1242 1254 1293 proinde,
1283 1242 1314 1279 si
1339 1242 1587 1280 substantiam
1604 1242 1724 1292 ipsam

204 1310 367 1359 corporis
402 1314 438 1345 et
474 1307 664 1356 sanguinis
702 1306 841 1343 Christi
877 1307 924 1343 ab
960 1306 1026 1342 illo
1055 1306 1164 1343 nobis
1191 1306 1239 1343 ad
1266 1312 1437 1343 nostram
1467 1319 1592 1344 secum
1620 1318 1722 1342 com-

201 1374 414 1410 munionem
452 1371 611 1408 conferri
644 1371 694 1408 111-
720 1383 791 1407 11511
828 1372 1154 1407 Sacramentorum
1198 1369 1390 1412 dicamus,
1430 1370 1541 1407 simul
1576 1382 1725 1420 quoque

203 1439 307 1474 illum
351 1436 531 1474 eiusmodi
568 1449 654 1472 sane
692 1435 781 1472 doni
817 1439 985 1472 autorem
1024 1435 1194 1480 facimus,
1232 1434 1335 1471 cuius
1372 1434 1514 1484 alioqui
1550 1434 1726 1479 accessio,

207 1500 317 1538 nullis
346 1500 496 1537 omnino
526 1512 643 1549 neque
671 1499 892 1543 rationibus,
921 1511 1040 1548 neque
1067 1498 1290 1536 testimoniis
1320 1498 1606 1535 commonstrari
1633 1511 1724 1548 que·

209 1570 264 1610 at;
293 1564 392 1614 quod
418 1563 588 1614 equidem
616 1563 699 1610 (fol.
731 1564 813 1609 56¹³)
842 1562 993 1613 perinde
1020 1563 1133 1599 ferme
1160 1566 1227 1608 est,
1254 1575 1296 1599 30
1324 1563 1355 1600 51
1384 1563 1573 1600 Christum
1592 1561 1725 1599 Domi-

210 1642 299 1666 num
342 1629 381 1665 in
425 1628 500 1665 suis
544 1627 846 1665 institutionibus
887 1627 1013 1664 ludere
1056 1627 1218 1664 voluisse
1253 1626 1431 1670 dicamus,
1467 1626 1568 1677 quod
1601 1631 1726 1664 tamen

208 1696 387 1741 qnantum
422 1705 441 1728 a
477 1691 538 1741 pio
575 1691 705 1741 quovis
734 1691 884 1729 homine
911 1691 1073 1729 alienum
1100 1705 1179 1729 esse
1207 1691 1350 1736 debeat,
1378 1691 1487 1730 facile
1515 1692 1635 1742 quivis
1663 1692 1723 1729 in·

209 1756 376 1804 telligere
401 1759 533 1805 potest.

258 1820 307 1857 Et
338 1824 460 1857 tamen
501 1819 628 1857 multis
654 1819 731 1857 visa
759 1824 814 1857 est
840 1821 1021 1858 hactenus
1058 1820 1230 1858 doctrina
1256 1821 1320 1858 illa
1350 1820 1394 1858 de
1420 1820 1519 1858 dono
1548 1821 1724 1859 substan-

203 1884 275 1920 tiae
302 1883 414 1933 ipsius
443 1884 607 1933 corporis
634 1887 669 1920 et
696 1885 888 1933 sanguinis
918 1884 1059 1922 Christi
1094 1885 1132 1922 in
1159 1898 1231 1922 usu
1259 1885 1580 1922 sacramentorum
1606 1885 1724 1935 pluri-

208 1961 308 1984 mum
335 1948 469 1986 habere
495 1948 669 1998 ponderis
696 1948 743 1985 ad
770 1949 944 1987 tuendam
974 1949 1169 1987 efficaciam
1198 1962 1240 1986 ac
1261 1949 1480 1999 dignitatem
1502 1950 1724 1987 Sam-amen·-

206 2017 349 2059 tornm;
386 2013 549 2064 adeoque
583 2019 619 2052 et
656 2020 890 2065 contemptus
926 2017 1251 2054 Sacramentorum
1279 2017 1443 2054 accusati
1471 2021 1558 2055 sunt
1585 2030 1725 2063 omnes,

209 2076 271 2126 qui
307 2077 444 2114 donum
480 2078 710 2117 substantiae
745 2080 861 2130 ipsius
899 2081 1065 2131 corporis
1092 2087 1127 2118 et
1156 2081 1348 2130 sanguinis
1378 2081 1519 2118 Christi
1545 2082 1724 2119 naturalis

208 2141 245 2177 111
274 2155 340 2178 11511
368 2143 688 2181 Sacramentorum
714 2144 765 2181 ita
794 2158 869 2182 non
897 2146 1032 2183 vellent
1059 2159 1273 2195 agnoscere,
1299 2150 1341 2183 ut
1367 2159 1447 2183 eam
1474 2145 1513 2183 in
1533 2147 1724 2195 signorum

209 2204 396 2242 elementis
423 2206 565 2243 includi
592 2208 741 2245 realiter
768 2222 906 2258 perque
931 2209 996 2246 illa
1023 2210 1197 2247 manibus
1224 2210 1481 2247 ministrorum
1508 2210 1604 2248 tradi
1630 2211 1724 2248 fate-

213 2272 351 2313 rentur,
387 2281 468 2305 cum
496 2282 553 2306 res
580 2270 660 2320 ipsa
686 2270 836 2321 alioqui,
872 2273 982 2322 paulo
1010 2273 1121 2310 modo
1150 2273 1365 2323 diligentius
1391 2273 1570 2324 inspecta,
1598 2274 1723 2311 claris·

213 2331 302 2367 sime
327 2336 491 2378 testetur,
519 2334 586 2370 hac
611 2335 679 2371 tali
706 2335 873 2374 doctrina
900 2338 1018 2386 inagis
1045 2339 1162 2375 multo
1189 2338 1324 2376 elevari
1351 2351 1474 2375 veram
1505 2338 1723 2387 dignitatem

213 2398 320 2443 atque
346 2397 538 2433 efficaciam
568 2399 903 2443 Sacramentorum,
931 2415 1041 2451 quam
1071 2402 1333 2447 commendari,
1359 2402 1524 2452 adeoque
1554 2406 1590 2439 et
1605 2402 1724 2441 lucem

212 2458 327 2507 ipsam
362 2466 486 2508 partae
520 2462 628 2499 nobis
663 2464 791 2500 salutis
827 2470 976 2501 nostrae
1009 2466 1046 2502 in
1078 2466 1225 2503 Christo
1252 2479 1327 2504 non
1355 2465 1484 2503 leviter
1511 2465 1723 2513 obscurari3

213 2535 320 2571 quam
348 2523 486 2572 alioqui
513 2525 563 2562 ita
591 2526 828 2565 obscuratam
854 2542 932 2566 esse
960 2529 1126 2568 videmus
1154 2544 1218 2581 per
1244 2530 1464 2581 papistieam
1491 2531 1592 2568 illam
1619 2535 1724 2568 tran-

213 2586 571 2633 substantiationem,
596 2594 637 2627 ut
665 2591 770 2629 offusi
798 2592 918 2630 adhuc
946 2607 1009 2644 per
1035 2595 1138 2631 illam
1166 2595 1260 2632 fumi
1278 2594 1385 2631 multi
1404 2607 1480 2632 non
1499 2594 1608 2632 facile
1626 2595 1723 2646 apud

209 2649 346 2686 multos
382 2650 503 2686 adhuc
536 2652 616 2701 pios
653 2654 792 2705 alioqui
820 2656 903 2704 (fol.
935 2659 1018 2704 57³)
1056 2663 1092 2695 et
1119 2658 1249 2696 doctos
1278 2658 1446 2695 homines
1475 2658 1609 2696 discuti
1634 2672 1722 2709 pos·

208 2713 293 2751 sint.
332 2714 422 2763 Spes
448 2718 502 2750 est
529 2720 649 2753 tamen
677 2718 768 2761 fore,
794 2723 835 2757 ut
869 2720 971 2758 brevi
999 2721 1247 2760 discutiantur
1272 2735 1337 2773 per
1363 2722 1523 2771 gratiam
1549 2721 1631 2769 Dei,
1658 2722 1722 2773 qui

209 2789 355 2814 causam
382 2777 577 2826 Euangelii
604 2780 660 2816 sui
687 2794 761 2819 non
791 2783 944 2826 deseret.
972 2785 1035 2823 sed
1063 2786 1110 2823 ad
1137 2787 1295 2836 gloriam
1322 2787 1392 2824 filii
1418 2787 1475 2825 sui
1500 2786 1621 2826 indies
1643 2800 1723 2826 1113-

203 2840 261 2888 gis
289 2854 331 2878 ac
356 2841 475 2890 magis
503 2841 716 2882 illustrabit.
