1818 3178
213 120 283 156 518
862 119 920 157 Εὐ.
949 130 1092 158 Doc'rR.

213 230 309 268 iecta
345 229 573 275 conditione,
604 229 822 281 priusquam
859 230 918 268 vel
954 230 1108 269 verbum
1146 231 1191 270 de
1227 233 1292 272 illa
1327 233 1489 279 fecisset,
1523 235 1739 285 spopondit,

213 294 331 332 multo
360 294 484 331 minus
511 298 636 332 autem
662 307 804 342 eorum,
830 294 967 345 quibus
995 299 1050 334 tot
1079 296 1197 345 signis
1225 298 1334 337 editis
1361 299 1558 337 manifeste
1580 303 1738 338 testatus

213 362 280 403 est,
310 371 348 396 se
374 358 488 396 fuisse
514 358 729 409 propitium,
756 359 901 397 etiamsi
927 362 1035 398 tanto
1063 364 1228 411 tempore
1249 362 1570 400 circumcisionem
1591 366 1737 413 praeter

216 423 285 460 Dei
317 422 592 460 institutionem
621 423 889 472 neglexissent.
943 423 992 461 Et
1019 427 1061 462 ut
1090 424 1273 464 donemus
1302 426 1428 464 divina
1458 426 1737 477 dispensatione

212 487 353 524 factum
391 499 482 532 esse,
516 490 558 525 ut
595 486 826 525 circumcisio
863 488 1048 539 tantisper
1084 488 1172 526 dum
1200 489 1240 526 in
1267 489 1412 528 deserto
1439 490 1571 529 Iudaei
1598 492 1736 529 versati

212 556 301 590 sunt
336 552 655 599 intermitteretur,
694 556 792 590 certe
828 553 893 590 illa
920 554 1001 604 ipsa
1031 553 1258 605 dispensatio
1288 555 1511 595 documento
1538 557 1648 595 nobis
1674 558 1735 595 in-

212 617 320 654 terim
357 617 440 661 erit,
475 617 606 655 foedus
642 617 682 655 in
710 617 885 655 Abrahae
914 618 1053 656 semine
1082 623 1157 656 non
1188 623 1360 657 constare
1388 621 1672 659 circumcisione
1700 625 1736 659 et

213 694 290 720 non
326 681 459 719 foedus
496 695 541 720 ex
579 681 863 720 circumcisione
900 682 964 720 sed
1001 695 1044 720 ex
1082 683 1231 721 foedere
1256 683 1383 734 potius
1412 684 1735 723 circumcisionem

212 736 670 798 pendere'aestimarique
707 751 890 797 oportere.
945 747 1060 785 Quod
1099 747 1131 784 si
1158 747 1256 798 apud
1285 761 1355 786 nos
1381 748 1481 785 idem
1508 753 1564 785 est
1593 749 1734 800 baptis-

211 825 306 856 mus,
331 812 434 862 quod
461 811 558 862 apud
589 815 730 849 veteres
760 811 995 849 circumcisio
1023 816 1116 856 erat,
1142 825 1219 849 non
1246 825 1291 849 ex
1310 812 1496 863 baptismo
1518 826 1605 850 sane
1623 813 1734 851 iusti-

210 877 302 915 tiam
339 880 505 914 nostram
542 889 607 914 seu
634 876 778 926 peccati
804 877 890 924 (26)
917 875 1173 914 remissionem
1200 876 1494 923 aestimabimus,
1521 877 1584 914 sed
1611 876 1735 927 potius

211 941 437 992 baptismum
465 940 587 991 ipsum
614 953 660 978 ex
688 939 809 978 delata
838 943 924 977 ante
952 953 1016 991 per
1045 940 1332 991 promissionem
1359 940 1399 977 in
1420 940 1570 978 Christo
1591 940 1736 978 iustitia

209 1009 245 1043 et
281 1004 598 1051 reconciliatione,
635 1003 907 1055 fatebimurque
933 1003 1094 1054 priorem
1122 1017 1202 1042 esse
1235 1004 1422 1055 baptismo
1458 1004 1735 1042 reconciliatio-

210 1083 308 1115 nem,
343 1068 656 1120 quemadmodum
696 1069 785 1107 olim
823 1070 863 1107 in
891 1068 1068 1107 Abrahae
1095 1069 1240 1106 familia
1266 1069 1410 1107 iustitia
1438 1082 1501 1107 seu
1527 1069 1734 1120 acceptatio

209 1133 312 1184 prior
332 1137 409 1170 erat
430 1133 727 1180 circumcisione,
743 1154 795 1162 --
816 1132 878 1171 sed
898 1146 977 1171 eam
996 1133 1341 1171 reconciliationem
1360 1133 1399 1171 in
1420 1133 1586 1172 Ecclesia
1606 1139 1734 1172 nostra

211 1198 396 1249 baptismo
425 1197 631 1247 obsignari,
658 1211 705 1235 ne
731 1198 821 1248 quid
849 1198 1003 1235 omnino
1032 1198 1076 1236 de
1094 1198 1159 1236 illa
1179 1198 1405 1243 dubitemus,
1422 1199 1734 1249 quemadmodum

209 1263 299 1301 olim
325 1263 366 1301 in
385 1262 562 1300 Abrahae
579 1262 799 1314 posteritate
817 1262 1088 1312 obsignabatur
1108 1263 1402 1303 circumcisione.
1430 1263 1733 1302 Reconciliamur

208 1340 296 1376 ergo
335 1326 414 1365 Deo
443 1340 520 1364 non
547 1326 733 1377 baptismo
762 1326 828 1365 sed
856 1327 1111 1364 misericordia
1138 1327 1209 1365 Dei
1235 1327 1273 1364 in
1304 1327 1454 1365 Christo
1482 1341 1546 1378 per
1571 1328 1733 1379 promis-

209 1392 366 1436 sionem,
390 1404 456 1442 per
483 1404 595 1442 quam
623 1395 657 1429 et
683 1395 877 1442 peccatum
906 1391 1065 1441 originis
1092 1392 1295 1430 remittitur
1322 1391 1539 1443 priusquam
1567 1393 1733 1443 baptize-

206 1468 302 1499 mur,
328 1459 474 1493 tantum
501 1455 607 1492 abest
634 1459 675 1493 ut
702 1455 741 1492 in
768 1455 954 1506 baptismo
981 1455 1141 1506 primum
1167 1455 1390 1495 remittatur.
1420 1456 1591 1495 Detrahit
1609 1462 1733 1496 autem

207 1525 243 1558 et
280 1519 431 1557 Christo
469 1519 641 1557 doctrina
678 1519 768 1557 haec
804 1533 907 1557 suam
944 1520 1117 1569 gloriam,
1153 1520 1239 1557 dum
1278 1520 1382 1558 illam
1419 1520 1464 1558 ad
1504 1525 1669 1572 tempora
1697 1527 1734 1560 et

207 1598 387 1636 personas
424 1583 632 1633 restringit,
659 1588 695 1622 et
722 1583 824 1635 quod
851 1584 1004 1633 gravius
1032 1587 1087 1622 est
1115 1584 1155 1621 in
1183 1585 1363 1622 elementa
1391 1586 1593 1623 transferre
1620 1586 1733 1624 etiarn

206 1649 364 1687 videtur.
395 1648 535 1686 Christi
560 1648 682 1698 gloria
709 1652 778 1694 est,
803 1648 911 1686 illum
938 1648 1009 1686 Dei
1035 1652 1072 1686 et
1100 1638 1294 1700 hominum
1321 1649 1474 1700 unicum
1490 1649 1732 1688 mediatorem

206 1726 301 1763 esse,
331 1712 444 1763 idque
480 1725 556 1750 non
593 1712 665 1749 hoc
701 1716 766 1750 aut
792 1712 858 1749 illo
886 1718 1051 1765 tempore
1079 1712 1143 1750 sed
1171 1717 1206 1751 et
1235 1712 1315 1750 heri
1341 1716 1378 1751 et
1408 1713 1517 1751 hodie
1544 1718 1580 1752 et
1605 1713 1646 1752 in
1673 1728 1731 1753 se·

207 1778 301 1823 cula,
338 1791 457 1829 neque
492 1777 582 1815 item
617 1777 657 1814 in
695 1777 768 1814 hoo
803 1781 868 1815 aut
902 1777 968 1815 illo
998 1777 1193 1815 hominum
1220 1791 1368 1826 genere,
1397 1778 1529 1816 sedin
1556 1779 1731 1818 omnibus

205 1841 374 1879 omnium
409 1841 577 1891 gentium
614 1840 845 1886 hominibus,
880 1841 945 1892 qui
982 1841 1096 1879 modo
1134 1854 1171 1879 se
1208 1841 1264 1879 illi
1293 1854 1337 1879 ex
1366 1841 1522 1880 adverso
1549 1855 1627 1895 non
1655 1847 1731 1881 sta-

205 1911 350 1945 tuerent
376 1920 441 1958 per
470 1910 738 1957 contemptum.
782 1906 861 1945 Qui
887 1919 963 1944 non
991 1911 1048 1945 est
1076 1910 1304 1960 contranme‚
1331 1906 1465 1958 inquit,
1491 1920 1634 1946 mecum
1663 1912 1731 1948 est.

205 1972 345 2008 Contra
382 1971 575 2009 Christum
612 1983 699 2008 vero
735 1983 814 2009 esse
852 1984 960 2008 nemo
997 1974 1119 2021 potest
1157 1971 1231 2008 nisi
1268 1971 1332 2022 qui
1368 1971 1475 2009 illum
1513 1972 1733 2018 contemnit,

206 2033 348 2087 alioqui
383 2036 584 2074 infirmitas
612 2036 781 2073 omnium
815 2038 998 2074 nostrum¹
1015 2035 1055 2074 in
1081 2035 1207 2087 ipsum
1235 2036 1417 2074 translata
1445 2049 1582 2089 perque
1607 2037 1732 2088 ipsum

204 2101 363 2153 expiata,
389 2101 447 2139 illi
475 2114 661 2153 opponere
689 2115 768 2140 sese
795 2114 871 2140 non
898 2105 1036 2153 potest,
1062 2106 1104 2140 ut
1131 2115 1196 2153 per
1222 2101 1322 2140 illam
1344 2115 1366 2139 a
1386 2101 1535 2140 Christo
1555 2103 1731 2141 excluda-

204 2180 299 2212 mur,
325 2165 638 2218 quemadmodum
665 2166 706 2204 in
733 2167 1026 2217 promissionum
1054 2165 1226 2204 doctrina
1246 2166 1542 2204 demonstratum
1558 2170 1627 2205 est.
1656 2166 1731 2205 De-

202 2231 319 2269 trahit
344 2231 461 2280 igitur
489 2230 639 2268 Christo
668 2244 772 2268 suam
800 2230 960 2279 gloriam
987 2230 1157 2281 quisquis
1184 2230 1286 2268 illius
1315 2231 1534 2269 beneficium
1563 2231 1609 2268 ad
1639 2231 1731 2282 bap-

204 2295 305 2333 tismi
339 2299 485 2346 tempus
513 2294 727 2344 adstringit,
764 2307 847 2332 cum
874 2294 939 2332 ille
966 2295 1092 2332 efficax
1122 2294 1171 2332 sit
1198 2294 1238 2333 in
1264 2295 1482 2332 infirmitate
1509 2296 1638 2333 nostra.
1659 2300 1730 2333 'ex-

203 2359 340 2410 pianda
367 2373 387 2397 a
416 2359 547 2397 mundi
575 2358 721 2408 origine
746 2372 812 2410 per
841 2359 955 2410 patris
983 2359 1041 2396 sui
1069 2354 1240 2397 coelestis
1268 2359 1567 2410 promissionem.
1596 2359 1728 2398 Detra-

204 2424 259 2462 hit
286 2424 374 2462 item
402 2424 573 2475 quisquis
602 2424 792 2462 Christum
818 2423 889 2462 toti
918 2424 1059 2462 mundo
1089 2424 1270 2477 donatum
1298 2424 1343 2462 ad
1373 2431 1514 2463 certum
1535 2425 1729 2462 hominum

203 2502 321 2538 genus
347 2489 399 2526 ita
429 2488 628 2531 contrahit.
656 2501 788 2539 nempe
814 2488 1033 2535 tinctorum,
1059 2493 1101 2527 ut
1127 2489 1175 2526 ab
1203 2489 1286 2526 aliis
1313 2489 1420 2526 illum
1447 2489 1622 2526 omnibus
1650 2488 1731 2527 sine

204 2554 280 2592 ullo
314 2553 544 2591 infirmitatis
580 2557 643 2591 aut
672 2557 908 2605 contemptus
936 2550 1154 2592 diserimine
1182 2552 1369 2593 excludat.
1423 2553 1496 2591 Sed
1522 2553 1640 2591 multo
1669 2553 1728 2591 in-

204 2617 355 2668 dignius
389 2620 555 2655 tractant
592 2617 795 2660 Christum.
830 2617 894 2668 qui
927 2618 1150 2670 translatam
1185 2618 1225 2656 in
1261 2617 1383 2669 ipsum
1430 2629 1577 2654 omnem
1612 2616 1728 2654 totius

202 2679 334 2721 mundi
370 2686 566 2732 ἁμειρτίκν
604 2695 668 2720 seu
707 2682 978 2727 infirmitatem,
1012 2682 1069 2719 illi
1106 2671 1253 2720 rursum
1280 2683 1420 2733 eripere
1456 2685 1565 2732 atque
1592 2681 1632 2718 in
1658 2694 1728 2720 nos

203 2747 323 2785 denuo
351 2745 504 2784 reiicerc
532 2750 727 2794 conantur,
757 2747 876 2785 donec
904 2746 1146 2798 baptizemur.
1192 2740 1345 2785 Scilicet
1372 2740 1580 2797 baptismus
1607 2748 1727 2785 effica-

205 2811 281 2849 cior
308 2814 363 2848 est
392 2809 552 2856 Christo,
580 2814 620 2847 ut
646 2823 710 2861 per
737 2810 844 2848 illum
872 2811 1093 2849 emundetur
1120 2811 1159 2849 in
1187 2811 1309 2856 nobis,
1326 2810 1426 2861 quod
1446 2814 1566 2849 morte
1585 2811 1726 2849 Christi

204 2875 373 2913 nondum
411 2874 458 2912 sit
493 2874 699 2925 eXpiatum!
756 2874 858 2912 Quid
887 2876 999 2913 vero?
1028 2888 1075 2913 an
1102 2874 1186 2913 ideo
1214 2875 1408 2913 institutus
1435 2879 1491 2913 est
1517 2874 1726 2927 baptismus
