1818 3178
291 570 1066 633 RESPONSIO
1147 574 1310 634 AD

430 744 465 786 V
461 744 526 786 He
536 744 818 794 ULENTAM,
855 744 958 785 ΘΑΕ
969 744 1178 786 UMNHS-

67 917 139 958 que
177 918 224 943 ac
259 903 472 944 mendaciis
516 903 827 944 consarcinatam
867 902 1032 943 hominis
1058 903 1218 958 furiosi
1258 904 1538 946 IOACHIMI

102 975 427 1017 WESTPHALI
455 976 673 1028 Epistolam
706 976 925 1030 quandam,
959 990 1037 1029 qua
1068 975 1345 1028 Parqaaonem
1375 977 1505 1016 Eccle-

122 1047 271 1088 siarum
309 1047 612 1099 Pereqrz'uarum
648 1047 907 1101 Francofortz'
947 1047 1160 1088 convellere
1191 1052 1378 1088 conatur.-
1398 1063 1476 1100 per

152 1119 429 1160 IOANNEM
451 1117 477 1159 ὰ
507 1118 700 1167 LASCO,
724 1118 807 1159 eius
828 1117 951 1171 ipsius
970 1118 1230 1170 Paryatz'om's
1250 1124 1445 1168 autorem,

182 1191 239 1231 sic
268 1195 314 1230 ut
342 1190 599 1243 Paraqraplci
628 1189 904 1242 Paraqraplcis
925 1204 944 1230 e
965 1190 1119 1243 reqione
1140 1191 1417 1243 respondeant,

212 1277 286 1318 quo
322 1262 447 1315 mayz's
472 1261 730 1318 faciliusque
772 1262 989 1314 appareat,
1031 1262 1205 1303 utrinam
1235 1277 1392 1303 causam

240 1333 458 1388 aequiorem
497 1333 666 1374 babeant
694 1332 738 1373 iu
767 1333 842 1373 ltac
872 1333 1132 1375 controversia
1142 1365 1154 1384 ,
1188 1334 1235 1375 de
1265 1333 1356 1375 AU-

534 1404 569 1446 G·
579 1404 784 1446 USTANA
820 1404 1079 1461 Cooffessione.

90 1769 209 1808 ETSI
244 1770 385 1808 invitus
420 1770 532 1817 facio,
567 1770 688 1808 facere
722 1774 847 1808 tamen
883 1783 1010 1819 cogor,
1045 1774 1086 1808 ut
1121 1769 1169 1808 ad
1204 1769 1396 1807 effrenatas
1433 1768 1564 1808 furiosi

40 1834 203 1873 hominis
241 1834 552 1874 debacchationes
580 1835 837 1886 respondeam.
891 1835 1011 1873 Video
1040 1835 1139 1873 enim
1166 1835 1246 1872 fieri
1274 1847 1351 1872 non
1377 1847 1496 1885 posse,
1524 1839 1564 1871 ut

39 1900 114 1938 inis
159 1901 238 1939 sine
272 1901 382 1938 dente
426 1913 554 1938 rursus
590 1900 846 1951 respondeam,
883 1900 981 1938 haud
1016 1900 1124 1938 aliter
1159 1913 1270 1950 quam
1304 1899 1426 1937 rabidi
1465 1899 1567 1936 canis

41 1977 187 2002 morsus
215 1965 294 2003 sine
320 1964 441 2016 plagis
468 1964 569 2013 abigi
596 1965 799 2015 repellique
826 1978 901 2003 non
928 1968 1098 2016 possunt.
1153 1965 1285 2015 Itaque
1312 1963 1422 2001 velim
1449 1963 1565 2001 nolim

40 2029 163 2066 rabidi
196 2028 299 2067 canis
333 2029 442 2067 istius
478 2042 623 2066 morsus
660 2029 864 2080 quamlibet
897 2030 1038 2067 invitus
1066 2029 1241 2080 repellere
1268 2041 1394 2077 cogor,
1419 2032 1566 2078 postea—

42 2106 153 2144 quam
186 2106 245 2130 me
281 2092 377 2130 nihil
408 2092 531 2130 minus
567 2097 824 2144 expectantem
858 2093 910 2131 ita
938 2093 1122 2130 malitiose
1146 2092 1315 2143 impetiit.
1368 2092 1450 2141 Ego
1479 2105 1567 2129 sane

41 2156 82 2194 in
127 2156 324 2195 scribenda
368 2157 655 2206 Peregrinarum
689 2157 929 2195 Francoforti
965 2157 1218 2195 Ecelesiarum
1254 2157 1479 2206 Purgatione
1521 2156 1566 2194 de

43 2221 261 2273 Westphalo
298 2221 392 2260 nihil
429 2222 653 2271 cogitabam,
690 2222 754 2259 sed
789 2222 941 2259 illorum
968 2222 1165 2260 calumniis
1191 2221 1475 2272 respondebam,
1503 2221 1567 2272 qui

41 2288 189 2339 rejectis
225 2288 400 2326 omnibus
438 2288 635 2338 colloquiis
661 2288 847 2326 Ecclesias
875 2289 969 2335 illas,
995 2289 1032 2326 in
1061 2288 1197 2339 quibus
1224 2292 1301 2325 tum
1329 2291 1364 2325 et
1391 2300 1459 2336 ego
1489 2299 1568 2325 ver-

43 2354 165 2401 sabar,
201 2358 236 2391 et
271 2355 310 2391 in
346 2353 494 2404 templis
528 2357 565 2390 et
600 2353 640 2390 in
677 2354 759 2391 foro
795 2355 898 2391 etin
926 2354 1108 2392 conviviis
1134 2352 1369 2403 iniquissime
1396 2351 1567 2390 traduce-

45 2419 150 2458 bant.
204 2418 253 2457 Et
290 2418 362 2456 feci
398 2419 482 2466 (fol.
507 2419 563 2465 ,-4)
597 2417 636 2454 id
672 2418 821 2469 quidem
852 2418 1009 2464 volente,
1036 2431 1082 2455 ne
1110 2417 1229 2455 dicam
1257 2417 1482 2468 postulante,
1506 2416 1565 2454 in-

45 2484 153 2522 clitae
181 2484 284 2521 urbis
310 2483 410 2520 illius
440 2482 678 2531 Magistrum,
707 2487 747 2520 ut
774 2487 922 2520 nostrae
950 2481 1198 2525 innocentiae.
1225 2494 1298 2531 qua
1325 2489 1429 2532 parte
1455 2493 1566 2518 accu-

44 2550 230 2595 sabamur,
265 2548 456 2599 publicum
490 2547 745 2585 testimouium
782 2550 934 2585 extaret.
989 2546 1065 2583 Hic
1101 2559 1186 2584 vero
1213 2546 1269 2583 illi
1296 2546 1444 2597 quidem
1473 2545 1569 2584 nihil

43 2613 329 2665 responderunt.
364 2626 457 2664 quos
495 2616 624 2650 nostra
659 2612 807 2662 petebat
834 2611 1022 2660 Purgatio.
1079 2611 1151 2648 Sed
1180 2610 1418 2661 Westphalus
1449 2609 1568 2647 rabidi

47 2680 149 2716 canis
183 2679 302 2717 instar
338 2677 377 2715 in
415 2689 483 2714 nos
519 2676 692 2727 prosiliit,
728 2688 812 2713 eum
846 2676 977 2726 procul
1009 2675 1056 2713 ab
1092 2675 1173 2726 ipso
1205 2675 1284 2725 jam
1310 2687 1485 2720 essemus,
1512 2674 1569 2710 vel

47 2744 133 2795 quia
167 2744 264 2782 male
298 2743 371 2781 sibi
411 2741 582 2780 conscius
616 2742 657 2779 in
691 2755 741 2784 se.
768 2744 809 2778 ut
842 2741 898 2787 fit,
933 2740 1008 2778 dici
1040 2740 1185 2791 putavit
1220 2739 1359 2785 omnia,
1387 2740 1442 2777 vel
1469 2738 1567 2789 quod

46 2822 84 2847 se
110 2809 266 2847 alterum
293 2807 418 2847 nescio
447 2820 556 2859 quem
584 2807 737 2857 Ajacem
763 2819 844 2845 esse
868 2809 989 2857 putat,
1014 2806 1079 2858 qui
1106 2809 1211 2844 scuto
1232 2819 1299 2844 suo
1319 2804 1568 2855 Syncretistas

46 2886 133 2912 suos
171 2877 294 2923 tegere
329 2887 348 2911 a
383 2873 467 2911 telis
504 2872 669 2912 omnium
696 2872 828 2922 possit.
881 2870 973 2909 Eius
1000 2882 1146 2909 morsus
1173 2869 1289 2919 igitur
1317 2869 1426 2907 nobis
1452 2868 1570 2918 repel-

95 2938 130 2978 1.
1373 2935 1417 2973 18
