<?xml version="1.0" encoding="UTF-8"?>
<!DOCTYPE html PUBLIC "-//W3C//DTD XHTML 1.0 Transitional//EN"
    "http://www.w3.org/TR/xhtml1/DTD/xhtml1-transitional.dtd">
<html xmlns="http://www.w3.org/1999/xhtml" xml:lang="en" lang="en">
 <head>
  <title>
</title>
<meta http-equiv="Content-Type" content="text/html;charset=utf-8" />
  <meta name='ocr-system' content='tesseract 3.04.00' />
  <meta name='ocr-capabilities' content='ocr_page ocr_carea ocr_par ocr_line ocrx_word'/>
</head>
<body>
  <div class='ocr_page' id='page_1' title='image "./operatameditaqua01lask_0149.png"; bbox 0 0 1818 3178; ppageno 0'>
   <div class='ocr_carea' id='block_1_1' title="bbox 534 173 1581 210">
    <p class='ocr_par' dir='ltr' id='par_1_1' title="bbox 534 173 1581 210">
     <span class='ocr_line' id='line_1_1' title="bbox 534 173 1581 210; baseline 0.009 -7"><span class='ocrx_word' id='word_1_1' title='bbox 534 178 585 204; x_wconf 81' lang='lat' dir='ltr'><strong>DE</strong></span> <span class='ocrx_word' id='word_1_2' title='bbox 613 178 779 206; x_wconf 72' lang='lat' dir='ltr'><strong>onmsm</strong></span> <span class='ocrx_word' id='word_1_3' title='bbox 807 179 1124 209; x_wconf 73' lang='lat' dir='ltr'>INCARNATIONE.</span> <span class='ocrx_word' id='word_1_4' title='bbox 1537 173 1581 210; x_wconf 83' lang='lat'><strong>17</strong></span> 
     </span>
    </p>
   </div>
   <div class='ocr_carea' id='block_1_2' title="bbox 41 276 1575 2954">
    <p class='ocr_par' dir='ltr' id='par_1_2' title="bbox 41 276 1575 2954">
     <span class='ocr_line' id='line_1_2' title="bbox 72 276 1575 332; baseline 0.004 -20"><span class='ocrx_word' id='word_1_5' title='bbox 72 288 156 312; x_wconf 85' lang='lat' dir='ltr'><strong>caro</strong></span> <span class='ocrx_word' id='word_1_6' title='bbox 184 276 285 313; x_wconf 89' lang='lat' dir='ltr'><strong>nulla</strong></span> <span class='ocrx_word' id='word_1_7' title='bbox 311 280 365 314; x_wconf 87' lang='lat' dir='ltr'><strong>est</strong></span> <span class='ocrx_word' id='word_1_8' title='bbox 392 280 534 327; x_wconf 85' lang='lat' dir='ltr'><strong>praeter</strong></span> <span class='ocrx_word' id='word_1_9' title='bbox 561 284 738 322; x_wconf 87' lang='lat' dir='ltr'><strong>nostram,</strong></span> <span class='ocrx_word' id='word_1_10' title='bbox 764 295 857 331; x_wconf 89' lang='lat' dir='ltr'><strong>quae</strong></span> <span class='ocrx_word' id='word_1_11' title='bbox 884 283 1031 332; x_wconf 86' lang='lat' dir='ltr'><strong>quidem</strong></span> <span class='ocrx_word' id='word_1_12' title='bbox 1059 283 1140 329; x_wconf 90' lang='lat' dir='ltr'><strong>(sed</strong></span> <span class='ocrx_word' id='word_1_13' title='bbox 1169 284 1235 318; x_wconf 72' lang='lat' dir='ltr'><strong>snb</strong></span> <span class='ocrx_word' id='word_1_14' title='bbox 1263 295 1325 331; x_wconf 84' lang='lat' dir='ltr'><strong>spe</strong></span> <span class='ocrx_word' id='word_1_15' title='bbox 1349 281 1490 329; x_wconf 77' lang='lat' dir='ltr'><strong>gloriae</strong></span> <span class='ocrx_word' id='word_1_16' title='bbox 1517 282 1575 318; x_wconf 91' lang='lat' dir='ltr'><strong>in-</strong></span> 
     </span>
     <span class='ocr_line' id='line_1_3' title="bbox 69 338 1575 393; baseline 0.004 -19"><span class='ocrx_word' id='word_1_17' title='bbox 69 338 195 385; x_wconf 82' lang='lat' dir='ltr'><strong>terim)</strong></span> <span class='ocrx_word' id='word_1_18' title='bbox 231 344 265 376; x_wconf 87' lang='lat' dir='ltr'><strong>et</strong></span> <span class='ocrx_word' id='word_1_19' title='bbox 299 340 409 376; x_wconf 90' lang='lat' dir='ltr'><strong>morti</strong></span> <span class='ocrx_word' id='word_1_20' title='bbox 437 341 484 376; x_wconf 89' lang='lat' dir='ltr'><strong>sit</strong></span> <span class='ocrx_word' id='word_1_21' title='bbox 511 341 674 379; x_wconf 84' lang='lat' dir='ltr'><strong>obnoxia</strong></span> <span class='ocrx_word' id='word_1_22' title='bbox 702 349 737 380; x_wconf 87' lang='lat' dir='ltr'><strong>et</strong></span> <span class='ocrx_word' id='word_1_23' title='bbox 764 353 926 393; x_wconf 75' lang='lat' dir='ltr'><strong>peccam.</strong></span> <span class='ocrx_word' id='word_1_24' title='bbox 982 346 1136 381; x_wconf 79' lang='lat' dir='ltr'>Constat</span> <span class='ocrx_word' id='word_1_25' title='bbox 1162 345 1277 392; x_wconf 61' lang='lat' dir='ltr'><strong>iggitur</strong></span> <span class='ocrx_word' id='word_1_26' title='bbox 1303 356 1346 381; x_wconf 84' lang='lat' dir='ltr'><strong>ex</strong></span> <span class='ocrx_word' id='word_1_27' title='bbox 1374 343 1442 380; x_wconf 85' lang='lat' dir='ltr'><strong>hac</strong></span> <span class='ocrx_word' id='word_1_28' title='bbox 1470 344 1575 380; x_wconf 89' lang='lat' dir='ltr'><strong>Pauli</strong></span> 
     </span>
     <span class='ocr_line' id='line_1_4' title="bbox 69 403 1574 457; baseline 0.003 -18"><span class='ocrx_word' id='word_1_29' title='bbox 69 403 399 452; x_wconf 79' lang='lat' dir='ltr'>argumentatione,</span> <span class='ocrx_word' id='word_1_30' title='bbox 427 404 563 442; x_wconf 86' lang='lat' dir='ltr'><strong>Filium</strong></span> <span class='ocrx_word' id='word_1_31' title='bbox 592 405 673 447; x_wconf 82' lang='lat' dir='ltr'><strong>Dei,</strong></span> <span class='ocrx_word' id='word_1_32' title='bbox 700 413 847 444; x_wconf 83' lang='lat' dir='ltr'><strong>nostrae</strong></span> <span class='ocrx_word' id='word_1_33' title='bbox 873 414 909 444; x_wconf 89' lang='lat' dir='ltr'><strong>et</strong></span> <span class='ocrx_word' id='word_1_34' title='bbox 936 421 1011 445; x_wconf 89' lang='lat' dir='ltr'><strong>non</strong></span> <span class='ocrx_word' id='word_1_35' title='bbox 1038 408 1187 445; x_wconf 86' lang='lat' dir='ltr'><strong>alterius</strong></span> <span class='ocrx_word' id='word_1_36' title='bbox 1214 408 1325 445; x_wconf 89' lang='lat' dir='ltr'><strong>ullius</strong></span> <span class='ocrx_word' id='word_1_37' title='bbox 1353 407 1472 444; x_wconf 85' lang='lat' dir='ltr'><strong>carnis</strong></span> <span class='ocrx_word' id='word_1_38' title='bbox 1488 420 1574 457; x_wconf 88' lang='lat' dir='ltr'><strong>par-</strong></span> 
     </span>
     <span class='ocr_line' id='line_1_5' title="bbox 66 466 1572 518; baseline 0.004 -16"><span class='ocrx_word' id='word_1_39' title='bbox 66 466 214 516; x_wconf 88' lang='lat' dir='ltr'><strong>ticipem</strong></span> <span class='ocrx_word' id='word_1_40' title='bbox 250 466 389 503; x_wconf 87' lang='lat' dir='ltr'><strong>factum</strong></span> <span class='ocrx_word' id='word_1_41' title='bbox 424 480 515 512; x_wconf 88' lang='lat' dir='ltr'><strong>esse,</strong></span> <span class='ocrx_word' id='word_1_42' title='bbox 541 473 649 518; x_wconf 87' lang='lat' dir='ltr'><strong>atque</strong></span> <span class='ocrx_word' id='word_1_43' title='bbox 676 469 745 506; x_wconf 85' lang='lat' dir='ltr'><strong>hac</strong></span> <span class='ocrx_word' id='word_1_44' title='bbox 772 471 915 507; x_wconf 84' lang='lat' dir='ltr'><strong>ratione</strong></span> <span class='ocrx_word' id='word_1_45' title='bbox 942 472 1099 507; x_wconf 81' lang='lat' dir='ltr'><strong>formam</strong></span> <span class='ocrx_word' id='word_1_46' title='bbox 1127 475 1275 508; x_wconf 89' lang='lat' dir='ltr'><strong>nostrae</strong></span> <span class='ocrx_word' id='word_1_47' title='bbox 1301 472 1486 508; x_wconf 88' lang='lat' dir='ltr'><strong>servitutis</strong></span> <span class='ocrx_word' id='word_1_48' title='bbox 1513 484 1572 508; x_wconf 86' lang='lat' dir='ltr'><strong>as-</strong></span> 
     </span>
     <span class='ocr_line' id='line_1_6' title="bbox 67 530 1572 585; baseline 0.004 -18"><span class='ocrx_word' id='word_1_49' title='bbox 67 530 277 580; x_wconf 83' lang='lat' dir='ltr'><strong>sumpsisse.</strong></span> <span class='ocrx_word' id='word_1_50' title='bbox 304 531 386 567; x_wconf 89' lang='lat' dir='ltr'><strong>Iam</strong></span> <span class='ocrx_word' id='word_1_51' title='bbox 414 535 451 568; x_wconf 89' lang='lat' dir='ltr'><strong>et</strong></span> <span class='ocrx_word' id='word_1_52' title='bbox 477 532 597 569; x_wconf 89' lang='lat' dir='ltr'><strong>verbis</strong></span> <span class='ocrx_word' id='word_1_53' title='bbox 625 534 713 582; x_wconf 88' lang='lat' dir='ltr'><strong>ipsis</strong></span> <span class='ocrx_word' id='word_1_54' title='bbox 743 534 906 571; x_wconf 82' lang='lat' dir='ltr'><strong>Paulinis</strong></span> <span class='ocrx_word' id='word_1_55' title='bbox 934 535 1026 570; x_wconf 89' lang='lat' dir='ltr'><strong>nihil</strong></span> <span class='ocrx_word' id='word_1_56' title='bbox 1056 535 1187 572; x_wconf 87' lang='lat' dir='ltr'><strong>clarius</strong></span> <span class='ocrx_word' id='word_1_57' title='bbox 1206 548 1283 572; x_wconf 90' lang='lat' dir='ltr'><strong>esse</strong></span> <span class='ocrx_word' id='word_1_58' title='bbox 1301 536 1417 585; x_wconf 85' lang='lat' dir='ltr'><strong>po-(C</strong></span> <span class='ocrx_word' id='word_1_59' title='bbox 1437 535 1572 581; x_wconf 83' lang='lat' dir='ltr'><strong>ib)test.</strong></span> 
     </span>
     <span class='ocr_line' id='line_1_7' title="bbox 68 594 1572 646; baseline 0.003 -14"><span class='ocrx_word' id='word_1_60' title='bbox 68 594 131 632; x_wconf 92' lang='lat' dir='ltr'><strong>Ait</strong></span> <span class='ocrx_word' id='word_1_61' title='bbox 158 594 293 631; x_wconf 85' lang='lat' dir='ltr'><strong>Filium</strong></span> <span class='ocrx_word' id='word_1_62' title='bbox 322 594 391 631; x_wconf 93' lang='lat' dir='ltr'><strong>Dei</strong></span> <span class='ocrx_word' id='word_1_63' title='bbox 418 596 633 646; x_wconf 80' lang='lat' dir='ltr'>participem</span> <span class='ocrx_word' id='word_1_64' title='bbox 660 599 797 634; x_wconf 81' lang='lat' dir='ltr'><strong>factum</strong></span> <span class='ocrx_word' id='word_1_65' title='bbox 824 610 902 634; x_wconf 88' lang='lat' dir='ltr'><strong>esse</strong></span> <span class='ocrx_word' id='word_1_66' title='bbox 929 598 1050 634; x_wconf 88' lang='lat' dir='ltr'><strong>carnis</strong></span> <span class='ocrx_word' id='word_1_67' title='bbox 1079 601 1115 635; x_wconf 91' lang='lat' dir='ltr'><strong>et</strong></span> <span class='ocrx_word' id='word_1_68' title='bbox 1141 599 1353 646; x_wconf 75' lang='lat' dir='ltr'><strong>sanguinis3</strong></span> <span class='ocrx_word' id='word_1_69' title='bbox 1381 619 1426 630; x_wconf 61' lang='lat'><strong>22-</strong></span> <span class='ocrx_word' id='word_1_70' title='bbox 1447 606 1572 636; x_wconf 77' lang='lat' dir='ltr'>extare</span> 
     </span>
     <span class='ocr_line' id='line_1_8' title="bbox 64 658 1569 710; baseline 0.003 -15"><span class='ocrx_word' id='word_1_71' title='bbox 64 658 179 707; x_wconf 81' lang='lat' dir='ltr'><strong>igitur</strong></span> <span class='ocrx_word' id='word_1_72' title='bbox 203 658 304 708; x_wconf 89' lang='lat' dir='ltr'><strong>prius</strong></span> <span class='ocrx_word' id='word_1_73' title='bbox 332 659 494 709; x_wconf 88' lang='lat' dir='ltr'><strong>oportuit</strong></span> <span class='ocrx_word' id='word_1_74' title='bbox 521 673 599 697; x_wconf 90' lang='lat' dir='ltr'><strong>eam</strong></span> <span class='ocrx_word' id='word_1_75' title='bbox 629 673 787 705; x_wconf 87' lang='lat' dir='ltr'><strong>carnem,</strong></span> <span class='ocrx_word' id='word_1_76' title='bbox 815 661 915 697; x_wconf 88' lang='lat' dir='ltr'><strong>cuius</strong></span> <span class='ocrx_word' id='word_1_77' title='bbox 943 661 1125 710; x_wconf 82' lang='lat' dir='ltr'><strong>particeps</strong></span> <span class='ocrx_word' id='word_1_78' title='bbox 1153 675 1230 699; x_wconf 88' lang='lat' dir='ltr'><strong>esse</strong></span> <span class='ocrx_word' id='word_1_79' title='bbox 1258 662 1427 701; x_wconf 78' lang='lat' dir='ltr'><strong>debebat.</strong></span> <span class='ocrx_word' id='word_1_80' title='bbox 1483 663 1569 700; x_wconf 74' lang='lat' dir='ltr'><strong>Quo</strong></span> 
     </span>
     <span class='ocr_line' id='line_1_9' title="bbox 63 723 1570 777; baseline 0.003 -18"><span class='ocrx_word' id='word_1_81' title='bbox 63 727 170 773; x_wconf 91' lang='lat' dir='ltr'><strong>pacto</strong></span> <span class='ocrx_word' id='word_1_82' title='bbox 197 723 294 760; x_wconf 87' lang='lat' dir='ltr'><strong>enim</strong></span> <span class='ocrx_word' id='word_1_83' title='bbox 322 724 624 774; x_wconf 80' lang='lat' dir='ltr'><strong>participaremus</strong></span> <span class='ocrx_word' id='word_1_84' title='bbox 651 726 709 769; x_wconf 89' lang='lat' dir='ltr'><strong>iis,</strong></span> <span class='ocrx_word' id='word_1_85' title='bbox 736 737 828 775; x_wconf 88' lang='lat' dir='ltr'><strong>quae</strong></span> <span class='ocrx_word' id='word_1_86' title='bbox 854 738 1035 774; x_wconf 83' lang='lat' dir='ltr'><strong>nusquam</strong></span> <span class='ocrx_word' id='word_1_87' title='bbox 1062 727 1257 763; x_wconf 75' lang='lat' dir='ltr'><strong>extarent?</strong></span> <span class='ocrx_word' id='word_1_88' title='bbox 1284 726 1428 764; x_wconf 90' lang='lat' dir='ltr'><strong>Deinde</strong></span> <span class='ocrx_word' id='word_1_89' title='bbox 1454 728 1570 777; x_wconf 87' lang='lat' dir='ltr'><strong>parti-</strong></span> 
     </span>
     <span class='ocr_line' id='line_1_10' title="bbox 62 787 1569 837; baseline 0.003 -14"><span class='ocrx_word' id='word_1_90' title='bbox 62 787 184 836; x_wconf 86' lang='lat' dir='ltr'><strong>cipare</strong></span> <span class='ocrx_word' id='word_1_91' title='bbox 220 799 296 824; x_wconf 91' lang='lat' dir='ltr'><strong>non</strong></span> <span class='ocrx_word' id='word_1_92' title='bbox 329 800 522 837; x_wconf 89' lang='lat' dir='ltr'><strong>possumus</strong></span> <span class='ocrx_word' id='word_1_93' title='bbox 558 789 630 825; x_wconf 90' lang='lat' dir='ltr'><strong>nisi</strong></span> <span class='ocrx_word' id='word_1_94' title='bbox 658 801 740 825; x_wconf 87' lang='lat' dir='ltr'><strong>cum</strong></span> <span class='ocrx_word' id='word_1_95' title='bbox 767 789 867 834; x_wconf 82' lang='lat' dir='ltr'><strong>aliis3</strong></span> <span class='ocrx_word' id='word_1_96' title='bbox 897 788 996 837; x_wconf 92' lang='lat' dir='ltr'><strong>quod</strong></span> <span class='ocrx_word' id='word_1_97' title='bbox 1023 789 1121 825; x_wconf 90' lang='lat' dir='ltr'><strong>enim</strong></span> <span class='ocrx_word' id='word_1_98' title='bbox 1148 790 1217 826; x_wconf 92' lang='lat' dir='ltr'><strong>soli</strong></span> <span class='ocrx_word' id='word_1_99' title='bbox 1244 791 1466 837; x_wconf 81' lang='lat' dir='ltr'><strong>obtinemus,</strong></span> <span class='ocrx_word' id='word_1_100' title='bbox 1492 793 1569 829; x_wconf 90' lang='lat' dir='ltr'><strong>eius</strong></span> 
     </span>
     <span class='ocr_line' id='line_1_11' title="bbox 62 850 1569 902; baseline 0.004 -16"><span class='ocrx_word' id='word_1_101' title='bbox 62 863 148 887; x_wconf 83' lang='lat' dir='ltr'><strong>sanc</strong></span> <span class='ocrx_word' id='word_1_102' title='bbox 181 854 321 901; x_wconf 87' lang='lat' dir='ltr'><strong>partem</strong></span> <span class='ocrx_word' id='word_1_103' title='bbox 355 851 490 888; x_wconf 88' lang='lat' dir='ltr'><strong>habere</strong></span> <span class='ocrx_word' id='word_1_104' title='bbox 526 864 602 888; x_wconf 89' lang='lat' dir='ltr'><strong>non</strong></span> <span class='ocrx_word' id='word_1_105' title='bbox 638 852 806 896; x_wconf 84' lang='lat' dir='ltr'><strong>dicimur,</strong></span> <span class='ocrx_word' id='word_1_106' title='bbox 841 851 904 888; x_wconf 86' lang='lat' dir='ltr'><strong>sed</strong></span> <span class='ocrx_word' id='word_1_107' title='bbox 941 850 1082 888; x_wconf 89' lang='lat' dir='ltr'><strong>domini</strong></span> <span class='ocrx_word' id='word_1_108' title='bbox 1116 864 1159 888; x_wconf 88' lang='lat' dir='ltr'><strong>ac</strong></span> <span class='ocrx_word' id='word_1_109' title='bbox 1193 866 1421 902; x_wconf 84' lang='lat' dir='ltr'><strong>possessores</strong></span> <span class='ocrx_word' id='word_1_110' title='bbox 1454 855 1569 892; x_wconf 86' lang='lat' dir='ltr'><strong>totius</strong></span> 
     </span>
     <span class='ocr_line' id='line_1_12' title="bbox 60 914 1569 967; baseline 0.004 -17"><span class='ocrx_word' id='word_1_111' title='bbox 60 915 298 964; x_wconf 83' lang='lat' dir='ltr'><strong>appellamur.</strong></span> <span class='ocrx_word' id='word_1_112' title='bbox 326 915 448 963; x_wconf 72' lang='lat' dir='ltr'><strong>Igitur</strong></span> <span class='ocrx_word' id='word_1_113' title='bbox 476 928 556 952; x_wconf 88' lang='lat' dir='ltr'><strong>cum</strong></span> <span class='ocrx_word' id='word_1_114' title='bbox 584 915 718 952; x_wconf 82' lang='lat' dir='ltr'><strong>Paulus</strong></span> <span class='ocrx_word' id='word_1_115' title='bbox 745 918 911 958; x_wconf 89' lang='lat' dir='ltr'><strong>testatur,</strong></span> <span class='ocrx_word' id='word_1_116' title='bbox 939 914 1076 951; x_wconf 89' lang='lat' dir='ltr'><strong>Filium</strong></span> <span class='ocrx_word' id='word_1_117' title='bbox 1104 915 1174 952; x_wconf 89' lang='lat' dir='ltr'><strong>Dei</strong></span> <span class='ocrx_word' id='word_1_118' title='bbox 1199 917 1416 967; x_wconf 83' lang='lat' dir='ltr'><strong>participem</strong></span> <span class='ocrx_word' id='word_1_119' title='bbox 1430 919 1569 956; x_wconf 86' lang='lat' dir='ltr'><strong>factum</strong></span> 
     </span>
     <span class='ocr_line' id='line_1_13' title="bbox 59 979 1566 1029; baseline 0.002 -13"><span class='ocrx_word' id='word_1_120' title='bbox 59 991 137 1016; x_wconf 89' lang='lat' dir='ltr'><strong>esse</strong></span> <span class='ocrx_word' id='word_1_121' title='bbox 173 979 293 1016; x_wconf 89' lang='lat' dir='ltr'><strong>carnis</strong></span> <span class='ocrx_word' id='word_1_122' title='bbox 328 984 363 1017; x_wconf 90' lang='lat' dir='ltr'><strong>et</strong></span> <span class='ocrx_word' id='word_1_123' title='bbox 398 979 601 1028; x_wconf 77' lang='lat' dir='ltr'><strong>sanguinis,</strong></span> <span class='ocrx_word' id='word_1_124' title='bbox 638 979 743 1016; x_wconf 87' lang='lat' dir='ltr'><strong>docet</strong></span> <span class='ocrx_word' id='word_1_125' title='bbox 770 979 891 1023; x_wconf 88' lang='lat' dir='ltr'><strong>simul,</strong></span> <span class='ocrx_word' id='word_1_126' title='bbox 917 979 1038 1029; x_wconf 89' lang='lat' dir='ltr'><strong>ipsum</strong></span> <span class='ocrx_word' id='word_1_127' title='bbox 1064 992 1141 1017; x_wconf 91' lang='lat' dir='ltr'><strong>non</strong></span> <span class='ocrx_word' id='word_1_128' title='bbox 1168 980 1277 1017; x_wconf 89' lang='lat' dir='ltr'><strong>aliam</strong></span> <span class='ocrx_word' id='word_1_129' title='bbox 1306 995 1393 1019; x_wconf 88' lang='lat' dir='ltr'><strong>sane</strong></span> <span class='ocrx_word' id='word_1_130' title='bbox 1419 995 1566 1020; x_wconf 86' lang='lat' dir='ltr'><strong>carnem</strong></span> 
     </span>
     <span class='ocr_line' id='line_1_14' title="bbox 57 1044 1566 1094; baseline 0.003 -15"><span class='ocrx_word' id='word_1_131' title='bbox 57 1044 172 1080; x_wconf 84' lang='lat' dir='ltr'><strong>ullam</strong></span> <span class='ocrx_word' id='word_1_132' title='bbox 208 1044 458 1094; x_wconf 82' lang='lat' dir='ltr'><strong>assumpsisse,</strong></span> <span class='ocrx_word' id='word_1_133' title='bbox 493 1057 604 1094; x_wconf 87' lang='lat' dir='ltr'><strong>quam</strong></span> <span class='ocrx_word' id='word_1_134' title='bbox 637 1057 729 1084; x_wconf 82' lang='lat' dir='ltr'><strong>eam,</strong></span> <span class='ocrx_word' id='word_1_135' title='bbox 765 1056 857 1093; x_wconf 88' lang='lat' dir='ltr'><strong>quae</strong></span> <span class='ocrx_word' id='word_1_136' title='bbox 892 1049 927 1080; x_wconf 89' lang='lat' dir='ltr'><strong>et</strong></span> <span class='ocrx_word' id='word_1_137' title='bbox 963 1047 1070 1081; x_wconf 87' lang='lat' dir='ltr'><strong>antea</strong></span> <span class='ocrx_word' id='word_1_138' title='bbox 1104 1044 1177 1081; x_wconf 87' lang='lat' dir='ltr'><strong>iam</strong></span> <span class='ocrx_word' id='word_1_139' title='bbox 1204 1045 1397 1090; x_wconf 77' lang='lat' dir='ltr'><strong>extitisset,</strong></span> <span class='ocrx_word' id='word_1_140' title='bbox 1423 1050 1458 1083; x_wconf 91' lang='lat' dir='ltr'><strong>et</strong></span> <span class='ocrx_word' id='word_1_141' title='bbox 1485 1047 1566 1083; x_wconf 87' lang='lat' dir='ltr'><strong>aliis</strong></span> 
     </span>
     <span class='ocr_line' id='line_1_15' title="bbox 57 1101 1566 1158; baseline 0.001 -13"><span class='ocrx_word' id='word_1_142' title='bbox 57 1108 167 1145; x_wconf 90' lang='lat' dir='ltr'><strong>etiam</strong></span> <span class='ocrx_word' id='word_1_143' title='bbox 205 1109 410 1145; x_wconf 87' lang='lat' dir='ltr'><strong>communis</strong></span> <span class='ocrx_word' id='word_1_144' title='bbox 444 1113 628 1158; x_wconf 85' lang='lat' dir='ltr'><strong>praeterea</strong></span> <span class='ocrx_word' id='word_1_145' title='bbox 664 1113 769 1145; x_wconf 90' lang='lat' dir='ltr'><strong>esset.</strong></span> <span class='ocrx_word' id='word_1_146' title='bbox 807 1101 1042 1157; x_wconf 46' lang='lat' dir='ltr'><strong>&#39;Participem</strong></span> <span class='ocrx_word' id='word_1_147' title='bbox 1076 1108 1173 1145; x_wconf 88' lang='lat' dir='ltr'><strong>enim</strong></span> <span class='ocrx_word' id='word_1_148' title='bbox 1207 1110 1288 1146; x_wconf 89' lang='lat' dir='ltr'><strong>fieri</strong></span> <span class='ocrx_word' id='word_1_149' title='bbox 1323 1110 1477 1147; x_wconf 86' lang='lat' dir='ltr'><strong>alicuius</strong></span> <span class='ocrx_word' id='word_1_150' title='bbox 1513 1111 1566 1148; x_wconf 87' lang='lat' dir='ltr'><strong>rei</strong></span> 
     </span>
     <span class='ocr_line' id='line_1_16' title="bbox 56 1171 1566 1222; baseline 0.002 -14"><span class='ocrx_word' id='word_1_151' title='bbox 56 1172 156 1208; x_wconf 90' lang='lat' dir='ltr'><strong>aliud</strong></span> <span class='ocrx_word' id='word_1_152' title='bbox 194 1172 287 1209; x_wconf 90' lang='lat' dir='ltr'><strong>nihil</strong></span> <span class='ocrx_word' id='word_1_153' title='bbox 322 1176 388 1217; x_wconf 89' lang='lat' dir='ltr'><strong>est,</strong></span> <span class='ocrx_word' id='word_1_154' title='bbox 423 1185 532 1221; x_wconf 88' lang='lat' dir='ltr'><strong>quam</strong></span> <span class='ocrx_word' id='word_1_155' title='bbox 570 1171 694 1208; x_wconf 85' lang='lat' dir='ltr'><strong>venire</strong></span> <span class='ocrx_word' id='word_1_156' title='bbox 730 1171 767 1207; x_wconf 89' lang='lat' dir='ltr'><strong>in</strong></span> <span class='ocrx_word' id='word_1_157' title='bbox 805 1171 882 1208; x_wconf 88' lang='lat' dir='ltr'><strong>eius</strong></span> <span class='ocrx_word' id='word_1_158' title='bbox 910 1172 1228 1218; x_wconf 83' lang='lat' dir='ltr'><strong>communionem3</strong></span> <span class='ocrx_word' id='word_1_159' title='bbox 1257 1172 1296 1209; x_wconf 86' lang='lat' dir='ltr'><strong>id</strong></span> <span class='ocrx_word' id='word_1_160' title='bbox 1321 1173 1430 1222; x_wconf 89' lang='lat' dir='ltr'><strong>plane</strong></span> <span class='ocrx_word' id='word_1_161' title='bbox 1457 1175 1566 1211; x_wconf 90' lang='lat' dir='ltr'><strong>nobis</strong></span> 
     </span>
     <span class='ocr_line' id='line_1_17' title="bbox 57 1234 1564 1284; baseline 0.001 -11"><span class='ocrx_word' id='word_1_162' title='bbox 57 1236 242 1284; x_wconf 74' lang='lat' dir='ltr'><strong>significat</strong></span> <span class='ocrx_word' id='word_1_163' title='bbox 269 1249 339 1272; x_wconf 88' lang='lat' dir='ltr'><strong>vox</strong></span> <span class='ocrx_word' id='word_1_164' title='bbox 367 1248 497 1284; x_wconf 83' lang='lat' dir='ltr'><strong>graeca</strong></span> <span class='ocrx_word' id='word_1_165' title='bbox 525 1239 727 1284; x_wconf 79' lang='grc' dir='ltr'><em>μετέχειν,</em></span> <span class='ocrx_word' id='word_1_166' title='bbox 753 1234 824 1271; x_wconf 89' lang='lat' dir='ltr'><strong>hoc</strong></span> <span class='ocrx_word' id='word_1_167' title='bbox 851 1239 918 1278; x_wconf 84' lang='lat' dir='ltr'><strong>cst,</strong></span> <span class='ocrx_word' id='word_1_168' title='bbox 944 1247 1026 1271; x_wconf 88' lang='lat' dir='ltr'><strong>cum</strong></span> <span class='ocrx_word' id='word_1_169' title='bbox 1054 1235 1135 1272; x_wconf 89' lang='lat' dir='ltr'><strong>aliis</strong></span> <span class='ocrx_word' id='word_1_170' title='bbox 1163 1236 1274 1272; x_wconf 90' lang='lat' dir='ltr'><strong>simul</strong></span> <span class='ocrx_word' id='word_1_171' title='bbox 1293 1236 1439 1274; x_wconf 81' lang='lat' dir='ltr'><strong>habere.</strong></span> <span class='ocrx_word' id='word_1_172' title='bbox 1478 1236 1564 1274; x_wconf 75' lang='lat' dir='ltr'><strong>Quo</strong></span> 
     </span>
     <span class='ocr_line' id='line_1_18' title="bbox 55 1285 1563 1351; baseline -0.001 -13"><span class='ocrx_word' id='word_1_173' title='bbox 55 1301 199 1351; x_wconf 87' lang='lat' dir='ltr'><strong>quidem</strong></span> <span class='ocrx_word' id='word_1_174' title='bbox 238 1300 350 1337; x_wconf 88' lang='lat' dir='ltr'><strong>verbo</strong></span> <span class='ocrx_word' id='word_1_175' title='bbox 378 1300 438 1336; x_wconf 85' lang='lat' dir='ltr'><strong>hic</strong></span> <span class='ocrx_word' id='word_1_176' title='bbox 464 1312 551 1336; x_wconf 88' lang='lat' dir='ltr'><strong>usus</strong></span> <span class='ocrx_word' id='word_1_177' title='bbox 579 1304 633 1336; x_wconf 91' lang='lat' dir='ltr'><strong>est</strong></span> <span class='ocrx_word' id='word_1_178' title='bbox 659 1299 807 1344; x_wconf 83' lang='lat' dir='ltr'><strong>Paulus,</strong></span> <span class='ocrx_word' id='word_1_179' title='bbox 832 1303 873 1336; x_wconf 94' lang='lat' dir='ltr'><strong>ut</strong></span> <span class='ocrx_word' id='word_1_180' title='bbox 901 1298 1058 1343; x_wconf 90' lang='lat' dir='ltr'><strong>doceret,</strong></span> <span class='ocrx_word' id='word_1_181' title='bbox 1085 1298 1224 1336; x_wconf 86' lang='lat' dir='ltr'><strong>Filium</strong></span> <span class='ocrx_word' id='word_1_182' title='bbox 1250 1299 1320 1337; x_wconf 89' lang='lat' dir='ltr'><strong>Dei</strong></span> <span class='ocrx_word' id='word_1_183' title='bbox 1346 1314 1422 1337; x_wconf 87' lang='lat' dir='ltr'><strong>non</strong></span> <span class='ocrx_word' id='word_1_184' title='bbox 1449 1285 1563 1338; x_wconf 84' lang='lat' dir='ltr'><strong>ullum</strong></span> 
     </span>
     <span class='ocr_line' id='line_1_19' title="bbox 54 1363 1566 1414; baseline 0.001 -13"><span class='ocrx_word' id='word_1_185' title='bbox 54 1364 153 1401; x_wconf 88' lang='lat' dir='ltr'><strong>aliud</strong></span> <span class='ocrx_word' id='word_1_186' title='bbox 187 1377 303 1412; x_wconf 78' lang='lat' dir='ltr'><strong>genus</strong></span> <span class='ocrx_word' id='word_1_187' title='bbox 339 1364 459 1400; x_wconf 89' lang='lat' dir='ltr'><strong>carnis</strong></span> <span class='ocrx_word' id='word_1_188' title='bbox 494 1363 584 1410; x_wconf 87' lang='lat' dir='ltr'><strong>(sibi</strong></span> <span class='ocrx_word' id='word_1_189' title='bbox 619 1363 790 1400; x_wconf 89' lang='lat' dir='ltr'><strong>videlicet</strong></span> <span class='ocrx_word' id='word_1_190' title='bbox 826 1363 895 1401; x_wconf 90' lang='lat' dir='ltr'><strong>soli</strong></span> <span class='ocrx_word' id='word_1_191' title='bbox 922 1364 1130 1413; x_wconf 89' lang='lat' dir='ltr'><strong>proprium)</strong></span> <span class='ocrx_word' id='word_1_192' title='bbox 1157 1364 1410 1414; x_wconf 82' lang='lat' dir='ltr'><strong>assumpsisse,</strong></span> <span class='ocrx_word' id='word_1_193' title='bbox 1437 1365 1500 1402; x_wconf 87' lang='lat' dir='ltr'><strong>sed</strong></span> <span class='ocrx_word' id='word_1_194' title='bbox 1527 1365 1566 1402; x_wconf 92' lang='lat' dir='ltr'><strong>in</strong></span> 
     </span>
     <span class='ocr_line' id='line_1_20' title="bbox 54 1427 1563 1481; baseline 0.001 -17"><span class='ocrx_word' id='word_1_195' title='bbox 54 1427 362 1472; x_wconf 84' lang='lat' dir='ltr'><strong>communionem,</strong></span> <span class='ocrx_word' id='word_1_196' title='bbox 390 1439 451 1464; x_wconf 89' lang='lat' dir='ltr'><strong>seu</strong></span> <span class='ocrx_word' id='word_1_197' title='bbox 468 1427 802 1481; x_wconf 81' lang='lat' dir='ltr'><strong>participationem,</strong></span> <span class='ocrx_word' id='word_1_198' title='bbox 821 1427 963 1464; x_wconf 89' lang='lat' dir='ltr'><strong>venisse</strong></span> <span class='ocrx_word' id='word_1_199' title='bbox 982 1427 1058 1464; x_wconf 89' lang='lat' dir='ltr'><strong>eius</strong></span> <span class='ocrx_word' id='word_1_200' title='bbox 1081 1427 1200 1464; x_wconf 88' lang='lat' dir='ltr'><strong>carnis</strong></span> <span class='ocrx_word' id='word_1_201' title='bbox 1220 1427 1412 1474; x_wconf 89' lang='lat' dir='ltr'><strong>(nimirum</strong></span> <span class='ocrx_word' id='word_1_202' title='bbox 1434 1428 1563 1466; x_wconf 90' lang='lat' dir='ltr'><strong>huma-</strong></span> 
     </span>
     <span class='ocr_line' id='line_1_21' title="bbox 53 1483 1564 1543; baseline -0.001 -13"><span class='ocrx_word' id='word_1_203' title='bbox 53 1495 149 1540; x_wconf 88' lang='lat' dir='ltr'><strong>nae),</strong></span> <span class='ocrx_word' id='word_1_204' title='bbox 176 1505 269 1543; x_wconf 87' lang='lat' dir='ltr'><strong>quae</strong></span> <span class='ocrx_word' id='word_1_205' title='bbox 295 1496 330 1529; x_wconf 90' lang='lat' dir='ltr'><strong>et</strong></span> <span class='ocrx_word' id='word_1_206' title='bbox 356 1496 464 1529; x_wconf 87' lang='lat' dir='ltr'><strong>antea</strong></span> <span class='ocrx_word' id='word_1_207' title='bbox 490 1492 606 1528; x_wconf 90' lang='lat' dir='ltr'><strong>multo</strong></span> <span class='ocrx_word' id='word_1_208' title='bbox 634 1483 797 1536; x_wconf 80' lang='lat' dir='ltr'><strong>extabat,</strong></span> <span class='ocrx_word' id='word_1_209' title='bbox 823 1496 858 1529; x_wconf 92' lang='lat' dir='ltr'><strong>et</strong></span> <span class='ocrx_word' id='word_1_210' title='bbox 877 1491 959 1528; x_wconf 88' lang='lat' dir='ltr'><strong>aliis</strong></span> <span class='ocrx_word' id='word_1_211' title='bbox 978 1492 1089 1529; x_wconf 90' lang='lat' dir='ltr'><strong>etiam</strong></span> <span class='ocrx_word' id='word_1_212' title='bbox 1107 1492 1312 1529; x_wconf 87' lang='lat' dir='ltr'><strong>communis</strong></span> <span class='ocrx_word' id='word_1_213' title='bbox 1330 1496 1418 1530; x_wconf 87' lang='lat' dir='ltr'><strong>erat.</strong></span> <span class='ocrx_word' id='word_1_214' title='bbox 1449 1493 1564 1530; x_wconf 84' lang='lat' dir='ltr'><strong>Nulla</strong></span> 
     </span>
     <span class='ocr_line' id='line_1_22' title="bbox 51 1555 1562 1607; baseline 0.001 -13"><span class='ocrx_word' id='word_1_215' title='bbox 51 1561 169 1594; x_wconf 89' lang='lat' dir='ltr'><strong>autem</strong></span> <span class='ocrx_word' id='word_1_216' title='bbox 208 1557 278 1594; x_wconf 88' lang='lat' dir='ltr'><strong>alia</strong></span> <span class='ocrx_word' id='word_1_217' title='bbox 312 1569 396 1593; x_wconf 89' lang='lat' dir='ltr'><strong>caro</strong></span> <span class='ocrx_word' id='word_1_218' title='bbox 432 1556 582 1593; x_wconf 78' lang='lat' dir='ltr'><strong>extabat</strong></span> <span class='ocrx_word' id='word_1_219' title='bbox 615 1559 758 1606; x_wconf 88' lang='lat' dir='ltr'><strong>praeter</strong></span> <span class='ocrx_word' id='word_1_220' title='bbox 792 1559 956 1593; x_wconf 89' lang='lat' dir='ltr'><strong>nostram</strong></span> <span class='ocrx_word' id='word_1_221' title='bbox 993 1558 1050 1603; x_wconf 86' lang='lat' dir='ltr'><strong>(ut</strong></span> <span class='ocrx_word' id='word_1_222' title='bbox 1084 1555 1224 1593; x_wconf 87' lang='lat' dir='ltr'><strong>dictum</strong></span> <span class='ocrx_word' id='word_1_223' title='bbox 1259 1558 1343 1603; x_wconf 89' lang='lat' dir='ltr'><strong>est),</strong></span> <span class='ocrx_word' id='word_1_224' title='bbox 1369 1556 1416 1594; x_wconf 88' lang='lat' dir='ltr'><strong>ad</strong></span> <span class='ocrx_word' id='word_1_225' title='bbox 1451 1570 1562 1607; x_wconf 86' lang='lat' dir='ltr'><strong>quam</strong></span> 
     </span>
     <span class='ocr_line' id='line_1_23' title="bbox 51 1619 1562 1671; baseline 0 -13"><span class='ocrx_word' id='word_1_226' title='bbox 51 1621 232 1671; x_wconf 86' lang='lat' dir='ltr'><strong>equidem,</strong></span> <span class='ocrx_word' id='word_1_227' title='bbox 258 1620 326 1658; x_wconf 90' lang='lat' dir='ltr'><strong>etsi</strong></span> <span class='ocrx_word' id='word_1_228' title='bbox 353 1624 502 1670; x_wconf 86' lang='lat' dir='ltr'><strong>peccato</strong></span> <span class='ocrx_word' id='word_1_229' title='bbox 531 1632 573 1656; x_wconf 91' lang='lat' dir='ltr'><strong>ac</strong></span> <span class='ocrx_word' id='word_1_230' title='bbox 600 1619 712 1656; x_wconf 89' lang='lat' dir='ltr'><strong>morti</strong></span> <span class='ocrx_word' id='word_1_231' title='bbox 739 1620 785 1667; x_wconf 86' lang='lat' dir='ltr'><strong>(C</strong></span> <span class='ocrx_word' id='word_1_232' title='bbox 804 1620 866 1666; x_wconf 69' lang='lat' dir='ltr'><strong>iia)</strong></span> <span class='ocrx_word' id='word_1_233' title='bbox 895 1619 1109 1664; x_wconf 88' lang='lat' dir='ltr'><strong>subiectam,</strong></span> <span class='ocrx_word' id='word_1_234' title='bbox 1135 1620 1397 1670; x_wconf 87' lang='lat' dir='ltr'><strong>promissiones</strong></span> <span class='ocrx_word' id='word_1_235' title='bbox 1412 1621 1562 1659; x_wconf 82' lang='lat' dir='ltr'><strong>interim</strong></span> 
     </span>
     <span class='ocr_line' id='line_1_24' title="bbox 50 1684 1562 1734; baseline 0 -11"><span class='ocrx_word' id='word_1_236' title='bbox 50 1686 147 1723; x_wconf 85' lang='lat' dir='ltr'><strong>vitae</strong></span> <span class='ocrx_word' id='word_1_237' title='bbox 173 1689 341 1722; x_wconf 85' lang='lat' dir='ltr'><strong>aeternae</strong></span> <span class='ocrx_word' id='word_1_238' title='bbox 368 1685 571 1731; x_wconf 84' lang='lat' dir='ltr'><strong>(Christum</strong></span> <span class='ocrx_word' id='word_1_239' title='bbox 598 1684 803 1731; x_wconf 89' lang='lat' dir='ltr'><strong>intuentes)</strong></span> <span class='ocrx_word' id='word_1_240' title='bbox 830 1685 1068 1734; x_wconf 88' lang='lat' dir='ltr'><strong>pertinerent.</strong></span> <span class='ocrx_word' id='word_1_241' title='bbox 1095 1684 1218 1722; x_wconf 91' lang='lat' dir='ltr'><strong>Huius</strong></span> <span class='ocrx_word' id='word_1_242' title='bbox 1236 1685 1349 1734; x_wconf 80' lang='lat' dir='ltr'><strong>igitur</strong></span> <span class='ocrx_word' id='word_1_243' title='bbox 1367 1690 1403 1722; x_wconf 91' lang='lat' dir='ltr'><strong>et</strong></span> <span class='ocrx_word' id='word_1_244' title='bbox 1423 1686 1562 1723; x_wconf 87' lang='lat' dir='ltr'><strong>nullius</strong></span> 
     </span>
     <span class='ocr_line' id='line_1_25' title="bbox 51 1748 1562 1798; baseline -0.001 -11"><span class='ocrx_word' id='word_1_245' title='bbox 51 1751 199 1788; x_wconf 90' lang='lat' dir='ltr'><strong>alterius</strong></span> <span class='ocrx_word' id='word_1_246' title='bbox 229 1750 347 1787; x_wconf 86' lang='lat' dir='ltr'><strong>carnis</strong></span> <span class='ocrx_word' id='word_1_247' title='bbox 374 1749 512 1786; x_wconf 85' lang='lat' dir='ltr'><strong>Filium</strong></span> <span class='ocrx_word' id='word_1_248' title='bbox 539 1748 609 1785; x_wconf 89' lang='lat' dir='ltr'><strong>Dei</strong></span> <span class='ocrx_word' id='word_1_249' title='bbox 634 1748 850 1798; x_wconf 89' lang='lat' dir='ltr'><strong>participem</strong></span> <span class='ocrx_word' id='word_1_250' title='bbox 878 1749 1017 1785; x_wconf 88' lang='lat' dir='ltr'><strong>factum</strong></span> <span class='ocrx_word' id='word_1_251' title='bbox 1044 1761 1121 1785; x_wconf 91' lang='lat' dir='ltr'><strong>esse</strong></span> <span class='ocrx_word' id='word_1_252' title='bbox 1149 1753 1304 1793; x_wconf 86' lang='lat' dir='ltr'><strong>constat,</strong></span> <span class='ocrx_word' id='word_1_253' title='bbox 1322 1762 1405 1786; x_wconf 87' lang='lat' dir='ltr'><strong>cum</strong></span> <span class='ocrx_word' id='word_1_254' title='bbox 1424 1753 1562 1786; x_wconf 87' lang='lat' dir='ltr'><strong>certum</strong></span> 
     </span>
     <span class='ocr_line' id='line_1_26' title="bbox 51 1812 1560 1863; baseline -0.001 -12"><span class='ocrx_word' id='word_1_255' title='bbox 51 1815 111 1857; x_wconf 87' lang='lat' dir='ltr'><strong>sit,</strong></span> <span class='ocrx_word' id='word_1_256' title='bbox 138 1827 221 1851; x_wconf 90' lang='lat' dir='ltr'><strong>eum</strong></span> <span class='ocrx_word' id='word_1_257' title='bbox 249 1818 375 1851; x_wconf 83' lang='lat' dir='ltr'><strong>nostra</strong></span> <span class='ocrx_word' id='word_1_258' title='bbox 404 1826 510 1850; x_wconf 89' lang='lat' dir='ltr'><strong>causa</strong></span> <span class='ocrx_word' id='word_1_259' title='bbox 539 1813 656 1861; x_wconf 73' lang='lat' dir='ltr'><strong>egisse</strong></span> <span class='ocrx_word' id='word_1_260' title='bbox 683 1812 859 1862; x_wconf 91' lang='lat' dir='ltr'><strong>quicquid</strong></span> <span class='ocrx_word' id='word_1_261' title='bbox 887 1813 974 1861; x_wconf 73' lang='lat' dir='ltr'><strong>egit.</strong></span> <span class='ocrx_word' id='word_1_262' title='bbox 1005 1813 1126 1850; x_wconf 68' lang='lat' dir='ltr'><strong>Quid!</strong></span> <span class='ocrx_word' id='word_1_263' title='bbox 1155 1813 1254 1862; x_wconf 88' lang='lat' dir='ltr'><strong>quod</strong></span> <span class='ocrx_word' id='word_1_264' title='bbox 1281 1826 1328 1850; x_wconf 92' lang='lat' dir='ltr'><strong>ne</strong></span> <span class='ocrx_word' id='word_1_265' title='bbox 1353 1813 1391 1850; x_wconf 89' lang='lat' dir='ltr'><strong>id</strong></span> <span class='ocrx_word' id='word_1_266' title='bbox 1410 1813 1560 1863; x_wconf 88' lang='lat' dir='ltr'><strong>quidem</strong></span> 
     </span>
     <span class='ocr_line' id='line_1_27' title="bbox 50 1877 1561 1928; baseline 0 -13"><span class='ocrx_word' id='word_1_267' title='bbox 50 1878 213 1915; x_wconf 67' lang='lat' dir='ltr'><strong>ociosum</strong></span> <span class='ocrx_word' id='word_1_268' title='bbox 241 1882 307 1923; x_wconf 91' lang='lat' dir='ltr'><strong>est,</strong></span> <span class='ocrx_word' id='word_1_269' title='bbox 334 1877 432 1928; x_wconf 87' lang='lat' dir='ltr'><strong>quod</strong></span> <span class='ocrx_word' id='word_1_270' title='bbox 460 1878 530 1914; x_wconf 87' lang='lat' dir='ltr'><strong>ait:</strong></span> <span class='ocrx_word' id='word_1_271' title='bbox 558 1879 722 1914; x_wconf 76' lang='lat' dir='ltr'><strong>similiter</strong></span> <span class='ocrx_word' id='word_1_272' title='bbox 747 1877 853 1914; x_wconf 88' lang='lat' dir='ltr'><strong>illum</strong></span> <span class='ocrx_word' id='word_1_273' title='bbox 880 1877 1097 1927; x_wconf 85' lang='lat' dir='ltr'><strong>participem</strong></span> <span class='ocrx_word' id='word_1_274' title='bbox 1124 1878 1263 1914; x_wconf 89' lang='lat' dir='ltr'><strong>factum</strong></span> <span class='ocrx_word' id='word_1_275' title='bbox 1290 1890 1368 1915; x_wconf 89' lang='lat' dir='ltr'><strong>esse</strong></span> <span class='ocrx_word' id='word_1_276' title='bbox 1387 1878 1507 1915; x_wconf 88' lang='lat' dir='ltr'><strong>carnis</strong></span> <span class='ocrx_word' id='word_1_277' title='bbox 1526 1884 1561 1915; x_wconf 85' lang='lat' dir='ltr'><strong>et</strong></span> 
     </span>
     <span class='ocr_line' id='line_1_28' title="bbox 51 1940 1560 1991; baseline -0.001 -12"><span class='ocrx_word' id='word_1_278' title='bbox 51 1942 254 1990; x_wconf 80' lang='lat' dir='ltr'><strong>sanguinis,</strong></span> <span class='ocrx_word' id='word_1_279' title='bbox 289 1941 360 1977; x_wconf 93' lang='lat' dir='ltr'><strong>hoc</strong></span> <span class='ocrx_word' id='word_1_280' title='bbox 396 1945 461 1985; x_wconf 89' lang='lat' dir='ltr'><strong>est,</strong></span> <span class='ocrx_word' id='word_1_281' title='bbox 497 1941 542 1978; x_wconf 85' lang='lat' dir='ltr'><strong>ad</strong></span> <span class='ocrx_word' id='word_1_282' title='bbox 571 1941 728 1977; x_wconf 83' lang='lat' dir='ltr'><strong>eundem</strong></span> <span class='ocrx_word' id='word_1_283' title='bbox 754 1940 919 1985; x_wconf 84' lang='lat' dir='ltr'><strong>modum,</strong></span> <span class='ocrx_word' id='word_1_284' title='bbox 952 1961 1004 1969; x_wconf 94' lang='lat'><strong>—</strong></span> <span class='ocrx_word' id='word_1_285' title='bbox 1030 1953 1161 1990; x_wconf 89' lang='lat' dir='ltr'><strong>nempe</strong></span> <span class='ocrx_word' id='word_1_286' title='bbox 1188 1953 1252 1990; x_wconf 89' lang='lat' dir='ltr'><strong>per</strong></span> <span class='ocrx_word' id='word_1_287' title='bbox 1279 1941 1560 1991; x_wconf 87' lang='lat' dir='ltr'><strong>conceptionem</strong></span> 
     </span>
     <span class='ocr_line' id='line_1_29' title="bbox 48 2003 1560 2054; baseline -0.001 -11"><span class='ocrx_word' id='word_1_288' title='bbox 48 2010 84 2043; x_wconf 91' lang='lat' dir='ltr'><strong>et</strong></span> <span class='ocrx_word' id='word_1_289' title='bbox 119 2005 348 2043; x_wconf 89' lang='lat' dir='ltr'><strong>nativitatem</strong></span> <span class='ocrx_word' id='word_1_290' title='bbox 383 2004 602 2047; x_wconf 86' lang='lat' dir='ltr'><strong>naturalem,</strong></span> <span class='ocrx_word' id='word_1_291' title='bbox 636 2008 893 2054; x_wconf 87' lang='lat' dir='ltr'><strong>praeterquam</strong></span> <span class='ocrx_word' id='word_1_292' title='bbox 928 2003 1027 2054; x_wconf 91' lang='lat' dir='ltr'><strong>quod</strong></span> <span class='ocrx_word' id='word_1_293' title='bbox 1065 2004 1144 2041; x_wconf 89' lang='lat' dir='ltr'><strong>sine</strong></span> <span class='ocrx_word' id='word_1_294' title='bbox 1176 2004 1285 2042; x_wconf 87' lang='lat' dir='ltr'><strong>Patre</strong></span> <span class='ocrx_word' id='word_1_295' title='bbox 1320 2004 1470 2042; x_wconf 87' lang='lat' dir='ltr'><strong>homine</strong></span> <span class='ocrx_word' id='word_1_296' title='bbox 1505 2008 1560 2042; x_wconf 90' lang='lat' dir='ltr'><strong>est</strong></span> 
     </span>
     <span class='ocr_line' id='line_1_30' title="bbox 49 2068 1557 2120; baseline -0.001 -13"><span class='ocrx_word' id='word_1_297' title='bbox 49 2070 172 2113; x_wconf 86' lang='lat' dir='ltr'><strong>homo,</strong></span> <span class='ocrx_word' id='word_1_298' title='bbox 200 2069 509 2120; x_wconf 87' lang='lat' dir='ltr'><strong>quemadmodum</strong></span> <span class='ocrx_word' id='word_1_299' title='bbox 535 2072 570 2105; x_wconf 89' lang='lat' dir='ltr'><strong>et</strong></span> <span class='ocrx_word' id='word_1_300' title='bbox 597 2068 675 2105; x_wconf 88' lang='lat' dir='ltr'><strong>sine</strong></span> <span class='ocrx_word' id='word_1_301' title='bbox 703 2072 819 2105; x_wconf 88' lang='lat' dir='ltr'><strong>matre</strong></span> <span class='ocrx_word' id='word_1_302' title='bbox 845 2072 1014 2105; x_wconf 85' lang='lat' dir='ltr'><strong>aeternus</strong></span> <span class='ocrx_word' id='word_1_303' title='bbox 1042 2073 1096 2106; x_wconf 80' lang='lat' dir='ltr'><strong>est</strong></span> <span class='ocrx_word' id='word_1_304' title='bbox 1122 2081 1164 2105; x_wconf 87' lang='lat' dir='ltr'><strong>ac</strong></span> <span class='ocrx_word' id='word_1_305' title='bbox 1190 2068 1409 2106; x_wconf 85' lang='lat' dir='ltr'><strong>immortalis</strong></span> <span class='ocrx_word' id='word_1_306' title='bbox 1436 2068 1557 2114; x_wconf 82' lang='lat' dir='ltr'><strong>Deus3</strong></span> 
     </span>
     <span class='ocr_line' id='line_1_31' title="bbox 48 2132 1558 2184; baseline -0.001 -12"><span class='ocrx_word' id='word_1_307' title='bbox 48 2135 203 2172; x_wconf 82' lang='lat' dir='ltr'><strong>refertur</strong></span> <span class='ocrx_word' id='word_1_308' title='bbox 247 2134 344 2171; x_wconf 90' lang='lat' dir='ltr'><strong>enim</strong></span> <span class='ocrx_word' id='word_1_309' title='bbox 391 2133 626 2184; x_wconf 87' lang='lat' dir='ltr'><strong>participatio</strong></span> <span class='ocrx_word' id='word_1_310' title='bbox 663 2132 781 2169; x_wconf 84' lang='lat' dir='ltr'><strong>carnis</strong></span> <span class='ocrx_word' id='word_1_311' title='bbox 815 2132 855 2169; x_wconf 89' lang='lat' dir='ltr'><strong>in</strong></span> <span class='ocrx_word' id='word_1_312' title='bbox 893 2133 1041 2170; x_wconf 87' lang='lat' dir='ltr'><strong>Christo</strong></span> <span class='ocrx_word' id='word_1_313' title='bbox 1078 2133 1148 2170; x_wconf 85' lang='lat' dir='ltr'><strong>hac</strong></span> <span class='ocrx_word' id='word_1_314' title='bbox 1182 2146 1271 2170; x_wconf 90' lang='lat' dir='ltr'><strong>voce</strong></span> <span class='ocrx_word' id='word_1_315' title='bbox 1306 2135 1471 2170; x_wconf 73' lang='lat' dir='ltr'><strong>similiter</strong></span> <span class='ocrx_word' id='word_1_316' title='bbox 1510 2133 1558 2170; x_wconf 88' lang='lat' dir='ltr'><strong>ad</strong></span> 
     </span>
     <span class='ocr_line' id='line_1_32' title="bbox 47 2195 1558 2249; baseline -0.002 -13"><span class='ocrx_word' id='word_1_317' title='bbox 47 2211 242 2249; x_wconf 89' lang='lat' dir='ltr'><strong>puerorum</strong></span> <span class='ocrx_word' id='word_1_318' title='bbox 279 2202 461 2242; x_wconf 26' lang='lat' dir='ltr'><strong>naturam,¹</strong></span> <span class='ocrx_word' id='word_1_319' title='bbox 488 2197 551 2246; x_wconf 91' lang='lat' dir='ltr'><strong>qui</strong></span> <span class='ocrx_word' id='word_1_320' title='bbox 578 2201 613 2233; x_wconf 82' lang='lat' dir='ltr'><strong>et</strong></span> <span class='ocrx_word' id='word_1_321' title='bbox 638 2195 709 2246; x_wconf 90' lang='lat' dir='ltr'><strong>ipsi</strong></span> <span class='ocrx_word' id='word_1_322' title='bbox 737 2197 856 2233; x_wconf 89' lang='lat' dir='ltr'><strong>carnis</strong></span> <span class='ocrx_word' id='word_1_323' title='bbox 883 2200 919 2234; x_wconf 89' lang='lat' dir='ltr'><strong>et</strong></span> <span class='ocrx_word' id='word_1_324' title='bbox 946 2197 1138 2246; x_wconf 83' lang='lat' dir='ltr'><strong>sanguinis</strong></span> <span class='ocrx_word' id='word_1_325' title='bbox 1166 2197 1463 2234; x_wconf 89' lang='lat' dir='ltr'><strong>communionem</strong></span> <span class='ocrx_word' id='word_1_326' title='bbox 1489 2196 1558 2233; x_wconf 86' lang='lat' dir='ltr'><strong>ha-</strong></span> 
     </span>
     <span class='ocr_line' id='line_1_33' title="bbox 48 2260 1558 2311; baseline -0.001 -11"><span class='ocrx_word' id='word_1_327' title='bbox 48 2264 197 2306; x_wconf 89' lang='lat' dir='ltr'><strong>bebant,</strong></span> <span class='ocrx_word' id='word_1_328' title='bbox 230 2267 269 2300; x_wconf 88' lang='lat' dir='ltr'><strong>ut</strong></span> <span class='ocrx_word' id='word_1_329' title='bbox 304 2266 338 2299; x_wconf 86' lang='lat' dir='ltr'><strong>et</strong></span> <span class='ocrx_word' id='word_1_330' title='bbox 374 2262 462 2299; x_wconf 90' lang='lat' dir='ltr'><strong>hinc</strong></span> <span class='ocrx_word' id='word_1_331' title='bbox 496 2265 681 2311; x_wconf 84' lang='lat' dir='ltr'><strong>appareat,</strong></span> <span class='ocrx_word' id='word_1_332' title='bbox 716 2261 852 2297; x_wconf 84' lang='lat' dir='ltr'><strong>Filium</strong></span> <span class='ocrx_word' id='word_1_333' title='bbox 888 2260 968 2306; x_wconf 85' lang='lat' dir='ltr'><strong>Dei,</strong></span> <span class='ocrx_word' id='word_1_334' title='bbox 1004 2262 1091 2298; x_wconf 89' lang='lat' dir='ltr'><strong>licet</strong></span> <span class='ocrx_word' id='word_1_335' title='bbox 1127 2261 1205 2298; x_wconf 90' lang='lat' dir='ltr'><strong>sine</strong></span> <span class='ocrx_word' id='word_1_336' title='bbox 1240 2261 1359 2299; x_wconf 87' lang='lat' dir='ltr'><strong>Patris</strong></span> <span class='ocrx_word' id='word_1_337' title='bbox 1395 2261 1558 2299; x_wconf 90' lang='lat' dir='ltr'><strong>hominis</strong></span> 
     </span>
     <span class='ocr_line' id='line_1_34' title="bbox 47 2325 1554 2375; baseline -0.002 -10"><span class='ocrx_word' id='word_1_338' title='bbox 47 2327 251 2365; x_wconf 86' lang='lat' dir='ltr'><strong>ministerio</strong></span> <span class='ocrx_word' id='word_1_339' title='bbox 281 2326 336 2374; x_wconf 86' lang='lat' dir='ltr'><strong>(id</strong></span> <span class='ocrx_word' id='word_1_340' title='bbox 364 2326 458 2363; x_wconf 87' lang='lat' dir='ltr'><strong>enim</strong></span> <span class='ocrx_word' id='word_1_341' title='bbox 490 2325 624 2362; x_wconf 87' lang='lat' dir='ltr'><strong>diserte</strong></span> <span class='ocrx_word' id='word_1_342' title='bbox 650 2325 696 2362; x_wconf 89' lang='lat' dir='ltr'><strong>ab</strong></span> <span class='ocrx_word' id='word_1_343' title='bbox 724 2326 855 2374; x_wconf 84' lang='lat' dir='ltr'><strong>angelo</strong></span> <span class='ocrx_word' id='word_1_344' title='bbox 883 2330 918 2363; x_wconf 88' lang='lat' dir='ltr'><strong>et</strong></span> <span class='ocrx_word' id='word_1_345' title='bbox 945 2326 1088 2374; x_wconf 73' lang='lat' dir='ltr'><strong>virgine</strong></span> <span class='ocrx_word' id='word_1_346' title='bbox 1114 2326 1194 2375; x_wconf 85' lang='lat' dir='ltr'><strong>ipsa</strong></span> <span class='ocrx_word' id='word_1_347' title='bbox 1220 2329 1336 2363; x_wconf 88' lang='lat' dir='ltr'><strong>matre</strong></span> <span class='ocrx_word' id='word_1_348' title='bbox 1363 2325 1554 2372; x_wconf 88' lang='lat' dir='ltr'><strong>docemur)</strong></span> 
     </span>
     <span class='ocr_line' id='line_1_35' title="bbox 47 2389 1554 2440; baseline -0.002 -11"><span class='ocrx_word' id='word_1_349' title='bbox 47 2405 133 2437; x_wconf 89' lang='lat' dir='ltr'><strong>,non</strong></span> <span class='ocrx_word' id='word_1_350' title='bbox 162 2391 234 2429; x_wconf 85' lang='lat' dir='ltr'><strong>alio</strong></span> <span class='ocrx_word' id='word_1_351' title='bbox 261 2396 383 2428; x_wconf 87' lang='lat' dir='ltr'><strong>tamen</strong></span> <span class='ocrx_word' id='word_1_352' title='bbox 411 2390 485 2427; x_wconf 91' lang='lat' dir='ltr'><strong>ullo</strong></span> <span class='ocrx_word' id='word_1_353' title='bbox 515 2389 623 2426; x_wconf 85' lang='lat' dir='ltr'><strong>modo</strong></span> <span class='ocrx_word' id='word_1_354' title='bbox 644 2389 885 2440; x_wconf 84' lang='lat' dir='ltr'><strong>participasse</strong></span> <span class='ocrx_word' id='word_1_355' title='bbox 904 2390 1005 2427; x_wconf 88' lang='lat' dir='ltr'><strong>carni</strong></span> <span class='ocrx_word' id='word_1_356' title='bbox 1022 2393 1057 2427; x_wconf 89' lang='lat' dir='ltr'><strong>et</strong></span> <span class='ocrx_word' id='word_1_357' title='bbox 1074 2389 1248 2438; x_wconf 82' lang='lat' dir='ltr'><strong>sanguini</strong></span> <span class='ocrx_word' id='word_1_358' title='bbox 1268 2390 1385 2440; x_wconf 88' lang='lat' dir='ltr'><strong>(quod</strong></span> <span class='ocrx_word' id='word_1_359' title='bbox 1404 2390 1554 2439; x_wconf 88' lang='lat' dir='ltr'><strong>quidem</strong></span> 
     </span>
     <span class='ocr_line' id='line_1_36' title="bbox 47 2452 1555 2504; baseline -0.002 -12"><span class='ocrx_word' id='word_1_360' title='bbox 47 2455 92 2492; x_wconf 88' lang='lat' dir='ltr'><strong>ad</strong></span> <span class='ocrx_word' id='word_1_361' title='bbox 120 2455 247 2492; x_wconf 89' lang='lat' dir='ltr'><strong>matris</strong></span> <span class='ocrx_word' id='word_1_362' title='bbox 273 2466 466 2504; x_wconf 88' lang='lat' dir='ltr'><strong>personam</strong></span> <span class='ocrx_word' id='word_1_363' title='bbox 495 2453 638 2495; x_wconf 86' lang='lat' dir='ltr'><strong>attinet,</strong></span> <span class='ocrx_word' id='word_1_364' title='bbox 666 2452 704 2488; x_wconf 91' lang='lat' dir='ltr'><strong>in</strong></span> <span class='ocrx_word' id='word_1_365' title='bbox 733 2464 804 2501; x_wconf 87' lang='lat' dir='ltr'><strong>qua</strong></span> <span class='ocrx_word' id='word_1_366' title='bbox 824 2452 919 2489; x_wconf 89' lang='lat' dir='ltr'><strong>nihil</strong></span> <span class='ocrx_word' id='word_1_367' title='bbox 936 2456 1128 2503; x_wconf 84' lang='lat' dir='ltr'><strong>exceptum</strong></span> <span class='ocrx_word' id='word_1_368' title='bbox 1146 2452 1332 2501; x_wconf 83' lang='lat' dir='ltr'><strong>legimus),</strong></span> <span class='ocrx_word' id='word_1_369' title='bbox 1352 2465 1461 2502; x_wconf 88' lang='lat' dir='ltr'><strong>quam</strong></span> <span class='ocrx_word' id='word_1_370' title='bbox 1480 2452 1555 2489; x_wconf 88' lang='lat' dir='ltr'><strong>illis</strong></span> 
     </span>
     <span class='ocr_line' id='line_1_37' title="bbox 44 2515 1555 2569; baseline -0.003 -14"><span class='ocrx_word' id='word_1_371' title='bbox 44 2518 148 2569; x_wconf 87' lang='lat' dir='ltr'><strong>pueri</strong></span> <span class='ocrx_word' id='word_1_372' title='bbox 183 2521 290 2555; x_wconf 87' lang='lat' dir='ltr'><strong>antea</strong></span> <span class='ocrx_word' id='word_1_373' title='bbox 325 2515 679 2554; x_wconf 84' lang='lat' dir='ltr'><strong>communicassent:</strong></span> <span class='ocrx_word' id='word_1_374' title='bbox 708 2515 842 2552; x_wconf 85' lang='lat' dir='ltr'><strong>nedum</strong></span> <span class='ocrx_word' id='word_1_375' title='bbox 870 2519 910 2552; x_wconf 93' lang='lat' dir='ltr'><strong>ut</strong></span> <span class='ocrx_word' id='word_1_376' title='bbox 936 2515 1010 2552; x_wconf 93' lang='lat' dir='ltr'><strong>ullo</strong></span> <span class='ocrx_word' id='word_1_377' title='bbox 1038 2527 1057 2552; x_wconf 93' lang='lat' dir='ltr'><strong>e</strong></span> <span class='ocrx_word' id='word_1_378' title='bbox 1086 2515 1200 2559; x_wconf 90' lang='lat' dir='ltr'><strong>coelo,</strong></span> <span class='ocrx_word' id='word_1_379' title='bbox 1226 2515 1284 2552; x_wconf 91' lang='lat' dir='ltr'><strong>vel</strong></span> <span class='ocrx_word' id='word_1_380' title='bbox 1309 2515 1555 2564; x_wconf 87' lang='lat' dir='ltr'><strong>undecunque</strong></span> 
     </span>
     <span class='ocr_line' id='line_1_38' title="bbox 45 2577 1553 2633; baseline -0.004 -13"><span class='ocrx_word' id='word_1_381' title='bbox 45 2582 206 2628; x_wconf 87' lang='lat' dir='ltr'><strong>aliunde,</strong></span> <span class='ocrx_word' id='word_1_382' title='bbox 233 2595 341 2633; x_wconf 89' lang='lat' dir='ltr'><strong>quam</strong></span> <span class='ocrx_word' id='word_1_383' title='bbox 371 2595 389 2618; x_wconf 88' lang='lat' dir='ltr'><strong>e</strong></span> <span class='ocrx_word' id='word_1_384' title='bbox 416 2580 542 2617; x_wconf 84' lang='lat' dir='ltr'><strong>matris</strong></span> <span class='ocrx_word' id='word_1_385' title='bbox 570 2579 776 2616; x_wconf 87' lang='lat' dir='ltr'><strong>substantia</strong></span> <span class='ocrx_word' id='word_1_386' title='bbox 804 2591 951 2616; x_wconf 88' lang='lat' dir='ltr'><strong>carnem</strong></span> <span class='ocrx_word' id='word_1_387' title='bbox 980 2578 1118 2616; x_wconf 87' lang='lat' dir='ltr'><strong>Christi</strong></span> <span class='ocrx_word' id='word_1_388' title='bbox 1144 2579 1192 2626; x_wconf 89' lang='lat' dir='ltr'><strong>(C</strong></span> <span class='ocrx_word' id='word_1_389' title='bbox 1218 2578 1281 2622; x_wconf 73' lang='lat' dir='ltr'><strong>iib)</strong></span> <span class='ocrx_word' id='word_1_390' title='bbox 1309 2577 1462 2615; x_wconf 90' lang='lat' dir='ltr'><strong>Domini</strong></span> <span class='ocrx_word' id='word_1_391' title='bbox 1490 2578 1553 2614; x_wconf 86' lang='lat' dir='ltr'><strong>de-</strong></span> 
     </span>
     <span class='ocr_line' id='line_1_39' title="bbox 45 2641 1554 2696; baseline -0.005 -11"><span class='ocrx_word' id='word_1_392' title='bbox 45 2647 191 2684; x_wconf 86' lang='lat' dir='ltr'><strong>ductam</strong></span> <span class='ocrx_word' id='word_1_393' title='bbox 219 2660 295 2684; x_wconf 84' lang='lat' dir='ltr'><strong>esse</strong></span> <span class='ocrx_word' id='word_1_394' title='bbox 322 2650 502 2696; x_wconf 88' lang='lat' dir='ltr'><strong>putemus.</strong></span> <span class='ocrx_word' id='word_1_395' title='bbox 550 2643 622 2680; x_wconf 87' lang='lat' dir='ltr'><strong>Sed</strong></span> <span class='ocrx_word' id='word_1_396' title='bbox 650 2655 794 2679; x_wconf 91' lang='lat' dir='ltr'><strong>omnem</strong></span> <span class='ocrx_word' id='word_1_397' title='bbox 823 2655 971 2692; x_wconf 85' lang='lat' dir='ltr'><strong>prorsus</strong></span> <span class='ocrx_word' id='word_1_398' title='bbox 999 2641 1271 2679; x_wconf 85' lang='lat' dir='ltr'><strong>dubitationem</strong></span> <span class='ocrx_word' id='word_1_399' title='bbox 1297 2642 1435 2679; x_wconf 88' lang='lat' dir='ltr'><strong>tollunt</strong></span> <span class='ocrx_word' id='word_1_400' title='bbox 1461 2641 1554 2678; x_wconf 88' lang='lat' dir='ltr'><strong>rcci-</strong></span> 
     </span>
     <span class='ocr_line' id='line_1_40' title="bbox 42 2703 1553 2762; baseline -0.005 -14"><span class='ocrx_word' id='word_1_401' title='bbox 42 2724 175 2762; x_wconf 86' lang='lat' dir='ltr'><strong>procae</strong></span> <span class='ocrx_word' id='word_1_402' title='bbox 203 2723 311 2748; x_wconf 90' lang='lat' dir='ltr'><strong>voces</strong></span> <span class='ocrx_word' id='word_1_403' title='bbox 339 2709 497 2752; x_wconf 83' lang='lat' dir='ltr'><strong>additae,</strong></span> <span class='ocrx_word' id='word_1_404' title='bbox 533 2707 728 2744; x_wconf 66' lang='lat' dir='ltr'><strong>eorundem</strong></span> <span class='ocrx_word' id='word_1_405' title='bbox 763 2707 938 2753; x_wconf 78' lang='lat' dir='ltr'><strong>ipsorum.</strong></span> <span class='ocrx_word' id='word_1_406' title='bbox 993 2705 1099 2742; x_wconf 75' lang='lat' dir='ltr'><strong>Quae</strong></span> <span class='ocrx_word' id='word_1_407' title='bbox 1134 2705 1232 2742; x_wconf 88' lang='lat' dir='ltr'><strong>enim</strong></span> <span class='ocrx_word' id='word_1_408' title='bbox 1268 2705 1407 2754; x_wconf 88' lang='lat' dir='ltr'><strong>reliqua</strong></span> <span class='ocrx_word' id='word_1_409' title='bbox 1444 2703 1553 2740; x_wconf 86' lang='lat' dir='ltr'><strong>dubi-</strong></span> 
     </span>
     <span class='ocr_line' id='line_1_41' title="bbox 42 2766 1554 2824; baseline -0.007 -11"><span class='ocrx_word' id='word_1_410' title='bbox 42 2775 133 2813; x_wconf 87' lang='lat' dir='ltr'><strong>tatio</strong></span> <span class='ocrx_word' id='word_1_411' title='bbox 169 2787 248 2812; x_wconf 89' lang='lat' dir='ltr'><strong>esse</strong></span> <span class='ocrx_word' id='word_1_412' title='bbox 274 2777 407 2824; x_wconf 87' lang='lat' dir='ltr'><strong>potest,</strong></span> <span class='ocrx_word' id='word_1_413' title='bbox 434 2772 569 2808; x_wconf 85' lang='lat' dir='ltr'><strong>Filium</strong></span> <span class='ocrx_word' id='word_1_414' title='bbox 599 2769 668 2806; x_wconf 85' lang='lat' dir='ltr'><strong>Dei</strong></span> <span class='ocrx_word' id='word_1_415' title='bbox 694 2773 843 2805; x_wconf 85' lang='lat' dir='ltr'><strong>nostrae</strong></span> <span class='ocrx_word' id='word_1_416' title='bbox 869 2771 904 2805; x_wconf 89' lang='lat' dir='ltr'><strong>et</strong></span> <span class='ocrx_word' id='word_1_417' title='bbox 930 2768 1068 2805; x_wconf 88' lang='lat' dir='ltr'><strong>nullius</strong></span> <span class='ocrx_word' id='word_1_418' title='bbox 1095 2768 1245 2805; x_wconf 86' lang='lat' dir='ltr'><strong>alterius</strong></span> <span class='ocrx_word' id='word_1_419' title='bbox 1274 2768 1406 2811; x_wconf 87' lang='lat' dir='ltr'><strong>carnis,</strong></span> <span class='ocrx_word' id='word_1_420' title='bbox 1433 2766 1554 2803; x_wconf 88' lang='lat' dir='ltr'><strong>nostri</strong></span> 
     </span>
     <span class='ocr_line' id='line_1_42' title="bbox 41 2830 1554 2882; baseline -0.007 -5"><span class='ocrx_word' id='word_1_421' title='bbox 41 2839 127 2876; x_wconf 88' lang='lat' dir='ltr'><strong>item</strong></span> <span class='ocrx_word' id='word_1_422' title='bbox 155 2843 191 2877; x_wconf 91' lang='lat' dir='ltr'><strong>et</strong></span> <span class='ocrx_word' id='word_1_423' title='bbox 218 2839 357 2876; x_wconf 90' lang='lat' dir='ltr'><strong>nullius</strong></span> <span class='ocrx_word' id='word_1_424' title='bbox 385 2836 534 2875; x_wconf 88' lang='lat' dir='ltr'><strong>alterius</strong></span> <span class='ocrx_word' id='word_1_425' title='bbox 563 2832 754 2882; x_wconf 85' lang='lat' dir='ltr'><strong>sanguinis</strong></span> <span class='ocrx_word' id='word_1_426' title='bbox 780 2832 996 2882; x_wconf 86' lang='lat' dir='ltr'><strong>participem</strong></span> <span class='ocrx_word' id='word_1_427' title='bbox 1023 2832 1162 2869; x_wconf 88' lang='lat' dir='ltr'><strong>factum</strong></span> <span class='ocrx_word' id='word_1_428' title='bbox 1188 2845 1278 2875; x_wconf 91' lang='lat' dir='ltr'><strong>esse,</strong></span> <span class='ocrx_word' id='word_1_429' title='bbox 1301 2844 1380 2868; x_wconf 91' lang='lat' dir='ltr'><strong>cum</strong></span> <span class='ocrx_word' id='word_1_430' title='bbox 1401 2830 1554 2880; x_wconf 84' lang='lat' dir='ltr'><strong>ipsemet</strong></span> 
     </span>
     <span class='ocr_line' id='line_1_43' title="bbox 43 2896 1550 2954; baseline -0.007 -12"><span class='ocrx_word' id='word_1_431' title='bbox 43 2903 112 2941; x_wconf 90' lang='lat' dir='ltr'><strong>Dei</strong></span> <span class='ocrx_word' id='word_1_432' title='bbox 147 2903 307 2954; x_wconf 84' lang='lat' dir='ltr'><strong>Spiritus</strong></span> <span class='ocrx_word' id='word_1_433' title='bbox 334 2915 398 2954; x_wconf 84' lang='lat' dir='ltr'><strong>per</strong></span> <span class='ocrx_word' id='word_1_434' title='bbox 425 2914 465 2938; x_wconf 88' lang='lat' dir='ltr'><strong>os</strong></span> <span class='ocrx_word' id='word_1_435' title='bbox 491 2899 597 2937; x_wconf 87' lang='lat' dir='ltr'><strong>Pauli</strong></span> <span class='ocrx_word' id='word_1_436' title='bbox 623 2902 790 2941; x_wconf 85' lang='lat' dir='ltr'><strong>testetur,</strong></span> <span class='ocrx_word' id='word_1_437' title='bbox 816 2896 921 2934; x_wconf 90' lang='lat' dir='ltr'><strong>illum</strong></span> <span class='ocrx_word' id='word_1_438' title='bbox 947 2897 1165 2947; x_wconf 86' lang='lat' dir='ltr'><strong>participem</strong></span> <span class='ocrx_word' id='word_1_439' title='bbox 1192 2896 1330 2934; x_wconf 87' lang='lat' dir='ltr'><strong>factum</strong></span> <span class='ocrx_word' id='word_1_440' title='bbox 1358 2907 1447 2940; x_wconf 87' lang='lat' dir='ltr'><strong>esse,</strong></span> <span class='ocrx_word' id='word_1_441' title='bbox 1474 2906 1550 2932; x_wconf 89' lang='lat' dir='ltr'><strong>non</strong></span> 
     </span>
    </p>
   </div>
   <div class='ocr_carea' id='block_1_3' title="bbox 93 2960 1401 3008">
    <p class='ocr_par' dir='ltr' id='par_1_3' title="bbox 93 2960 1401 3008">
     <span class='ocr_line' id='line_1_44' title="bbox 93 2960 1401 3008; baseline -0.002 0"><span class='ocrx_word' id='word_1_442' title='bbox 93 2967 128 3008; x_wconf 89' lang='grc' dir='ltr'><strong>Ι.</strong></span> <span class='ocrx_word' id='word_1_443' title='bbox 1380 2960 1401 2996; x_wconf 82' lang='lat'><strong>2</strong></span> 
     </span>
    </p>
   </div>
  </div>
 </body>
</html>
