1818 3178
736 169 977 199 PRAEFATIO.
1541 174 1626 202 XXV

105 275 163 316 sic
202 274 339 330 potius
385 272 662 315 efficacissime
702 274 888 317 diluetur
927 275 1030 318 haec
1073 278 1275 332 quaestio,
1311 283 1355 320 ut
1384 284 1553 329 statuas,
1584 282 1626 323 in

104 345 231 388 Lasci
261 360 437 402 operum
469 346 768 401 conquisitione
799 363 846 388 ea
879 362 1046 404 quoque
1077 349 1312 406 colligenda
1343 365 1442 400 esse,
1476 351 1628 407 quibus

106 418 147 459 in
190 417 477 460 coadiutorum
520 419 649 474 ipsius
680 435 852 476 operum
887 420 1132 463 collectione
1164 422 1281 464 locus
1311 429 1423 465 certe
1454 423 1627 467 daretur

104 489 260 532 nullus
291 489 549 546 Praecipuus
580 498 719 533 autem
751 498 792 533 et
820 491 946 548 longe
978 493 1199 548 primarias
1230 495 1271 536 in
1303 495 1352 537 iis
1373 510 1628 552 componen-

105 562 165 604 dis
209 562 392 604 Lascum
433 563 565 619 egisse
605 570 743 618 partes
787 570 872 604 tam
903 570 1014 605 certe
1046 572 1085 606 et
1116 565 1344 609 indubitate
1375 575 1547 617 constat,
1582 575 1628 610 ut

103 634 188 676 sive
219 635 431 676 Mieronio
466 635 550 676 sive
582 634 824 677 Utenhovio
854 634 928 676 illa
958 635 1145 678 tribuere
1176 639 1333 680 nemini
1365 655 1551 696 unquam
1584 640 1626 682 in

103 712 285 748 mentem
318 707 492 748 veniret..
539 706 756 749 Ferantur
785 707 916 764 igitur
947 722 1049 763 pace
1080 709 1270 751 omnium
1300 710 1426 752 Lasci
1458 711 1627 753 nomine

104 793 211 834 quae
241 778 355 819 omni
386 778 554 819 nomine
585 778 924 830 destituerentur,
955 778 988 820 si
1019 778 1145 821 Lasci
1177 788 1351 836 paterna
1374 782 1627 826 orbarentur

102 850 244 892 tutela.

159 923 211 966 In
244 925 418 967 materia
450 923 730 966 distribuenda
760 922 915 980 duplex
948 924 1116 980 patebat
1148 925 1227 968 via.
1289 925 1519 969 Enimvero
1554 933 1626 970 aut

101 998 300 1052 temporis
345 996 507 1048 seriem,
555 1002 626 1037 aut
656 996 896 1052 argumenti
929 996 1132 1038 rationem
1167 995 1315 1039 ducem
1348 1000 1465 1054 sequi
1496 1005 1627 1055 potes,

102 1067 455 1123 Chronologicam
501 1067 690 1119 alteram,
733 1067 907 1109 alteram
958 1068 1261 1124 pragmaticam
1296 1071 1538 1125 argumenti
1568 1069 1628 1112 di-

99 1140 389 1182 stributionem
422 1145 585 1180 vocant.
620 1138 746 1181 Hanc
776 1146 955 1192 secutus,
986 1138 1103 1181 illam
1134 1140 1175 1181 in
1199 1139 1448 1183 divisionum
1472 1142 1627 1184 iterum

101 1212 320 1268 partitione
350 1210 495 1252 sedulo
526 1210 747 1253 observare
780 1211 1019 1254 voluissem.
1052 1211 1160 1253 Mox
1192 1219 1331 1254 autem
1365 1212 1416 1254 ab
1437 1213 1627 1255 instituto

101 1300 166 1326 me
210 1282 373 1340 digredi
414 1291 454 1325 et
499 1283 693 1326 recedere
733 1285 862 1336 iussit,
907 1285 1026 1334 eheu,
1073 1285 1298 1341 imperiosa
1337 1286 1573 1337 necessitas,
1605 1302 1628 1328 e

98 1355 384 1413 supellectilis,
428 1355 477 1398 de
510 1371 594 1412 qua
625 1372 753 1412 supra
782 1357 863 1399 iam
896 1356 1072 1410 dictum,
1106 1365 1295 1400 extrema
1327 1358 1498 1400 raritate
1531 1373 1629 1414 pro-

99 1428 218 1472 fecta.
261 1426 435 1481 Quoties
475 1428 582 1469 enim
629 1428 853 1484 requisitus
886 1427 1053 1470 libellus
1084 1428 1271 1470 nondum
1305 1428 1462 1478 aderat,
1495 1432 1628 1471 donec

99 1500 257 1542 adesset
297 1499 349 1542 ob
379 1499 512 1542 solum
545 1499 788 1542 libellorum
819 1500 1006 1542 ordinem
1042 1500 1211 1543 differre
1243 1501 1480 1548 editionem,
1514 1508 1626 1544 veta-

98 1571 166 1614 bat
208 1571 438 1613 studiorum
475 1572 580 1613 ratio
613 1578 652 1613 et
683 1573 1049 1629 typographorum
1083 1573 1374 1616 commodum:
1408 1573 1451 1615 ni
1482 1581 1625 1615 vetue-

97 1650 174 1696 rat,
208 1645 403 1686 vetuisset
436 1651 573 1686 tamen
606 1645 847 1687 continuam
882 1661 1052 1687 servare
1083 1646 1234 1688 seriem
1262 1645 1626 1689 conclamatorum

95 1718 177 1759 iam
219 1717 439 1773 repentina
485 1733 507 1758 e
555 1718 730 1759 mortuis
773 1719 1041 1767 resurrectio,
1087 1733 1211 1774 quam
1257 1733 1384 1774 supra
1431 1719 1471 1760 in
1510 1720 1624 1773 Epis.

96 1792 217 1832 doctr.
248 1789 360 1831 Eoel.
392 1790 491 1831 Plcr.
529 1790 680 1832 Orient.
714 1790 841 1832 verbo
873 1791 1138 1833 monuimus:
1173 1791 1366 1832 vetuisset
1398 1791 1521 1832 etiam
1555 1806 1624 1833 su·

97 1861 181 1904 bita
236 1869 360 1917 atque
408 1862 576 1918 inopina
623 1862 841 1919 hucusque
881 1878 1058 1919 prorsus
1108 1863 1353 1919 ignotorum
1401 1863 1623 1919 apparitio,

97 1932 230 1989 qualis
270 1933 312 1974 in
344 1933 432 1974 eius
463 1935 551 1975 adv.
586 1933 754 1975 Hosium
785 1935 1038 1988 responsione
1071 1933 1204 1974 obiter
1236 1933 1489 1975 mentionem
1525 1933 1623 1975 feci-

97 2020 203 2049 mus.
264 2003 415 2060 Itaque
445 2020 523 2061 pro
554 2003 795 2046 libellorum
828 2005 952 2047 Lasci
985 2013 1137 2047 natura
1168 2012 1295 2060 atque
1326 2004 1466 2047 indole
1498 2021 1623 2061 opus-

97 2077 195 2119 cula
238 2077 325 2118 eius
366 2077 579 2133 tripartito
623 2077 680 2119 sic
711 2077 1033 2133 dispertivimus,
1068 2084 1114 2118 ut
1145 2077 1317 2119 seorsim
1350 2077 1622 2134 colligantur,

97 2165 204 2206 quae
244 2151 467 2205 doymatiea
513 2155 552 2192 et
582 2151 779 2203 polemiea
822 2150 1053 2192 condiderit
1098 2149 1217 2206 (haec
1248 2150 1505 2192 coniunctim
1537 2151 1622 2207 pri-

96 2238 214 2266 mum
260 2222 457 2264 volumen
499 2222 710 2279 explent):
753 2223 973 2278 separatim
1009 2237 1137 2278 porro
1168 2223 1467 2278 conquiremus
1500 2224 1622 2265 litur-

90 2296 180 2349 μέσα
227 2300 265 2336 et
309 2295 516 2350 symbolica
562 2295 650 2335 eius
690 2294 858 2350 scripta,
893 2302 933 2336 et
963 2294 1112 2336 ultimo
1143 2294 1322 2350 denique
1354 2294 1447 2336 loco
1479 2310 1624 2338 omnes

95 2381 180 2408 una
219 2366 306 2408 eius
338 2365 550 2419 Epistolas
581 2366 621 2407 in
653 2366 735 2408 fine
766 2382 1028 2423 seponemus.
1093 2367 1330 2420 Doymatioa
1366 2382 1388 2408 a
1412 2368 1624 2420 polemicis

93 2437 291 2480 divellere
334 2437 488 2479 idcirco
529 2437 658 2489 nolui,
692 2438 804 2493 quod
836 2439 1027 2480 subtilior
1057 2438 1130 2481 illa
1163 2439 1370 2480 distinctio
1400 2438 1620 2482 videbatur

94 2511 134 2552 in
182 2509 363 2560 homine,
412 2511 484 2566 qui
531 2525 765 2566 numquam
796 2512 872 2552 nisi
903 2510 1139 2568 dogmatice
1170 2510 1448 2567 polemizavit‚
1482 2527 1621 2568 neque

95 2582 389 2639 dogmatizavit
438 2582 507 2639 (sit
558 2583 677 2624 venia
723 2582 985 2638 barbariael)
1035 2584 1111 2625 nisi
1144 2583 1359 2639 polemicis
1390 2582 1440 2624 de
1473 2585 1620 2626 causis.

92 2653 415 2710 Liturgicorum
448 2669 546 2696 vero
577 2662 616 2696 et
644 2654 972 2711 symbolicorum
996 2654 1072 2696 sub
1095 2670 1180 2697 una
1204 2654 1400 2696 divisione
1424 2655 1623 2696 coniunc-

92 2726 149 2768 tio
195 2725 242 2767 iis
288 2724 408 2767 facile
449 2724 710 2782 probabitur,
743 2727 815 2783 qui
847 2725 1018 2768 dubiam
1049 2733 1089 2768 et
1119 2725 1361 2782 ambiguam
1395 2727 1618 2782 utriusque

91 2797 256 2853 generis
297 2797 563 2852 scriptorum,
617 2797 657 2838 in
711 2796 985 2839 Catecliismis
1015 2798 1278 2853 praesertim,
1312 2797 1616 2840 distinctionem

93 2882 254 2909 mecum
307 2866 461 2911 dolent.
525 2865 614 2909 Sub
655 2868 861 2923 tripertita
904 2867 981 2910 hac
1027 2867 1226 2909 divisione
1267 2867 1434 2924 singula
1477 2874 1616 2910 autem

88 2938 241 2998 scripta
279 2937 398 2983 nullo
441 2939 642 3001 temporis
684 2938 902 2982 observato
943 2937 1089 2986 ordine
1121 2939 1293 2986 confusa
1324 2938 1420 2980 satis
1451 2945 1490 2980 et
1523 2954 1615 2997 per-
