1818 3178
179 113 254 149 494
833 121 887 146 ar.
919 119 1061 146 Docrr..

179 222 267 260 ferri
295 225 430 273 potest.
460 222 610 259 Certum
641 233 802 271 namque
828 223 883 257 est
911 219 1078 257 mandati
1103 219 1400 268 transgressione
1426 222 1604 256 mutatam
1625 230 1704 257 esse

178 299 200 324 a
226 287 348 338 priore
376 286 577 336 archetypo
606 285 728 324 nostri
754 283 969 333 imaginem,
996 296 1039 321 ac
1066 283 1313 334 promissione
1348 296 1477 321 rursus
1505 282 1544 320 in
1571 282 1702 321 eodem

178 350 261 401 ipso
292 348 454 394 homine,
479 348 520 386 in
548 362 623 400 quo
650 352 686 387 et
713 351 857 386 mutata
884 347 1017 394 fuerat,
1039 347 1262 385 restitutam.
1293 347 1490 385 Quatenus
1507 346 1623 396 igitur
1647 346 1703 384 vel

179 412 345 451 mandati
391 413 692 462 transgressione
736 417 918 451 mutatam
954 412 1012 449 vel
1044 411 1292 463 promissione
1332 424 1460 449 rursus
1495 411 1705 449 restitutam

179 490 258 516 esse
294 476 649 528 deprehenderimus
685 477 805 515 nostri
845 476 1061 525 imaginem,
1097 476 1277 514 hactenus
1314 489 1383 514 nos
1410 479 1562 525 peccato
1591 475 1703 512 etiam

181 541 369 581 subiectos
405 555 485 580 esse
522 542 712 581 debemus.
769 541 935 579 Primum
971 544 1096 579 autem
1131 540 1270 578 intueri
1306 552 1375 578 nos
1401 544 1548 591 oportet
1574 540 1705 578 arche-

178 612 310 658 typum
348 610 521 645 nostrum
547 611 589 644 ut
617 606 767 644 demum
803 609 983 656 quantum
1022 605 1069 643 ab
1108 618 1150 643 eo
1179 617 1280 643 nunc
1307 604 1473 643 absimus
1499 605 1706 656 perspicere

182 671 382 722 possimus,
428 670 608 709 Condidit
635 671 752 720 igitur
781 670 970 708 hominem
997 669 1099 708 Deus
1126 669 1172 707 ad
1200 668 1402 718 imaginem
1428 673 1466 707 et
1494 668 1706 707 similitudi-

182 748 267 773 nem
295 748 414 781 suam,
439 739 481 773 ut
508 734 819 785 quemadmodum
851 733 948 772 Deus
976 733 1161 771 Dominus
1188 738 1243 771 est
1270 733 1449 777 omnium,
1474 733 1526 770 ita
1544 736 1580 770 et
1595 732 1707 771 homo

181 804 300 838 terrae
341 799 458 837 totius
492 799 689 850 imperium
719 798 904 836 obtineret
932 802 968 837 et
995 798 1130 836 mentis
1158 797 1297 835 iudicio
1327 798 1404 836 Deo
1433 797 1707 848 quodammodo

182 863 315 901 similis
350 867 458 902 esset.
497 863 570 901 Sed
607 864 786 914 quoniam
823 863 896 901 hoc
932 863 1002 901 Dei
1028 863 1150 913 gloria
1178 863 1368 914 poscebat,
1394 862 1708 914 quemadmodum

183 928 345 966 diximus
374 928 473 966 circa
501 928 650 967 divinae
677 928 840 966 iustitiae
869 927 1220 973 considerationem,
1247 932 1288 966 ut
1316 932 1481 966 creatura
1509 930 1711 965 acreatore

183 1005 331 1030 omnem
370 1005 474 1030 suam
512 992 669 1030 salutem
706 997 742 1030 et
780 992 998 1030 felicitatem
1024 994 1166 1043 peteret
1193 995 1304 1043 atque
1331 993 1442 1030 etiam
1468 996 1711 1043 exspectaret,

182 1058 258 1097 tale
293 1057 391 1096 inter
428 1071 466 1096 se
502 1063 539 1096 et
570 1071 639 1095 nos
674 1057 874 1096 discrimen
912 1061 1075 1095 statuere
1101 1058 1232 1103 voluit,
1260 1061 1299 1096 ut
1325 1058 1405 1109 ipse
1437 1057 1587 1109 quidem
1616 1060 1710 1098 ἀνοι-

184 1129 401 1175 ,maipa-moa
430 1136 498 1161 nos
524 1126 651 1161 tamen
680 1123 718 1161 in
747 1123 829 1161 Ada
859 1136 987 1161 omnes
1016 1123 1109 1161 tales
1139 1123 1283 1167 crearit,
1311 1123 1376 1174 qui
1401 1135 1554 1174 peccare
1580 1135 1709 1174 posse·

185 1202 279 1235 mus,
313 1201 507 1239 possemus
543 1188 633 1226 item
660 1188 772 1225 etiam
800 1201 876 1225 non
904 1200 1071 1239 peccare,
1100 1187 1132 1225 si
1158 1188 1280 1225 Adam
1308 1188 1366 1225 illi
1392 1201 1457 1239 per
1486 1200 1591 1225 suam
1620 1188 1710 1225 obe·

187 1254 364 1292 dientiam
403 1253 645 1291 adhaesisset.
701 1253 859 1291 Ere-mus
896 1266 985 1303 ergo
1013 1254 1050 1291 in
1080 1253 1220 1291 lumbis
1250 1254 1354 1291 Adae
1380 1253 1596 1305 priusquam
1623 1266 1711 1305 pec-

190 1323 309 1356 casset
338 1318 492 1356 Domini
519 1322 649 1362 terrae,
677 1331 821 1356 eramus
848 1322 972 1355 mente
999 1318 1098 1356 bona
1126 1318 1172 1356 ad
1202 1318 1270 1355 Dei
1298 1318 1579 1356 similitudinem
1607 1330 1711 1368 prae-

187 1382 270 1427 diti,
297 1382 343 1420 ad
373 1383 463 1420 haec
490 1370 610 1420 sancti
638 1382 762 1426 etiam,
789 1382 852 1420 sed
881 1382 946 1433 qui
972 1382 1101 1420 addita
1121 1382 1232 1419 nobis
1250 1383 1441 1420 voluntate
1458 1382 1497 1420 in
1517 1387 1711 1433 utramque

187 1451 329 1499 partem
356 1447 471 1485 flexili
498 1460 650 1498 peccare
677 1450 902 1498 poteramus,
931 1447 1043 1498 idque
1068 1451 1110 1485 ut
1138 1447 1443 1496 intelligeremus,
1470 1460 1546 1485 non
1573 1447 1613 1485 in
1641 1461 1711 1485 no·

189 1512 248 1549 bis
274 1510 364 1562 ipsis
394 1511 500 1548 sitam
539 1524 618 1548 esse
655 1510 812 1548 salutem
848 1515 1027 1557 nostram,
1054 1510 1117 1549 sed
1145 1524 1226 1549 eam
1254 1525 1274 1549 a
1302 1510 1380 1548 Deo
1409 1511 1488 1549 solo
1516 1511 1597 1560 (cui
1623 1511 1714 1550 haec

191 1575 348 1614 debetur
383 1575 523 1625 gloria)
559 1580 595 1614 et
628 1575 704 1626 peti
740 1579 774 1613 et
811 1575 1018 1626 exspectari
1045 1579 1226 1627 oportere.
1279 1577 1404 1627 Atque
1430 1576 1492 1613 hic
1520 1580 1646 1616 noster
1673 1578 1713 1615 in

191 1639 276 1678 Ada
312 1640 536 1691 archetypus
572 1645 650 1678 erat
686 1639 904 1690 priusquam
940 1639 1048 1677 illum
1074 1640 1243 1678 mandati
1271 1639 1390 1677 divini
1416 1641 1715 1689 transgressione

191 1705 378 1744 violasset.
418 1705 615 1743 Quatenus
644 1717 729 1742 vero
758 1705 806 1742 sit
834 1704 1007 1751 violatus,
1035 1717 1078 1742 ac
1104 1708 1232 1755 postea
1260 1717 1408 1742 rursum
1443 1705 1648 1750 restitutus,
1675 1705 1714 1742 id

192 1782 238 1807 ex
265 1767 527 1806 mandatorum
554 1773 591 1807 et
617 1768 908 1819 promissionum
937 1767 1109 1806 doctrina
1126 1768 1330 1819 apparebit.
1360 1768 1428 1806 Est
1446 1774 1566 1807 autem
1588 1769 1714 1807 eadem

193 1833 362 1872 mandati
388 1833 491 1871 illius
519 1833 624 1871 Adae
651 1833 822 1885 imperati
851 1837 886 1871 et
914 1833 1006 1883 legis
1033 1846 1097 1884 per
1127 1833 1260 1871 Mosen
1286 1834 1383 1871 latae
1410 1837 1553 1872 natura.
1607 1834 1657 1873 Et
1684 1835 1714 1872 si

193 1898 268 1937 vim
305 1898 503 1936 verborum
542 1901 602 1946 (9)
640 1898 745 1949 sequi
783 1898 968 1944 volumus,
1003 1898 1156 1947 gravior
1182 1911 1302 1949 poena
1331 1898 1481 1936 additur
1509 1911 1584 1936 non
1611 1912 1716 1950 prae-

194 1963 305 2002 stitae
331 1963 408 2012 legi
435 1977 547 2014 quam
576 1963 744 2001 mandati
771 1963 873 2001 illius
901 1963 1013 2014 primi
1039 1963 1345 2012 transgressioni.
1375 1963 1452 2001 Hic
1479 1964 1579 2002 enim
1598 1969 1718 2002 trans-

192 2028 307 2067 latam
346 2028 505 2078 legimus
541 2029 588 2066 ab
625 2028 709 2067 Ada
744 2028 784 2066 in
820 2033 958 2066 terram
995 2032 1031 2066 et
1059 2031 1268 2079 serpentem
1298 2028 1612 2075 maledictionem,
1638 2030 1718 2067 illic

195 2093 437 2132 maledictum
466 2093 660 2131 hominem
687 2093 810 2144 ipsum
838 2093 1078 2144 pronuntiari
1107 2092 1293 2137 audimus,
1320 2093 1491 2144 quisquis
1520 2107 1595 2131 non
1612 2107 1718 2144 prae-

195 2163 267 2198 stet
295 2159 397 2210 quod
425 2159 508 2208 lege
535 2163 775 2209 praeceptum
813 2157 987 2196 habetur.
1043 2157 1191 2195 Quodsi
1219 2158 1280 2195 lex
1308 2170 1384 2195 non
1411 2171 1559 2196 omnem
1586 2158 1718 2196 inobe-

195 2223 379 2262 dientiam
416 2223 530 2260 morti
557 2222 731 2273 protinus
759 2226 932 2260 aeternae
959 2221 1113 2266 addicit,
1141 2235 1188 2259 ne
1214 2222 1391 2260 mandato
1420 2222 1569 2273 quidem
1597 2223 1718 2273 primo

193 2288 260 2325 illo
290 2288 402 2326 aliam
430 2286 726 2325 inobedientiam
755 2286 823 2324 sub
852 2289 1009 2324 mortem
1038 2289 1226 2323 aeternam
1256 2285 1425 2324 damnari
1453 2299 1562 2337 posse
1580 2286 1719 2324 intelli·

195 2366 342 2402 gamus,
378 2365 489 2403 quam
526 2365 620 2402 quae
647 2364 711 2402 per
736 2351 857 2401 legem
886 2351 1098 2389 damnatur.
1153 2350 1268 2388 Porro
1299 2364 1381 2388 cum
1408 2351 1547 2388 Paulus
1575 2350 1721 2397 doceat,

196 2416 291 2465 legis
328 2416 488 2454 officium
525 2429 605 2454 esse
634 2416 785 2467 duplex,
812 2416 970 2453 alterum
998 2419 1041 2454 ut
1077 2428 1146 2454 nos
1176 2415 1222 2453 ad
1250 2416 1441 2453 Christum
1469 2417 1581 2454 finem
1611 2430 1717 2454 suum

198 2481 370 2527 deducat,
406 2481 505 2519 unde
541 2484 577 2519 et
614 2481 734 2530 legem
762 2480 882 2531 ipsam
908 2480 1171 2531 paedagogum
1198 2481 1374 2533 appellat,
1401 2481 1559 2519 alterum
1587 2485 1629 2519 ut
1655 2481 1719 2531 qui

198 2559 237 2584 se
273 2558 315 2583 eo
355 2545 488 2583 deduci
524 2546 674 2591 nolunt,
708 2558 839 2584 omnes
880 2546 1114 2593 condemnet,
1145 2552 1286 2585 certum
1322 2546 1371 2584 sit
1397 2547 1485 2584 item
1514 2559 1534 2584 a
1563 2546 1722 2592 nemine,

197 2623 292 2662 quae
320 2610 380 2648 lex
407 2610 537 2660 exigit,
563 2611 746 2661 praestari
773 2611 929 2648 omnino
957 2623 1078 2661 posse,
1096 2632 1146 2639 -
1165 2611 1402 2661 perspicuum
1422 2614 1477 2648 est
1496 2610 1569 2648 duo
1587 2611 1720 2650 inobe-

198 2674 362 2714 dientiae
391 2687 456 2712 ceu
483 2675 627 2725 peccati
654 2680 793 2725 genera
821 2680 969 2714 exstare
996 2679 1181 2726 oportere,
1207 2676 1366 2714 alterum
1393 2688 1466 2726 quo
1494 2688 1514 2713 a
1543 2675 1618 2713 vita
1637 2676 1721 2727 qui-

197 2739 282 2779 dem
310 2743 460 2778 aeterna
488 2740 600 2778 nobis
629 2741 835 2779 constituta
863 2740 1082 2788 excidimus,
1113 2740 1176 2779 sed
1203 2753 1278 2778 non
1308 2740 1479 2792 protinus
1507 2744 1630 2779 tamen
1658 2755 1723 2791 ge-

198 2804 342 2843 hennae
378 2803 606 2851 addicimur,
641 2805 789 2843 etiamsi
826 2805 873 2843 ad
908 2805 1012 2843 illam
1040 2818 1061 2843 a
1089 2804 1164 2843 vita
1193 2804 1336 2842 exclusi
1364 2804 1537 2847 feramur,
1564 2804 1722 2844 alterum

197 2882 272 2923 quo
299 2869 411 2922 plane
437 2868 511 2907 iam
542 2867 586 2906 ad
616 2869 825 2918 gehennam
848 2869 1094 2908 detrudimur.
1125 2870 1222 2908 Sane
1241 2868 1412 2907 addictus
1432 2882 1512 2908 esse
1530 2870 1723 2920 gehennae
