1818 3178
205 97 277 133 542
848 106 907 132 ΕΡ.
936 106 1080 133 nocru.

202 205 305 244 illius
344 205 499 254 agnosci
535 204 583 241 ab
621 204 798 242 omnibus
824 218 914 243 mox
940 205 1101 256 possint,
1129 205 1200 243 hoo
1227 207 1387 256 primum
1420 206 1509 256 agit,
1537 209 1577 245 ut
1605 219 1729 245 veram

201 283 329 307 eorum
357 268 683 317 significationem,
711 282 805 319 quae
835 269 947 307 fidem
974 274 1141 307 nostram
1171 271 1345 320 omnium⁴
1363 271 1523 309 maxime
1548 271 1727 309 corrobo-

201 337 305 377 rant,
333 332 519 370 adulteret
545 336 657 383 atque
685 332 872 379 obscuret,
900 346 974 383 quo
1003 334 1174 384 adempta
1201 334 1277 371 illis
1305 347 1390 372 vera
1418 349 1460 373 ac
1487 335 1654 384 legitima
1679 334 1729 373 si-

201 396 457 445 gnificatione,
493 396 615 434 minus
649 409 802 447 peccare
828 401 958 447 postea
984 397 1025 435 in
1052 397 1273 435 invertendo
1302 411 1428 436 eorum
1458 400 1589 437 ordine
1616 400 1725 437 etiam

203 460 383 498 videatur.
423 460 485 497 Sic
513 461 602 497 olim
630 461 669 498 in
698 461 980 500 circumcisione
1007 462 1209 513 depravare
1234 476 1300 513 per
1326 463 1545 502 Pharisaeos
1574 467 1728 502 conatus

203 530 258 564 est
293 526 471 564 iustitiae
507 526 834 575 significationem,
862 540 974 577 quam
1001 527 1071 565 etsi
1102 527 1228 565 Moses
1257 527 1301 564 ad
1331 528 1534 576 gratuitam
1563 530 1727 580 imputa-

202 591 343 628 tionem
375 603 437 628 seu
464 590 760 641 acceptationem
787 591 936 634 reserat.
965 595 1074 642 atque
1102 591 1240 629 Paulus
1268 591 1355 629 item
1373 592 1472 642 fidei
1489 605 1565 630 non
1585 606 1728 642 operum

202 654 386 692 iustitiam
419 655 593 705 appellat,
630 654 944 705 quemadmodum
978 653 1066 692 ante
1102 655 1241 693 dictum
1279 660 1347 700 est.
1381 655 1460 706 ipse
1485 660 1608 694 tamen
1636 657 1728 694 mira

203 722 281 756 arte
315 718 419 755 illam
457 719 611 756 detorsit
649 731 792 769 semper
828 719 875 756 ad
912 732 1065 770 operum
1093 719 1316 768 dignitatem
1344 723 1380 757 et
1408 719 1727 759 circumcisionem

202 782 334 832 legalis
371 783 496 820 nescio
536 783 640 820 cuius
669 783 904 821 obedientiae
933 783 1099 832 sigillum
1128 783 1299 830 faciebat,
1329 796 1420 834 quae
1448 784 1593 821 iustitia
1621 797 1730 822 voca·

203 852 316 885 retur.
371 848 434 885 Sic
469 851 505 885 et
532 860 642 897 ‚nunc
677 847 716 885 in
754 847 940 898 baptismo
977 848 1164 899 propriam
1203 848 1500 897 regenerationis
1528 852 1562 886 et
1591 848 1732 887 Christi

204 911 329 949 induti
350 912 661 961 significationem
683 912 884 962 depravare
906 913 975 961 [et]
989 912 1203 950 subvertere
1217 916 1383 958 conatur,
1403 917 1443 951 ut
1456 913 1524 950 hac
1535 913 1732 952 obscurata

206 976 360 1014 dubiam
397 977 508 1014 nobis
545 976 676 1014 reddat
713 977 863 1014 tandem
893 977 1024 1014 salutis
1054 981 1205 1015 nostrae
1232 978 1429 1022 rationem,
1456 983 1567 1029 atque
1594 979 1639 1016 ad
1669 992 1732 1017 ex·

205 1046 364 1080 tremum
402 1054 471 1078 nos
508 1041 650 1078 artibus
681 1040 756 1079 suis
783 1041 830 1078 ad
859 1040 1156 1091 desperationem
1186 1041 1356 1081 (leducat.
1409 1042 1571 1080 Proinde
1598 1042 1732 1080 mirum

206 1106 325 1144 videri
361 1119 435 1143 non
476 1105 584 1158 debet
620 1105 844 1143 adversariis
882 1105 912 1143 si
948 1106 1098 1144 illorum
1137 1106 1182 1144 de
1209 1106 1365 1153 iustitia,
1391 1108 1672 1156 regeneratione
1699 1111 1735 1146 et

208 1171 360 1217 Christi,
398 1175 437 1208 ut
472 1171 524 1208 ita
561 1170 694 1216 dicam,
731 1170 946 1208 induitione
972 1170 1275 1222 interpretationi
1303 1185 1379 1209 non
1406 1172 1579 1222 protinus
1606 1186 1733 1210 assen-

206 1235 355 1273 tiamur.
407 1234 567 1272 Videtur
602 1234 701 1272 enim
738 1248 781 1272 eo
811 1238 989 1285 spectare,
1016 1238 1059 1272 ut
1088 1235 1223 1273 bonam
1254 1240 1404 1273 nostrae
1433 1222 1730 1288 salutis‘partem

207 1299 316 1338 nobis
344 1299 435 1350 ipsis
463 1298 640 1343 ascribat,
667 1312 776 1349 quam
805 1303 931 1337 tamen
960 1299 1024 1336 uni
1053 1299 1197 1350 solique
1226 1300 1376 1338 Christo
1398 1300 1559 1339 Domino
1580 1302 1734 1352 eiusque

208 1364 391 1413 gratuitae
419 1364 582 1401 bonitati
610 1364 800 1402 debemus.
830 1365 886 1401 Ac
915 1364 960 1401 dc
988 1364 1131 1402 iustitia
1160 1365 1308 1415 quidem
1340 1365 1504 1403 diximus
1531 1366 1605 1403 iam
1635 1366 1733 1404 circa

206 1428 364 1478 primam
403 1427 579 1478 baptismi
615 1427 916 1479 explicationem.
974 1429 1086 1466 Nunc
1122 1428 1167 1466 de
1203 1430 1485 1478 regeneratione
1521 1430 1734 1481 Christique

207 1491 422 1529 induitione
458 1491 636 1530 dicemus.
692 1493 839 1530 Docent
873 1492 991 1541 igitur
1025 1493 1348 1542 regenerationem
1384 1493 1482 1531 idem
1519 1506 1597 1531 esse
1633 1494 1732 1545 quod

207 1556 343 1594 mentis
380 1560 530 1594 nostrae
565 1556 605 1593 in
640 1556 751 1593 nobis
789 1569 855 1594 seu
891 1555 1088 1594 affectuum
1124 1557 1419 1596 innovationem.
1474 1557 1619 1595 Docent
1644 1557 1732 1595 item

210 1621 401 1660 Christum
437 1621 606 1659 induisse
643 1621 741 1672 apud
778 1621 935 1659 Paulum
972 1621 1069 1659 nihil
1107 1621 1206 1659 aliud
1235 1635 1315 1659 esse
1341 1635 1452 1673 quam
1481 1635 1601 1659 mores
1629 1622 1736 1671 inge-

210 1686 313 1724 nium
350 1690 543 1737 totamque
581 1686 690 1736 plane
727 1685 842 1723 vitam
869 1689 1039 1723 nostram
1064 1685 1171 1723 iuxta
1200 1685 1341 1723 Christi
1370 1685 1579 1724 doctrinam
1609 1692 1644 1723 et
1672 1699 1735 1723 ex·

208 1750 370 1801 emplum
409 1750 630 1796 instituisse,
659 1755 771 1801 atque
797 1751 896 1788 intra
926 1750 993 1788 hos
1021 1751 1115 1788 fines
1143 1754 1178 1788 et
1206 1751 1525 1799 regenerationem
1555 1751 1673 1801 ipsam
1701 1755 1737 1788 et

210 1815 408 1853 Paulinum
443 1809 545 1852 illud
576 1815 719 1852 Christi
756 1817 901 1863 ἔνδυμα
938 1815 991 1852 ita
1019 1814 1284 1864 constringunt
1312 1818 1354 1852 ut
1381 1815 1492 1852 latius
1521 1815 1585 1852 illa
1612 1819 1738 1865 patere

210 1879 364 1917 omnino
394 1883 533 1927 negent
560 1883 594 1917 et
622 1879 782 1916 doceant
809 1892 850 1916 ea
879 1878 926 1916 ad
954 1879 1118 1916 infantes
1146 1878 1242 1916 nihil
1268 1878 1380 1929 plane
1406 1878 1604 1929 pertinere.
1657 1878 1739 1915 Nos

209 1956 295 1981 vero
325 1956 401 1981 non
428 1944 660 1992 ignoramus,
688 1943 788 1994 quod
817 1943 968 1994 quidem
995 1943 1040 1980 ad
1068 1942 1386 1992 regenerationem
1407 1947 1440 1980 et
1458 1942 1737 1979 renovationem

210 2008 332 2046 nostri
360 2008 507 2054 attinet,
534 2007 608 2045 duo
638 2007 727 2045 haec
753 2007 794 2045 in
824 2007 1019 2058 scripturis
1045 2008 1259 2058 frequenter
1286 2007 1338 2044 ita
1364 2005 1550 2057 usurpari,
1576 2010 1618 2043 ut
1645 2018 1739 2057 quo-

209 2071 310 2110 niam
357 2072 513 2109 alterum
560 2071 606 2108 ab
643 2072 760 2109 altero
798 2071 993 2122 dependet,
1026 2071 1251 2122 quandoque
1287 2071 1442 2108 alterum
1479 2083 1545 2121 pro
1581 2074 1740 2121 utroque

210 2139 510 2187 συνεκδοχικῶς,
548 2136 773 2187 quandoque
809 2149 895 2174 vero
933 2141 1208 2186 μετωνυμικῶς
1248 2135 1405 2173 alterum
1433 2147 1500 2186 pro
1528 2135 1646 2172 altero
1673 2147 1740 2185 po-

211 2206 333 2240 natur.
363 2200 431 2238 Est
458 2201 556 2238 enim
584 2200 910 2251 frequentissimus
939 2200 1070 2238 horum
1100 2199 1331 2238 schematum
1358 2199 1399 2237 in
1427 2199 1620 2249 scripturis
1648 2211 1739 2236 usus

211 2265 288 2313 (Io.
317 2267 371 2311 3).
426 2265 475 2302 Et
502 2264 661 2315 proinde
689 2277 766 2302 non
796 2277 1064 2315 repugnamus,
1092 2264 1294 2315 quominus
1321 2268 1386 2301 aut
1414 2263 1644 2312 regeneratio
1673 2275 1739 2313 pro

210 2329 454 2366 renovatione
500 2332 563 2366 aut
609 2329 802 2366 renovatio
848 2342 915 2380 pro
960 2329 1242 2378 regeneratione
1287 2328 1473 2365 interdum
1523 2327 1740 2378 accipiatur.

214 2394 319 2432 Quin
347 2394 385 2430 id
414 2406 562 2445 quoque
589 2394 627 2431 in
656 2393 880 2432 adversariis
908 2406 1134 2444 magnopere
1161 2393 1410 2436 laudaremus,
1438 2392 1538 2443 quod
1565 2392 1604 2429 in
1633 2404 1740 2429 rena-

212 2458 261 2497 tis
297 2463 403 2496 tanto
434 2459 559 2496 studio
587 2463 723 2508 urgent
751 2459 869 2496 officia
898 2458 1167 2503 renovationis,
1196 2458 1225 2495 si
1254 2458 1292 2495 id
1322 2457 1434 2495 modo
1463 2457 1563 2508 quod
1591 2460 1646 2494 est
1672 2469 1741 2493 no-

214 2528 311 2561 strae
338 2523 632 2573 regenerationis
661 2527 772 2574 caput
812 2536 889 2561 non
917 2523 1068 2561 interim
1097 2523 1356 2561 obscurarent.
1406 2523 1495 2560 Non
1523 2522 1622 2560 enim
1651 2520 1741 2558 satis

214 2588 305 2625 haec
340 2587 529 2625 inculcare
565 2601 732 2638 unquam
769 2601 836 2639 pro
874 2587 1090 2625 incredibili
1127 2587 1322 2624 hominum
1361 2586 1534 2624 socordia
1570 2588 1741 2636 possunt.

215 2653 383 2692 Ceterum
412 2652 512 2703 quod
541 2656 686 2703 sumpta
716 2652 802 2690 inde
830 2652 1027 2690 occasione
1045 2652 1368 2701 regenerationem
1388 2649 1652 2698 constringunt
1672 2649 1741 2686 sub

215 2717 472 2757 renovationis
500 2721 650 2754 nostrae
677 2717 784 2761 fines,
811 2729 931 2766 neque
957 2716 1060 2753 illam
1088 2716 1201 2754 latius
1229 2720 1355 2767 patere
1384 2712 1605 2757 concedunt,
1631 2725 1742 2750 reno-

214 2784 404 2823 vationem
438 2794 525 2820 vero
562 2781 670 2819 aliter
705 2794 782 2819 non
819 2781 1022 2832 accipiunt,
1058 2794 1171 2832 quam
1207 2794 1275 2832 pro
1312 2779 1447 2817 mentis
1483 2781 1632 2815 nostrae
1659 2781 1745 2828 post

216 2848 384 2893 auditum
424 2845 579 2886 verbum
619 2845 686 2884 Dei
724 2846 1036 2893 immutationem,
1066 2859 1176 2896 quam
1205 2845 1329 2894 graeci
1357 2849 1570 2894 μετάνοιαν
1600 2846 1746 2889 vocant,
