1818 3178
185 112 257 147 425
686 114 900 142 nesroNsm
928 116 1021 141 ADv.
1055 116 1221 143 HOSIUM.

186 219 376 257 Ecclesiae
413 217 580 255 Christi?
617 229 711 267 quae
746 216 886 266 alioqui
919 216 972 253 ita
1005 215 1115 253 foeda
1152 229 1194 253 ac
1228 217 1370 268 perfida
1407 217 1592 267 apostasia
1629 231 1710 255 om-

187 299 273 323 nem
308 285 354 321 ab
390 283 465 320 illis
500 295 623 320 veram
657 294 700 318 ac
736 281 988 319 Christianam
1024 280 1257 319 dilectionem
1296 295 1339 319 ac
1366 281 1523 332 proinde
1563 295 1712 321 omnem

188 350 299 388 etiam
335 348 533 386 salutarem
571 346 676 384 verbi
711 345 842 384 Divini
878 345 1086 400 doctrinam
1123 346 1294 386 excludet
1330 346 1582 398 proculdubio
1607 347 1712 387 iuxta

186 415 381 464 ipsiusmet
417 412 531 450 Hosii
565 411 941 460 argumentationem.
996 411 1078 448 Iani
1111 410 1213 461 quod
1248 411 1296 449 ad
1332 416 1460 450 mutua
1497 415 1713 451 nostrorum

189 478 349 516 invicem
377 476 532 514 dissidia
567 477 714 522 attinet,
749 479 949 525 exaggerat
984 475 1048 513 illa
1084 474 1236 525 quidem
1263 476 1405 515 Hosius
1434 481 1615 528 quantum
1644 491 1714 528 po-

189 546 261 579 test
297 541 464 585 omnino,
499 540 563 578 sed
598 540 716 577 multa
751 539 943 585 admiscet,
979 553 1074 590 quae
1109 540 1156 577 ad
1193 553 1262 578 nos
1296 541 1391 579 nihil
1420 541 1574 580 omnino
1600 542 1714 592 perti·

192 612 300 653 nent3
336 605 512 644 nimirum
549 618 626 642 non
661 609 738 642 erat
773 605 891 642 multa
927 603 1136 647 habiturus,
1173 618 1266 655 quae
1302 605 1346 643 de
1382 606 1520 644 nostris
1549 606 1715 644 dissidiis

192 671 330 709 diceret
357 671 388 708 si
415 683 489 708 non
521 682 648 706 eorum
675 669 785 706 nobis
813 681 961 719 quoque
993 668 1092 705 luem
1130 669 1360 707 calumniose
1387 672 1719 720 asperge-(9l)ret‚

191 748 274 773 cum
320 735 457 786 quibus
501 747 570 771 nos
613 733 708 770 nihil
744 733 885 783 alioqui
923 745 1120 769 commune
1155 745 1276 782 neque
1311 733 1510 770 habuimus
1548 747 1715 784 unquam

190 814 309 851 neque
336 801 540 837 etiamnum
568 799 761 837 habemus.
800 797 943 835 Eodem
972 810 1133 848 namque
1158 798 1242 835 loco
1271 811 1340 835 nos
1368 798 1498 836 haberi
1526 799 1604 836 vult
1631 812 1715 836 cum

189 863 438 910 Nestorianis,
478 863 717 909 Servefflanis,
752 861 1027 912 Anabaptistis,
1065 861 1375 907 Svencfeldianis‚
1404 861 1654 913 Campanistis
1681 866 1717 899 et

188 929 271 967 aliis
314 928 510 966 haereticis
555 927 681 965 nescio
722 926 874 977 quibus,
907 939 1067 976 quorum
1102 926 1422 964 nomenclaturam
1458 925 1608 964 interim
1643 925 1715 964 sibi

188 994 310 1031 adhuc
346 993 385 1030 in
422 992 692 1030 calumniarum
728 1005 878 1029 suarum
907 990 1044 1029 scrinio
1074 1004 1224 1041 prorsus
1252 991 1525 1042 Episcopaliter
1550 1004 1717 1029 reserva-

189 1059 255 1104 vit,
291 1071 374 1096 cum
408 1057 518 1096 nobis
555 1058 676 1095 acrior
711 1057 843 1101 multo,
878 1070 987 1107 quam
1023 1057 1095 1107 ipsi
1132 1051 1280 1107 suisque
1307 1057 1496 1102 omnibus,
1521 1064 1589 1107 pro
1627 1057 1717 1094 doc-

189 1124 310 1161 trinae
339 1123 578 1174 Apostolicae
612 1122 773 1173 puritate
802 1122 994 1159 dimicatio
1024 1135 1108 1159 cum
1134 1121 1217 1159 istis
1245 1121 1406 1159 subinde
1432 1121 1557 1167 fuerit,
1580 1121 1718 1159 nedum

188 1191 231 1225 ut
258 1188 373 1225 ullam
401 1200 484 1224 cum
512 1186 564 1224 eis
596 1199 764 1236 unquam
801 1185 898 1223 circa
937 1185 1074 1223 Divina
1109 1186 1328 1236 praesertim
1358 1185 1571 1223 societatem
1600 1185 1716 1224 habe-

187 1266 324 1290 remus.
371 1251 509 1289 Levius
535 1250 592 1288 illi
619 1254 698 1288 erat
734 1249 886 1296 scilicet,
926 1262 995 1287 nos
1032 1263 1114 1287 cum
1150 1250 1233 1287 istis
1267 1249 1444 1287 omnibus
1481 1249 1718 1299 coniungere,

186 1316 333 1355 etiarnsi
367 1317 407 1353 id
442 1316 538 1353 falso
575 1328 613 1353 se
648 1316 769 1352 facere
804 1328 879 1352 non
916 1314 1118 1363 ignoraret,
1155 1328 1266 1365 quam
1304 1315 1336 1352 si
1365 1315 1499 1352 collata
1527 1319 1656 1352 nostra
1682 1318 1719 1352 et

186 1383 334 1419 illorum
374 1381 545 1418 doctrina
580 1393 649 1418 nos
677 1380 723 1418 ab
759 1379 835 1417 illis
865 1379 1112 1417 discrevisset.
1167 1379 1241 1416 Sed
1274 1379 1326 1416 ita
1352 1379 1574 1417 rhetoricari
1602 1380 1720 1418 voluit

187 1447 426 1485 Reverendus
454 1447 563 1483 Pater
589 1459 656 1496 pro
687 1445 848 1482 candore
876 1458 942 1481 suo
972 1444 1201 1495 Episcopali,
1230 1444 1300 1481 hoc
1327 1448 1383 1482 est
1410 1444 1639 1490 Pharisaico,
1664 1450 1719 1490 ut,

186 1526 260 1563 qua
294 1516 398 1562 parte
426 1524 510 1548 cum
539 1510 734 1548 haereticis
761 1523 983 1560 pugnamus,
1008 1522 1085 1546 non
1112 1514 1189 1546 tam
1216 1509 1388 1559 equidem
1416 1509 1462 1546 ab
1491 1509 1543 1547 eis
1573 1510 1716 1548 dissen-

186 1578 269 1621 tire.
303 1590 416 1628 quam
451 1576 549 1613 inter
584 1588 654 1612 nos
689 1575 792 1625 ipsos
829 1574 1009 1611 dissidere
1035 1573 1160 1624 potius
1188 1573 1410 1612 videremur.
1464 1575 1515 1611 At
1543 1587 1630 1612 vero
1658 1575 1719 1612 hio

186 1654 385 1679 memorem
415 1641 500 1688 (92)
537 1652 616 1677 esse
642 1639 749 1676 illum
777 1638 974 1688 oportebat
1002 1651 1144 1684 eorum,
1171 1651 1265 1688 quae
1292 1638 1384 1675 alibi
1410 1638 1450 1675 in
1479 1641 1608 1676 eodem
1636 1639 1716 1688 ipso

184 1705 314 1742 libello
359 1704 479 1748 docet,
525 1703 710 1753 siquidem
746 1701 870 1739 verbis
905 1701 982 1738 suis
1018 1701 1132 1738 fidem
1168 1700 1361 1738 adstruere
1396 1701 1561 1740 volebat.
1616 1701 1719 1740 Dicit

185 1769 290 1813 alibi,
315 1780 375 1805 me
403 1780 423 1804 a
453 1766 608 1803 Calvino
636 1778 714 1802 non
744 1764 943 1802 dissentire
970 1776 1013 1802 ac
1041 1764 1189 1801 demum
1218 1767 1417 1814 utrumque
1444 1768 1616 1802 nostrum
1633 1777 1717 1802 cum

185 1833 425 1883 Zwinglianis
461 1835 496 1870 et
533 1829 725 1880 Tigurinis
768 1830 894 1880 (quasi
930 1834 966 1867 et
998 1829 1066 1867 isti
1103 1842 1179 1867 non
1214 1829 1328 1866 iidem
1366 1829 1459 1878 sint)
1508 1830 1717 1878 coniungit.

186 1899 315 1936 Hosce
351 1910 438 1936 vero
476 1896 588 1934 simul
625 1908 752 1933 omnes
789 1894 1018 1932 Lutheranis
1057 1907 1121 1931 seu
1149 1893 1346 1931 saxonicis
1372 1906 1462 1931 mox
1489 1894 1656 1944 opponit,
1683 1899 1721 1932 et

185 1964 239 2001 ita
264 1962 436 2013 opponit,
460 1965 503 1999 ut
528 1960 622 2010 alios
648 1960 694 1997 ab
724 1959 884 1996 aliorum
912 1958 1015 1996 omni
1042 1971 1197 2009 prorsus
1226 1958 1403 1996 societate
1431 1958 1617 1997 excludat.
1669 1959 1718 1997 Id

187 2032 312 2067 autem
339 2027 371 2064 si
397 2039 526 2065 verum
553 2024 708 2063 omnino
736 2037 816 2062 esse
845 2023 962 2061 credit
990 2023 1147 2067 Hosius,
1177 2036 1241 2060 cur
1260 2036 1329 2061 nos
1350 2036 1496 2061 rursum
1515 2023 1569 2061 ita
1593 2027 1718 2061 utros-

187 2106 259 2143 que
278 2091 501 2140 coniungit?
529 2090 604 2127 imo
624 2102 689 2126 cur
716 2088 980 2133 Nestmianos,
996 2087 1244 2134 Servetianos‚
1262 2088 1548 2138 Anabaptistos‚
1576 2089 1717 2126 Svenc-

186 2156 373 2195 feldianos
413 2161 449 2194 et
485 2154 745 2206 Campanistos
782 2153 893 2191 nobis
929 2153 1160 2197 adnumerat,
1195 2165 1216 2190 a
1245 2152 1382 2203 quibus
1419 2156 1453 2190 et
1479 2152 1717 2191 Lutheranos

188 2226 224 2261 et
251 2234 327 2269 eos,
352 2234 446 2272 quos
472 2221 552 2272 ipse
579 2232 656 2257 uno
684 2223 794 2270 atque
822 2218 953 2256 eodem
979 2218 1063 2255 loco
1094 2221 1230 2264 censet,
1258 2220 1409 2255 nostros
1430 2217 1613 2264 videlicet,
1641 2231 1718 2255 non

187 2287 313 2325 minus
354 2299 467 2337 quam
511 2299 533 2323 a
577 2285 750 2336 Papismo
795 2287 983 2334 separatos
1021 2295 1248 2334 prorsusque
1294 2281 1435 2319 alienos
1471 2295 1550 2319 esse
1585 2282 1717 2320 novit?

189 2351 277 2389 Hoc
303 2351 337 2389 ei
363 2351 541 2389 nimirum
569 2349 755 2399 suggessit
781 2348 1017 2399 Episcopalis
1043 2347 1163 2398 ipsius
1192 2347 1358 2397 spiritus
1387 2346 1453 2397 qui
1479 2347 1518 2383 in
1547 2346 1717 2384 Bubonis

188 2416 308 2467 specie
333 2415 440 2467 pingi
458 2416 565 2454 solet.
617 2417 700 2464 Age
727 2427 826 2459 vero,
855 2413 1022 2451 sanctule
1051 2411 1261 2463 hypocrita!
1291 2411 1494 2449 habeamur
1522 2424 1611 2448 sane
1637 2424 1714 2448 uno

190 2485 301 2531 atque
345 2482 475 2519 eodem
520 2481 618 2526 loco,
660 2492 754 2530 quos
796 2483 839 2516 tu
874 2478 914 2515 in
960 2477 1131 2516 doctrina
1168 2476 1295 2515 eadem
1332 2475 1541 2514 consentire
1576 2477 1719 2523 fateris,

188 2548 428 2597 nem-(93)pe
463 2544 694 2595 Zwingliani,
731 2533 954 2587 Calviniani{
989 2542 1163 2593 Tigurini
1198 2547 1234 2580 et
1269 2555 1363 2593 quos
1399 2555 1420 2579 a
1455 2553 1536 2578 meo
1565 2538 1718 2580 nomine

187 2614 379 2653 Lascanos
416 2624 538 2650 vocas,
593 2610 678 2648 Qua
714 2610 839 2647 fronte
874 2608 1001 2658 igitur,
1037 2607 1153 2645 veluti
1187 2607 1245 2645 tui
1280 2607 1432 2652 oblitus,
1465 2618 1540 2651 eos,
1575 2606 1640 2656 qui
1674 2607 1716 2645 in

188 2679 308 2730 patria
343 2677 423 2720 hac,
457 2688 535 2712 non
571 2678 648 2712 tam
683 2673 855 2724 equidem
891 2677 968 2719 tua,
1004 2685 1116 2722 quam
1144 2685 1235 2718 mea,
1264 2684 1285 2708 a
1312 2674 1434 2709 vestra
1462 2683 1500 2707 se
1526 2670 1715 2721 impietate

188 2746 299 2793 atque
334 2739 518 2791 apostasia
554 2742 810 2787 segregarunt,
842 2741 905 2775 aut
942 2737 1181 2774 Calvinianos
1218 2739 1283 2773 aut
1316 2735 1507 2772 Lascanos
1535 2747 1615 2773 esse
1641 2737 1713 2773 fin·

187 2807 258 2858 gis,
285 2806 317 2844 si
352 2804 423 2843 tibi
458 2816 526 2852 ego
575 2807 612 2840 et
649 2802 827 2840 Calvinus
864 2801 1075 2839 consentire
1109 2801 1206 2838 inter
1240 2813 1309 2838 nos
1338 2799 1517 2844 videmur,
1552 2804 1594 2838 ut
1622 2801 1714 2838 scri-

190 2873 275 2912 bis?
305 2871 379 2909 Cur
398 2882 467 2908 nos
485 2868 546 2906 hic
573 2868 625 2906 ita
652 2867 810 2914 divellis,
836 2871 879 2904 ut
904 2866 998 2904 alios
1028 2865 1281 2910 Calvinianos‚
1305 2864 1398 2902 alios
1420 2877 1504 2903 vero
1523 2864 1714 2904 Lascanos
