1818 3178
196 113 268 149 396
698 117 915 146 RssPoNsm
944 119 1037 147 mv.
1068 118 1234 146 11051οΜ.

199 223 263 274 qui
291 222 452 267 dilectio,
478 233 587 271 quam
618 219 690 256 sibi
717 224 752 257 et
781 219 855 257 suis
890 219 984 256 miro
1013 219 1210 270 supercilio
1240 223 1400 269 arrogat,
1427 225 1482 265 ut,
1509 219 1537 256 si
1568 219 1657 271 quid
1684 219 1724 257 in

202 301 260 326 me
288 300 364 325 non
391 285 597 337 probasset,
625 284 729 336 prius
755 297 814 322 me
841 284 919 323 eius
946 284 1212 331 admonuisset,
1244 289 1306 323 aut
1333 285 1462 323 saltem
1489 297 1634 322 mecum
1661 297 1725 323 ex-

202 352 439 403 postulasset,
475 363 584 401 quam
614 362 752 387 nomen
778 363 902 387 meum
932 349 1160 387 calumniose
1185 349 1307 400 palam
1335 349 1601 400 proscinderet.
1656 349 1725 387 Di-

205 419 271 462 cet,
310 428 385 452 non
421 415 496 452 nisi
528 414 574 451 ad
611 427 694 452 aras
734 414 906 452 alendam
951 414 1066 452 fuisse
1102 417 1268 452 nostram
1307 415 1521 454 amicitiam.
1575 415 1728 467 Recipio

204 485 313 531 atque
341 492 423 517 aras
459 479 492 516 ei
523 479 622 529 ipsas
651 491 811 530 oppon0.
842 478 931 516 Non
957 478 1156 528 ignorabat
1183 491 1281 526 sane,
1309 479 1524 530 priusquam
1552 492 1590 517 se
1617 480 1727 517 etiam

204 544 243 581 in
278 544 427 581 Italiam
462 543 693 590 contulisset,
730 543 847 580 multa
882 542 976 579 mihi
1013 555 1090 580 non
1126 542 1166 580 in
1203 542 1278 580 vita
1304 543 1430 590 modo,
1458 543 1521 581 sed
1549 544 1661 581 etiam
1687 544 1727 582 in

205 608 376 646 doctrina
412 607 896 646 Pseudoecclesiasticorum
923 609 983 656 (9)
1018 611 1236 645 nostrorum
1265 608 1511 659 displicuisse,
1547 622 1615 646 nec
1642 622 1727 646 raro

205 687 364 720 mecum,
404 676 445 711 ut
471 673 543 710 alia
571 676 725 718 taceam,
753 685 940 710 sermones
968 686 1055 710 51105
1083 686 1124 711 ea
1153 673 1197 710 de
1225 686 1264 711 re
1292 673 1482 713 miscebat.
1537 675 1612 712 Cur
1638 679 1729 712 tunc

204 739 320 789 igitur
355 751 439 776 arae
473 736 591 788 ipsius
625 742 791 776 nostram
829 740 905 775 non
952 737 1208 776 dissolvebant
1235 737 1450 784 amicitiam,
1478 743 1542 776 aut
1568 740 1730 790 aliquam

206 805 336 842 saltem
364 802 580 842 offensionis
609 802 921 853 significationem
950 802 1117 840 dabant?
1171 802 1284 840 Aliud
1313 803 1371 840 illi
1397 806 1477 840 tum
1505 803 1585 840 sine
1610 803 1731 841 infula

206 869 414 908 suadebant
449 869 602 917 scilicet,
638 882 750 919 quam
786 881 888 906 nunc
925 881 1008 905 cum
1043 868 1162 905 infula
1199 868 1382 905 suadent?
1436 867 1535 906 Mira
1561 869 1730 919 profecto

207 933 530 984 metamorphosis,
564 937 618 977 111,
653 933 717 984 qui
755 932 834 970 sine
869 932 988 970 infula
1030 932 1104 970 aris
1133 932 1242 969 etiam
1270 932 1573 983 permittentibus
1601 933 1730 971 amici-

206 1000 296 1037 tiam
325 1002 491 1036 nostram
519 997 675 1043 colebat,
712 1010 813 1034 nunc
839 996 877 1034 in
907 996 1074 1034 fraudem
1103 995 1176 1034 mei
1203 995 1367 1034 nominis
1394 996 1637 1034 mendacibus
1664 997 1730 1035 ad-

204 1062 453 1102 versariorum
483 1061 735 1099 communium
764 1061 959 1098 calumniis
985 1060 1173 1098 abutatur.
1202 1060 1244 1098 Si
1269 1061 1303 1098 ei
1331 1073 1407 1099 non
1435 1060 1578 1113 isacavit
1606 1064 1733 1098 nostra

205 1129 338 1177 legere,
375 1140 439 1165 cur
474 1127 529 1164 illi
564 1130 710 1176 tempus
739 1138 815 1163 non
845 1125 962 1163 defuit
990 1124 1037 1162 ad
1063 1124 1314 1175 excerpendas
1341 1137 1385 1162 ac
1413 1124 1574 1172 demum,
1601 1128 1641 1163 ut
1669 1125 1730 1163 hic

206 1196 480 1244 spargerentur,
505 1190 810 1230 transmittendas
846 1190 1109 1228 obtrectatoris
1137 1191 1258 1228 nostri
1287 1189 1503 1236 calumnias,
1531 1203 1623 1241 quas
1639 1190 1732 1227 alio-

208 1259 271 1309 qui
308 1258 527 1296 vanissimas
563 1269 642 1294 0550
678 1256 809 1294 novit?
863 1255 1012 1293 Quodsi
1052 1255 1135 1292 aliis
1179 1255 1223 1292 de
1268 1268 1348 1293 mea
1395 1255 1564 1292 doctrina
1606 1256 1731 1306 potius

208 1337 317 1374 quam
352 1323 445 1360 mihi
479 1321 551 1373 ipsi
588 1320 734 1358 credere
774 1320 917 1365 maluit,
954 1333 1017 1357 cur
1045 1333 1120 1357 non
1147 1323 1294 1357 tantum
1323 1320 1419 1379 apud
1448 1333 1532 1357 eum
1560 1319 1734 1358 valebant

206 1388 363 1425 aliorum
391 1387 436 1424 de
463 1399 532 1431 me,
560 1385 729 1435 gravium
758 1397 844 1422 sane
873 1388 907 1422 et
934 1384 1081 1435 piorum
1109 1384 1273 1422 virorum
1302 1384 1529 1430 testimonia,
1549 1388 1729 1435 quantum

205 1452 309 1490 exosi
344 1454 495 1502 propter
530 1449 826 1487 maledicentiam
864 1449 935 1500 piis
971 1450 1057 1497 (10)
1086 1449 1260 1486 omnibus
1289 1449 1551 1487 obtrectatoris
1578 1449 1730 1486 menda-

206 1517 292 1554 cia?
350 1515 499 1554 Quodsi
535 1514 712 1552 maiorem
750 1514 890 1551 Albero
929 1513 972 1551 de
1014 1527 1073 1551 mc
1108 1514 1302 1551 mentienti
1331 1515 1441 1551 fidem
1469 1514 1591 1560 habet,
1620 1527 1732 1565 quam

205 1581 376 1633 plurimis
412 1580 495 1618 aliis
531 1580 643 1629 longe
681 1579 865 1616 diversum
893 1579 1181 1616 testificantibus
1218 1579 1382 1630 meisque
1421 1579 1538 1630 ipsius
1566 1580 1656 1617 adeo
1685 1579 1733 1616 li-

206 1645 329 1691 bellis,
365 1658 410 1683 ex
447 1643 584 1695 quibus
613 1644 658 1682 de
685 1656 765 1681 mea
791 1643 920 1694 utique
947 1643 1129 1689 doctrina,
1166 1643 1197 1680 si
1225 1643 1296 1680 hoc
1324 1643 1357 1680 ei
1383 1643 1532 1680 malicia
1559 1656 1623 1681 sua
1650 1657 1732 1694 per-

205 1710 378 1757 misisset,
405 1709 541 1747 rectius
568 1709 685 1746 multo
714 1711 860 1759 poterat
885 1708 1061 1755 iudicare,
1080 1730 1130 1737 —
1149 1709 1259 1746 facile
1276 1708 1350 1747 iam
1369 1708 1457 1747 inde
1474 1709 1558 1761 pius
1576 1709 1732 1761 quilibet

206 1775 341 1812 malam
371 1773 534 1811 hominis
561 1777 721 1810 mentem
751 1776 786 1810 et
813 1773 952 1810 malum
981 1773 1145 1810 animum
1176 1772 1450 1823 deprehendere
1476 1777 1609 1824 potest,
1628 1787 1732 1812 nem·

206 1853 252 1890 pe
279 1838 380 1890 quod
407 1839 503 1889 apud
533 1838 721 1876 hominem
748 1851 813 1889 per
839 1841 956 1875 totam
985 1838 1061 1876 fere
1091 1838 1328 1876 Germaniam
1356 1838 1637 1877 maledicentiae
1664 1853 1733 1877 no-

207 1905 305 1943 mine
342 1904 516 1942 infamem
548 1903 809 1954 compendium
851 1903 1119 1941 calumniarum
1149 1917 1323 1955 quaerere
1350 1908 1460 1955 atque
1488 1904 1559 1942 huc
1588 1904 1733 1943 demum

206 1969 456 2007 transmittere
492 1968 676 2015 maluerit,
712 1971 752 2006 ut
789 1971 960 2006 nostrum
990 1981 1126 2008 nomen
1154 1969 1316 2006 invisum
1344 1972 1628 2020 suspectumque
1654 1983 1734 2008 om·

208 2033 318 2071 nibus
347 2032 528 2078 redderet,
563 2045 672 2083 quam
702 2033 759 2070 vel
787 2033 944 2070 aliorum
973 2033 1018 2070 (le
1047 2046 1104 2071 me
1133 2033 1359 2071 testimoniis
1390 2033 1549 2081 credere,
1575 2047 1733 2085 quorum

207 2098 348 2149 alioqui
383 2097 607 2149 probitatem
640 2097 860 2135 modestiam
895 2099 1070 2149 pietatem
1092 2103 1217 2149 ‚atque
1254 2098 1501 2136 eruditionem
1529 2099 1599 2137 toti
1626 2113 1735 2138 mun-

209 2163 256 2200 do
286 2161 595 2214 spectatissimam
622 2175 700 2200 esse
730 2166 889 2209 constat,
924 2163 982 2201 vel
1011 2176 1055 2200 ex
1086 2164 1175 2201 meis
1204 2163 1320 2215 ipsius
1348 2164 1497 2215 scriptis
1526 2164 1733 2202 doctrinam

209 2241 330 2265 meam
356 2227 562 2273 aestimare,
587 2226 628 2265 in
656 2227 792 2278 quibus
821 2240 908 2265 sane
936 2227 1051 2265 libere
1079 2231 1114 2265 et
1141 2228 1222 2265 sine
1249 2227 1438 2279 hypocrisi
1464 2242 1544 2266 mea
1558 2230 1734 2280 profiteor

208 2291 346 2336 omnia,
374 2290 412 2327 id
441 2290 542 2342 quod
571 2304 628 2328 res
656 2291 736 2342 ipsa
765 2291 937 2330 declarat.
994 2292 1034 2329 Si
1063 2304 1148 2329 vero
1177 2292 1397 2330 tantundem
1426 2294 1508 2342 (11)
1536 2293 1623 2330 fidei
1650 2293 1733 2331 Ho-

208 2357 285 2396 sius
322 2356 434 2394 habet
470 2357 623 2403 Alber0,
657 2360 839 2407 quantum
876 2360 911 2394 et
947 2356 1058 2394 nobis
1094 2356 1283 2404 omnibus,
1320 2356 1392 2394 hoc
1427 2357 1616 2402 estnihil,
1650 2370 1732 2395 cum

207 2435 277 2461 nos
313 2421 450 2473 pariter
485 2435 613 2459 omnes
649 2435 669 2460 e
706 2434 772 2459 suo
809 2421 955 2472 tripode
990 2422 1157 2473 impurae
1193 2422 1318 2460 nescio
1348 2421 1450 2460 cuius
1479 2422 1670 2460 haereseos
1699 2427 1734 2460 et

207 2490 356 2524 accuset
393 2485 504 2523 simul
540 2489 575 2524 et
612 2485 776 2530 damnet,
809 2498 880 2536 qua
907 2485 993 2531 fide,
1020 2498 1066 2523 ne
1094 2485 1214 2522 dicam
1243 2485 1444 2537 hypocrisi,
1471 2484 1627 2522 obsecro
1655 2485 1733 2522 eius

207 2550 371 2588 hominis
408 2550 611 2587 calumnias
649 2550 695 2587 ad
732 2550 854 2587 nostri
891 2549 1054 2588 nominis
1090 2549 1271 2587 invidiam
1308 2549 1490 2595 obtendit,
1526 2549 1586 2586 cui
1614 2563 1732 2600 neque

205 2615 362 2666 ipsemet
409 2614 537 2661 credit,
572 2627 692 2666 neque
729 2614 774 2651 ab
813 2614 896 2652 aliis
935 2614 1158 2652 credendum
1195 2627 1275 2652 esse
1312 2613 1532 2651 contendit?
1585 2615 1663 2651 Aut
1700 2615 1732 2652 si

208 2679 388 2718 hactenus
432 2678 465 2715 ei
509 2678 692 2717 duntaxat
731 2678 860 2725 credit,
895 2686 1078 2730 quatenus
1116 2678 1376 2716 maledicentia
1413 2690 1455 2715 ac
1491 2677 1731 2731 praeiudiciis

206 2744 324 2796 ipsius
360 2741 407 2780 ad
444 2755 575 2780 causae
612 2756 699 2781 suae
737 2743 973 2782 commodum
1003 2743 1107 2781 abuti
1135 2757 1174 2781 se
1199 2756 1309 2795 posse
1336 2742 1447 2786 videt,
1485 2755 1548 2779 cur
1576 2756 1650 2781 non
1679 2743 1734 2782 illi

209 2808 326 2847 credit
353 2807 476 2854 etiam,
503 2807 592 2845 dum
620 2811 655 2845 et
683 2808 822 2859 Papam
848 2809 971 2860 ipsum
999 2813 1033 2847 et
1061 2822 1145 2847 suas
1174 2822 1301 2846 omnes
1334 2821 1435 2845 rasas
1463 2810 1574 2858 atque
1601 2813 1732 2847 unctas

206 2874 328 2912 larvas
357 2871 720 2911 Antichristianismi
759 2874 881 2924 palam
910 2877 1060 2911 accusat
1071 2866 1094 2910 't'v
1144 2873 1331 2910 Nimirum
1359 2873 1429 2910 hac
1456 2872 1599 2911 ratione
1626 2873 1734 2926 prodi
