1818 3178
562 137 613 164 m:
641 138 807 166 cnars'm
835 138 1152 168 INeARNATIONE.
1572 129 1618 168 37

100 236 287 288 frequenti
311 250 383 275 usu
411 237 623 289 Scripturae
650 241 802 291 petitur,
827 245 864 280 et
889 242 1007 280 totius
1035 241 1282 292 Euangelicae
1308 240 1499 278 doctrinae
1527 252 1617 276 eon-

99 315 211 339 sensu
239 303 493 348 confirmatur,
522 305 622 355 quod
650 306 824 357 equidem
850 311 1049 358 utrumque
1074 307 1113 344 in
1140 311 1206 345 tua
1231 305 1536 356 interpretatione
1554 304 1617 341 de-

99 366 316 406 sideramus.
346 367 509 404 Tantum
536 381 622 406 vero
649 370 766 416 abest,
793 375 835 408 ut
863 371 966 408 loeus
993 371 1054 408 hie
1081 370 1236 408 Ioannis
1258 369 1448 407 doctrinae
1468 372 1618 406 nostrae

99 428 144 466 dc
171 428 311 467 Christi
337 428 491 467 Domini
519 433 760 482 conceptione
787 446 938 484 quoquo
965 433 1077 470 modo
1106 436 1298 483 repugnet,
1325 432 1375 480 (si
1402 431 1551 482 quidem
1569 431 1616 467 il-

96 493 175 531 lum
209 494 315 531 iuxta
349 507 458 532 usum
496 496 719 547 Scripturae,
753 498 806 535 ita
840 501 882 535 ut
919 498 1090 535 diximus.
1118 498 1419 548 interpretemur)
1446 500 1488 533 ut
1513 496 1617 533 illam

97 557 247 595 adiuvet
283 558 407 605 etiam,
432 572 658 612 prorsusque
687 563 893 605 confirmet,
919 561 955 598 id
985 561 1085 612 quod
1112 562 1220 598 facile
1248 561 1387 611 alioqui
1413 560 1617 611 apparebit,

97 621 128 659 si
163 634 218 667 ea,
244 622 381 673 quibus
407 624 541 662 modus
567 625 645 676 ipse
673 626 926 677 conceptionis
954 625 1094 663 Christi
1121 625 1229 663 nobis
1257 625 1466 676 exponitur,
1492 638 1512 662 e
1539 624 1615 661 suis

95 685 187 725 locis
213 687 328 738 petita
354 689 478 727 verbis
506 690 606 728 hisce
632 691 786 729 Ioannis
812 691 1076 729 interseramus
1093 691 1140 728 ad
1159 691 1259 728 hunc
1278 690 1449 728 modum:
1469 690 1616 738 (Fiiiia)

278 805 327 836 Ea:
346 806 460 837 semine
483 808 598 839 David.
623 809 710 839 Rom.
735 809 762 839 1.

278 846 326 877 Ea·
348 848 483 880 muliere.
511 849 616 881 Galat.
638 851 668 881 4.
855 827 873 893 Χ

277 888 326 919 Ει·
348 889 466 931 vimine
488 891 606 922 Illuria.
628 891 765 922 Mattkei
789 892 815 922 l.
844 923 847 925 ,
1377 899 1394 937 s
1420 873 1620 946 ξὶνῗΐῗὲῑ

277 930 325 961 Ex
352 932 472 963 Israele
497 933 663 963 secundm
691 944 823 964 carnem.
1423 938 1568 986 bgrmwu'-

94 1012 190 1043 VER-
276 973 456 1052 ΕῑΒφοηΙΞὶνὲ
475 1026 553 1057 qnae
574 1015 660 1046 illum
674 1017 822 1057 concepit.
899 1037 1076 1068 FACTUM
1119 1034 1128 1039 ›
1159 1016 1287 1054 CARO,

1363 1029 1370 1036 ,
1417 999 1488 1035 lum,
1496 999 1559 1028 sive
1567 998 1618 1028 do-

92 1054 197 1092 BUM,
317 1056 391 1088 Luc.
417 1057 443 1088 l.
898 1079 975 1110 EST
1034 1090 1079 1110 oe·
1106 1042 1122 1111 ἒ
1158 1060 1260 1089 Homo
1410 1039 1617 1111 b's'iC‘zl‘I'f‘JZ'l'l‘JZ'

94 1095 180 1169 9ίὲἵέ
282 1098 442 1171 Πῗκσηοῖι
473 1099 603 1140 comico.
648 1099 764 1131 Mam.
794 1100 820 1131 1.
891 1121 943 1161 pit
966 1090 1039 1152 5832·
1111 1115 1132 1158 k
1160 1100 1343 1173 galaad
1418 1092 1616 1158 fffsssssslij

80 1142 124 1178 fl!
178 1163 185 1170 .
273 1181 322 1212 Ex
344 1165 462 1222 Spiriia
483 1185 600 1228 sarecto,
623 1182 679 1213 hoc
694 1185 748 1220 est,
765 1183 821 1214 illo
1197 1155 1206 1172 Ι
1417 1175 1620 1245 Ξζνιῑαὲνῖἱὲίῖ

312 1226 436 1269 ιιῑιίονε.Ι
454 1223 581 1270 Ιύιαῖςιη.
1417 1248 1478 1277 lius
1488 1247 1620 1287 Parem--

272 1264 460 1336 {lfl-Pepemt'
483 1265 611 1337 Ile'be‘Z'
1370 1248 1390 1307 χ
1416 1289 1581 1329 parionem.

300 1318 309 1336 ι
325 1318 386 1337 mm
407 1316 506 1338 suum.
570 1318 580 1336 ι
606 1318 660 1338 em.

273 1348 419 1379 Fructum
441 1348 556 1379 ventris
576 1348 636 1380 sui.
661 1348 735 1381 Luc.
761 1349 787 1381 l.

142 1454 218 1491 Hie
254 1467 342 1492 sane
377 1454 484 1491 facile
520 1458 575 1492 est
611 1454 747 1500 videre,
782 1469 802 1492 a
839 1455 949 1493 nobis
987 1460 1085 1494 stare
1113 1457 1213 1494 hune
1241 1458 1395 1495 Ioannis
1422 1458 1558 1503 locum,
1587 1458 1618 1495 si

91 1521 188 1556 recte
230 1518 484 1568 intellig-atum
521 1519 741 1570 reprehendi
787 1532 873 1557 vero
911 1523 1041 1557 nostra
1076 1520 1334 1572 interpretatio
1372 1535 1444 1559 non
1482 1526 1619 1573 potest,

88 1586 329 1633 posteaquam
362 1583 480 1620 totius
508 1584 712 1634 scripturae
740 1596 962 1621 consensum
991 1585 1139 1629 retinet,
1166 1589 1202 1622 et
1230 1598 1274 1623 ex
1303 1585 1490 1636 frequenti
1516 1585 1617 1623 illius

88 1661 158 1685 usu
195 1647 388 1698 desumpta
424 1648 594 1686 habetur.
649 1648 726 1686 Alii
760 1648 845 1694 loci,
871 1662 966 1699 quos
1004 1653 1047 1687 tu
1083 1650 1144 1686 hic
1171 1650 1307 1696 adfers,
1334 1664 1452 1700 neque
1477 1651 1516 1688 in
1546 1650 1617 1687 hoe

87 1711 234 1762 proprie
261 1714 349 1749 sunt
383 1711 535 1762 proditi,
570 1716 612 1749 ut
650 1712 759 1749 nobis
795 1713 1014 1762 mysterium
1052 1714 1306 1764 conceptionis
1336 1714 1475 1751 Christi
1501 1727 1616 1764 expo-

88 1779 192 1821 nant,
225 1779 263 1813 et
298 1776 514 1827 simpliciter
548 1777 667 1827 accipi
704 1790 779 1814 non
815 1781 976 1828 possunt
1012 1782 1164 1829 propter
1200 1779 1368 1815 locorum
1405 1792 1617 1829 repugnan-

86 1841 190 1885 tiam,
225 1854 319 1891 quae
351 1854 428 1879 non
465 1833 618 1892 patitur,
645 1846 687 1880 ut
715 1842 827 1880 verba
854 1855 983 1880 eorum
1011 1843 1110 1881 nude
1137 1857 1180 1880 ac
1208 1844 1425 1894 simpliciter
1452 1856 1616 1894 expona-

88 1916 183 1941 mus.
237 1902 317 1940 Iam
355 1903 447 1941 loeis
482 1905 740 1954 pugnantibus
779 1904 872 1941 nihil
909 1905 1000 1942 effici
1035 1918 1144 1956 posse
1184 1906 1333 1951 scimus,
1369 1906 1442 1943 nisi
1470 1906 1617 1943 sublata

87 1967 190 2018 prius
226 1967 329 2004 omni
363 1968 621 2018 repugnantia,
657 1972 700 2005 ut
738 1969 942 2019 scripturae
979 1970 1220 2007 autoritatem
1255 1975 1366 2021 atque
1394 1984 1617 2008 consensum

88 2032 233 2069 salvum
267 2031 406 2081 ubique
441 2031 677 2070 retineamus.
731 2032 876 2070 Deinde
913 2033 1112 2071 discrimen
1149 2035 1261 2071 etiam
1297 2036 1494 2072 observare
1519 2035 1617 2072 inter

87 2097 203 2137 locos,
238 2100 280 2133 ut
307 2100 415 2133 antea
443 2109 592 2146 quoque
619 2096 760 2134 dictum
787 2101 855 2143 est,
882 2097 1074 2142 debemus,
1099 2099 1253 2149 quinam
1279 2100 1427 2150 proprie
1453 2102 1616 2137 tractent

87 2161 240 2211 aliquid,
274 2165 310 2198 et
338 2160 402 2211 qui
429 2160 529 2198 aliud
557 2165 710 2209 agentes
737 2162 903 2199 eiusdem
929 2163 983 2200 rei
1009 2163 1132 2200 obiter
1159 2164 1271 2200 etiam
1297 2164 1547 2208 meminerint,
1574 2168 1616 2201 ut

89 2238 164 2262 non
198 2238 244 2262 ex
279 2224 410 2262 alienis
444 2225 627 2275 proprios,
664 2225 726 2262 sed
754 2239 799 2263 ex
824 2227 993 2277 propriis
1012 2227 1153 2265 alienos
1180 2228 1305 2278 potius
1332 2232 1368 2265 et
1394 2228 1614 2279 interprete-

88 2303 172 2327 mur
206 2294 243 2327 et
279 2289 527 2327 aestimemus.
581 2290 710 2328 Quare
736 2294 823 2328 ante
850 2291 975 2329 omnia
1002 2292 1098 2336 loca,
1125 2306 1218 2342 quae
1246 2292 1382 2331 adferri
1408 2307 1429 2330 a
1456 2297 1493 2330 te
1519 2293 1615 2330 tuis-

87 2368 158 2406 que
195 2355 328 2400 solent,
363 2354 650 2396 recensebimus,
685 2359 735 2399 et,
770 2359 812 2392 ut
846 2356 997 2393 illorum
1026 2358 1273 2407 repugnantia
1303 2371 1385 2395 cum
1413 2358 1495 2396 aliis
1522 2358 1615 2395 loeis

87 2419 233 2457 facilius
271 2419 496 2470 deprehendi
531 2420 663 2469 possit,
698 2419 882 2458 antitheta
910 2420 958 2468 (F
987 2423 1044 2468 vu)
1071 2421 1238 2471 ipsorum
1265 2435 1283 2459 e
1310 2422 1462 2471 regione
1490 2422 1614 2459 cuius-

87 2498 159 2534 que
192 2484 383 2528 addemus,
419 2496 512 2534 quae
549 2496 636 2521 sane
670 2483 709 2520 in
747 2485 984 2522 concordiam
1020 2485 1145 2522 reduci
1180 2486 1283 2536 prius
1320 2500 1339 2523 a
1367 2487 1474 2524 vobis
1502 2487 1614 2523 debe-

90 2548 192 2590 bant,
236 2561 348 2598 quam
387 2548 519 2585 vestris
554 2547 769 2584 istiusmodi
804 2548 896 2585 locis
932 2549 1073 2586 efficere
1107 2550 1311 2600 quidquam
1345 2550 1510 2601 possitis.
1564 2550 1613 2586 Et

86 2616 171 2662 post
208 2612 395 2650 sublatam
430 2612 520 2649 item
556 2612 839 2661 repugnantiam
876 2613 1207 2658 considerabimus,
1244 2615 1416 2658 vestrine,
1451 2628 1497 2651 an
1528 2626 1613 2650 vero

88 2678 207 2715 nostri
233 2678 318 2722 loci,
345 2677 464 2726 magis
491 2676 638 2727 proprie
666 2680 827 2713 tractent
854 2677 1072 2726 mysterium
1098 2677 1220 2727 ipsum
1248 2678 1466 2716 Dominieae
1490 2679 1612 2716 incar-

88 2741 263 2780 nationis.
288 2745 331 2778 ut
358 2740 625 2789 intelligamus,
652 2744 756 2776 utros
784 2753 828 2776 ex
855 2739 938 2776 aliis
966 2741 1088 2778 metiri
1115 2742 1382 2793 aestimarcque
1401 2743 1611 2781 debeamus.

89 2806 261 2843 Diximus
288 2810 412 2843 autem
440 2818 514 2843 non
543 2818 622 2842 esse
650 2804 759 2841 nobis
786 2803 1015 2842 invehendas
1044 2818 1158 2843 novas
1186 2819 1228 2843 ac
1253 2807 1424 2844 insolitas
1444 2807 1611 2857 Scriptu-

86 2884 147 2908 rae
173 2870 512 2922 interpretationes,
540 2869 602 2906 sed
630 2869 676 2906 iis
703 2869 828 2919 potius
855 2868 1036 2906 utendum
1063 2883 1154 2915 esse,
1181 2884 1273 2921 quas
1301 2874 1364 2908 aut
1390 2871 1430 2908 in
1457 2884 1499 2908 co
1520 2871 1615 2922 ipso,
