1818 3178
760 99 818 127 ΕΡ.
848 99 992 127 noem.
1581 93 1651 128 529

116 199 410 238 circumcisionis
446 200 652 252 exemplum
690 203 909 245 statuamus,
952 204 1017 239 aut
1054 201 1184 239 aetatis
1230 214 1384 239 scxusve
1430 201 1645 240 discrimina

119 265 367 303 observemus.
397 264 530 315 Neque
557 264 655 303 enim
684 265 844 316 amplius
871 266 910 303 in
939 265 1089 303 Christo
1116 266 1304 303 masculus
1324 270 1387 303 aut
1402 266 1554 311 femina,
1571 279 1648 304 non

116 342 269 379 graecus
305 333 367 367 aut
403 329 568 375 iudaeus,
606 342 684 368 non
721 329 870 368 adultus
905 334 968 367 aut
1003 330 1142 376 infans,
1179 344 1255 368 non
1282 331 1401 368 libera
1437 335 1502 368 aut
1529 343 1646 377 serva,

117 407 193 432 non
231 393 386 431 clericus
423 398 486 431 aut
522 394 652 441 laicus,
689 399 730 431 ut
758 398 906 440 vocant,
934 393 997 431 sed
1025 394 1064 431 in
1093 394 1270 431 omnibus
1308 394 1432 432 omnia
1463 394 1649 438 Christus,

115 464 150 497 et
179 472 309 497 omnes
337 460 377 496 in
405 459 471 496 illo
508 459 674 496 vicissim
708 471 805 497 nova
835 463 1003 496 creatura
1031 472 1096 509 per
1123 460 1429 510 acceptationem.
1484 460 1647 497 Tantum

114 522 230 564 abest,
258 525 299 558 ut
328 521 384 558 vel
413 521 595 559 foeminas
625 535 645 559 a
675 521 859 572 baptismo
889 533 1079 559 arceamus
1107 526 1301 573 propterea
1329 523 1430 573 quod
1458 523 1547 560 olim
1568 536 1644 560 non

114 585 482 631 circumciderentur,
510 586 566 623 vel
593 599 638 623 ex
665 585 815 622 illarum
843 585 1073 630 conditione,
1101 586 1202 636 quod
1221 587 1338 624 multo
1357 592 1412 625 est
1433 587 1646 630 absurdius,

112 650 276 688 infantes
313 654 464 688 nostros
501 650 644 687 omneis
681 649 890 703 metiamur.
944 650 1027 687 Stat
1065 663 1151 699 ergo
1189 651 1415 689 inconcussa
1444 656 1573 690 nostra
1602 651 1646 689 de

113 715 241 753 eodem
279 716 320 753 in
357 719 514 767 utraque
550 715 621 753 Dei
648 714 819 753 Ecclesia
849 718 1165 752 sacramentorum
1193 729 1265 753 usu
1293 721 1328 754 et
1362 717 1507 755 ratione
1534 731 1646 766 argu-

113 781 305 828 mentatio,
341 783 459 832 petita
496 794 542 818 ex
579 781 750 818 fontibus
788 780 1069 830 scripturarum,
1106 781 1314 819 certissima
1343 783 1466 820 omnis
1494 786 1646 820 nostrae

116 846 310 884 doctrinae
336 846 465 895 regula
493 846 578 894 (34)
608 849 642 883 et
672 844 932 883 fundamento.
961 844 1077 882 Nunc
1104 844 1151 882 ad
1180 846 1381 884 secundam
1410 852 1649 896 argumenta-

112 910 253 948 tionem
282 910 564 948 descendemus.

166 976 337 1013 Alterum
371 979 438 1021 est,
476 975 577 1026 quod
615 972 965 1024 paedobaptismum
993 977 1164 1012 nostrum
1193 975 1393 1013 manifeste
1421 976 1584 1013 adstruit
1612 981 1647 1014 et

112 1044 236 1079 tuetur
263 1040 441 1078 adversus
471 1053 599 1077 omnes
629 1052 774 1076 morsus
804 1037 1116 1078 adversariorum.
1160 1039 1295 1078 Exstat
1322 1041 1467 1079 clarum
1494 1054 1537 1078 ac
1567 1054 1644 1078 cer-

110 1109 193 1143 tum
222 1105 500 1143 testimonium:
530 1104 727 1141 Neminem
758 1115 913 1154 prorsus
941 1116 1062 1154 neque
1089 1104 1135 1141 ad
1164 1105 1310 1142 Patrem
1338 1105 1412 1143 nisi
1440 1119 1505 1156 per
1526 1107 1643 1144 filium

111 1183 232 1221 neque
267 1170 313 1207 ad
351 1170 469 1207 filium
500 1169 575 1207 nisi
602 1182 666 1219 per
694 1169 843 1205 Patrem
872 1168 999 1206 venire
1026 1181 1148 1219 posse.
1203 1169 1339 1207 Exstat
1365 1170 1465 1208 idem
1495 1171 1642 1209 disertis

111 1236 235 1273 verbis
272 1248 500 1286 expressum,
539 1234 693 1272 eandem
733 1246 816 1270 cum
844 1236 997 1284 paterna
1026 1226 1105 1272 essse
1132 1235 1201 1272 filii
1229 1236 1339 1272 etiam
1368 1240 1403 1274 et
1432 1236 1640 1274 doctrinam

110 1305 146 1338 et
179 1301 426 1349 voluntatem,
462 1299 562 1350 quod
599 1298 817 1350 praesertim
848 1296 895 1335 ad
926 1298 1057 1336 salutis
1086 1304 1237 1338 nostrae
1274 1301 1466 1350 negotium
1496 1303 1644 1341 attinet.

110 1367 143 1402 A
171 1367 276 1415 patre
303 1363 394 1401 exiit
421 1367 457 1401 et
483 1363 530 1400 ad
558 1370 700 1414 patrem
731 1365 853 1404 rediit.
892 1363 1038 1403 Deinde
1066 1377 1173 1403 usum
1203 1370 1520 1403 sacramentorum
1552 1366 1641 1404 hac-

106 1433 215 1466 tenus
245 1427 494 1465 necessarium
530 1428 577 1465 ad
616 1429 771 1468 salutem
801 1444 881 1471 esse
908 1434 1078 1476 testatur,
1107 1443 1191 1467 cum
1220 1430 1258 1467 in
1288 1431 1402 1468 veteri
1428 1431 1510 1480 lege
1538 1431 1638 1470 Deus

106 1493 196 1544 ipse,
231 1497 311 1530 tum
346 1492 385 1530 in
422 1506 520 1530 nova
556 1494 665 1531 etiam
706 1495 892 1543 Christus,
927 1501 968 1535 ut
1006 1496 1085 1534 sine
1114 1495 1244 1533 salutis
1273 1495 1490 1534 discrimine
1518 1497 1636 1535 haud-

107 1571 291 1609 quaquam
328 1556 482 1606 negligi,
512 1558 630 1595 multo
659 1559 783 1598 minus
812 1565 938 1600 autezn
969 1560 1160 1598 contemni
1187 1560 1319 1610 possit.
1376 1561 1482 1598 Haec
1521 1562 1638 1611 igitur

107 1622 220 1660 simul
249 1622 450 1659 coniuncta
477 1622 833 1674 Paedobaptismum
862 1630 1035 1664 nostrum
1054 1625 1258 1662 instituunt
1278 1624 1324 1662 ad
1342 1625 1442 1662 bunc
1462 1626 1635 1665 modum:

108 1687 155 1724 In
193 1686 251 1723 his
288 1699 381 1737 quae
410 1686 455 1723 ad
486 1687 643 1724 salutem
669 1690 860 1739 pertinent
888 1690 1018 1728 eadem
1046 1694 1101 1727 est
1128 1693 1305 1740 perpetua
1334 1690 1456 1727 Patris
1486 1695 1521 1728 et
1549 1691 1637 1730 Filii

107 1753 302 1791 voluntas:
331 1765 419 1789 usus
447 1757 764 1791 sacramentorum
791 1755 838 1792 ad
867 1755 1024 1793 salutem
1054 1758 1223 1792 nostram
1249 1754 1301 1792 ita
1317 1755 1490 1806 pertinet,
1512 1761 1551 1794 ut
1570 1771 1636 1795 ne-

108 1831 179 1869 que
215 1822 351 1855 temere
380 1816 533 1865 negligi,
562 1818 681 1855 multo
710 1819 835 1858 minus
863 1824 986 1858 autem
1015 1819 1203 1857 contemni
1231 1820 1370 1869 possit:
1398 1820 1437 1858 in
1464 1834 1536 1859 usu
1563 1821 1635 1871 igi-

104 1887 166 1920 tur
195 1886 513 1919 sacramentorum
541 1879 672 1919 eadem'
695 1888 751 1920 est
778 1888 954 1935 perpetuo
982 1883 1103 1921 Patris
1131 1887 1167 1921 et
1193 1882 1282 1920 Filii
1310 1885 1497 1924 voluntas.
1553 1887 1633 1925 Iam

110 1959 192 1984 cum
221 1945 460 1997 perspicuum
489 1945 537 1982 sit
567 1949 601 1982 et
629 1946 856 1997 baptismum
885 1952 921 1985 et
950 1947 1272 1985 circumcisionem
1300 1961 1379 1986 esse
1407 1957 1637 1990 sacramenta

107 2010 301 2049 Ecclesiae
338 2009 420 2056 Dei,
457 2009 603 2047 etiamsi
639 2010 819 2049 donemus
857 2011 1004 2050 diversa
1040 2025 1132 2058 esse,
1177 2025 1296 2063 neque
1333 2014 1490 2053 alterum
1527 2017 1635 2056 alteri

105 2077 343 2129 respondere,
379 2076 480 2127 quod
516 2080 641 2114 tamen
680 2077 805 2115 doceri
832 2091 952 2130 neque
979 2078 1102 2129 potuit
1131 2078 1308 2116 hactenus
1346 2094 1466 2132 neque
1500 2088 1636 2134 potest,

106 2142 347 2180 manifestum
385 2144 438 2177 est
473 2139 543 2177 filii
579 2141 811 2179 voluntatem
850 2143 886 2180 in
926 2142 1102 2193 baptismi
1138 2155 1206 2180 usu
1235 2144 1390 2181 eandem
1419 2145 1636 2188 hauddubie

105 2220 197 2252 esse,
233 2219 328 2257 quae
364 2209 400 2243 et
427 2204 549 2242 Patris
578 2205 667 2243 olim
696 2206 818 2245 fuerat
846 2207 884 2244 in
914 2220 981 2245 usu
1010 2207 1320 2247 circumcisionis.
1375 2209 1424 2248 Et
1452 2214 1631 2263 quoniam

106 2271 282 2310 mandato
321 2270 365 2308 de
401 2270 685 2309 circumcisione
719 2271 923 2310 infantium
951 2272 1120 2323 praedito
1149 2273 1241 2312 certi
1269 2287 1409 2322 sumus,
1436 2291 1543 2316 usum
1575 2295 1634 2318 sa-

108 2339 386 2374 cramentorum
421 2335 466 2373 ad
507 2335 673 2374 infantes
710 2350 859 2388 quoque
894 2337 1090 2388 pertinere,
1127 2360 1177 2366 —
1216 2339 1264 2376 ab
1292 2353 1334 2377 ea
1362 2354 1450 2379 sane
1476 2348 1632 2394 paterna

106 2402 298 2439 voluntate
326 2413 370 2437 ac
397 2399 570 2437 doctrina
597 2400 665 2438 filii
692 2414 840 2452 quoque
868 2401 913 2439 de
941 2402 1127 2453 baptismo
1158 2404 1366 2443 doctrinam
1395 2412 1430 2445 et
1459 2409 1634 2450 volunta-

105 2471 179 2504 tem
209 2465 332 2503 metiri
361 2465 553 2512 debemus,
580 2478 700 2516 neque
729 2466 916 2516 baptismo
945 2466 1124 2517 indignos
1153 2468 1378 2515 existimare,
1405 2486 1498 2523 quos
1525 2475 1635 2515 Pater

107 2531 208 2570 Deus
253 2530 495 2568 sacramentis
536 2530 613 2567 suis
651 2530 833 2580 indignos
870 2544 946 2569 non
983 2545 1062 2570 esse
1096 2532 1290 2573 iudicavit.
1346 2537 1481 2576 Sumus
1517 2539 1635 2590 igitur

107 2598 210 2642 certi,
245 2597 347 2647 quod
384 2596 428 2633 ad
466 2595 823 2647 Paedobaptismum
850 2601 1019 2635 nostrum
1049 2598 1195 2646 attinet,
1223 2599 1267 2638 de
1295 2601 1437 2640 Christi
1464 2604 1636 2644 doctrina

107 2662 143 2695 et
170 2657 375 2703 voluntate,
402 2669 514 2707 quam
545 2669 626 2693 cum
655 2661 809 2707 paterna
838 2658 991 2696 eandem
1020 2672 1099 2697 esse
1127 2660 1265 2699 scimus
1290 2657 1457 2703 et'nobis
1477 2679 1635 2718 sequen-

107 2723 192 2760 dam
220 2736 299 2760 esse
325 2725 512 2773 putamus.
542 2721 651 2760 Quae
679 2735 766 2760 vero
795 2722 856 2760 hic
884 2722 929 2760 de
957 2723 1087 2762 ordine
1114 2727 1308 2765 retinendo
1337 2728 1529 2768 doctrinae
1547 2733 1636 2771 fidei

105 2790 142 2825 et
178 2787 372 2837 signorum
409 2786 456 2824 ab
491 2786 714 2824 adversariis
743 2786 931 2834 dicuntur,
970 2802 1011 2827 ea
1039 2790 1135 2828 nihil
1163 2791 1235 2830 huc
1263 2794 1383 2832 facere
1410 2796 1522 2846 paulo
1550 2803 1636 2848 post

106 2850 359 2896 ostendemus,
395 2849 517 2888 multo
552 2849 675 2888 minus
713 2855 834 2889 autern
871 2851 996 2891 locum
1031 2852 1138 2892 illum
1179 2854 1299 2893 Marci
1336 2857 1489 2897 ultimo:
1521 2861 1637 2900 ssQui

163 2915 198 2955 Ι.
1436 2927 1482 2963 35
