1818 3178
177 129 249 163 456
676 132 890 161 RsssPoNsm
918 134 1012 163 mv,
1042 135 1159 162 nosm
1169 135 1207 163 M.

184 236 238 273 illi
283 236 329 273 de
364 233 524 272 arcenda
554 247 584 270 ,ει
621 234 722 283 Rege
757 234 955 271 tentatrice
992 236 1150 273 Satanae
1187 249 1275 275 voce
1319 237 1558 289 promissioni
1593 237 1703 275 fidem

181 301 337 351 ipsemet
379 298 682 346 ab-(181)rogat,
726 302 767 335 ut
803 299 913 335 facile
949 303 1136 349 appareat,
1180 313 1261 338 eum
1308 302 1408 339 aliud
1454 301 1549 339 nihil
1593 315 1702 352 quam

182 364 294 402 verba
326 374 442 412 eaque
476 361 637 398 invicem
681 361 888 412 pugnantia
931 361 971 399 in
1017 376 1055 400 re
1102 363 1243 413 alioqui
1286 369 1390 403 tanta
1437 366 1575 414 Regiae
1619 366 1702 403 Ma-

181 426 303 464 iesiati
330 425 428 471 dare,
456 425 556 475 quod
585 425 732 472 dicitur,
770 438 812 463 ae
847 426 1004 476 proinde
1038 426 1141 464 illam
1179 441 1327 478 quoque
1363 430 1491 467 fallere
1526 430 1702 467 voluisse.

184 490 332 529 Quodsi
367 490 406 526 in
443 489 530 526 fidei
568 489 896 540 solicitudinisque
932 503 1019 527 suae
1052 503 1119 541 pro
1158 491 1275 528 salute
1311 492 1427 541 Regia
1465 492 1702 530 commenda-

180 556 282 592 tione
308 554 361 591 ita
389 554 594 591 scurriliter
621 558 796 603 nugatur,
826 554 1004 604 quidnam
1032 555 1079 592 ab
1108 569 1150 593 eo
1178 556 1235 593 vel
1266 569 1397 607 operae
1434 558 1490 594 vel
1527 557 1607 608 opis
1644 558 1702 594 vel

181 618 328 656 consilii
365 618 412 655 sit
439 618 595 655 omnino
622 618 894 668 expectandum
921 619 958 656 in
987 620 1094 668 regni
1120 620 1237 657 totius
1270 620 1365 657 circa
1394 622 1608 670 religionem
1638 635 1703 672 pa-

182 683 390 722 cificatione
424 688 510 734 post
547 683 821 721 communicata
856 684 1073 734 praesertim
1108 684 1182 722 iam
1219 698 1345 722 recens
1384 699 1464 723 eum
1503 686 1602 736 Papa
1636 699 1701 723 suo

183 748 351 792 consilia,
379 749 488 785 facile
514 747 553 785 id
582 760 706 785 secum
734 748 899 798 prudens
927 749 1086 799 quisque
1116 749 1279 797 cogitare
1306 754 1443 801 potest.
1472 750 1526 787 Ut
1552 751 1700 787 interim

178 817 333 857 taceam,
359 812 459 862 quod
487 814 525 850 {e
550 812 705 863 ipsemet
732 813 810 849 eius
837 812 954 863 ipsius
983 826 1092 864 quam
1136 828 1160 851 n
1188 814 1298 851 nobis
1327 817 1477 852 damnat
1515 828 1533 851 a
1561 814 1700 851 Pinna-

181 876 296 912 culari
324 889 390 913 sua
417 876 586 914 Ecclesia
615 876 835 914 defectionis
863 877 1078 928 imprudens
1106 883 1268 916 accusat.
1324 879 1472 927 Negare
1498 879 1595 916 enim
1627 891 1700 916 non

178 944 312 990 potest,
338 954 376 978 se
404 954 562 991 quoque,
590 940 744 992 perinde
770 945 880 992 atque
907 956 976 980 nos
1005 955 1146 989 omnes,
1173 943 1212 980 in
1240 944 1315 980 imo
1336 944 1416 980 solo
1437 943 1574 980 versari
1593 956 1702 994 opor-

177 1010 254 1042 tere
281 1018 324 1042 ac
350 1006 507 1056 proinde
534 1019 555 1043 a
581 1006 822 1044 Pinnaculari
850 1007 957 1044 etiam
988 1008 1051 1044 illa
1079 1008 1248 1045 Ecclesia
1279 1007 1472 1051 excidisse,
1499 1013 1541 1045 ut
1569 1008 1702 1054 ruenti,

178 1070 208 1106 si
243 1069 322 1106 Deo
350 1070 481 1120 placet,
510 1070 604 1119 Regi
633 1083 738 1121 opem
768 1071 876 1115 ferat,
905 1071 979 1108 nisi
1007 1075 1085 1109 arte
1110 1072 1271 1122 quadam
1301 1071 1496 1113 Daedalea,
1525 1072 1601 1109 alas
1630 1072 1702 1108 sibi

179 1134 303 1170 nescio
340 1147 431 1184 quas
469 1134 640 1185 applicet,
677 1148 832 1185 quarum
861 1135 1047 1185 praesidio
1076 1135 1217 1172 scilicet
1256 1141 1407 1186 propter
1443 1135 1699 1186 Episcopalem

179 1199 418 1245 su-(182)um
448 1198 545 1235 forte
574 1198 838 1243 characterem,
867 1199 1040 1236 devolare
1068 1199 1157 1236 dum
1184 1199 1286 1246 libet,
1316 1204 1351 1237 et
1378 1199 1528 1250 quidem
1548 1200 1701 1236 celerius

178 1275 289 1312 quam
319 1263 375 1299 vel
402 1263 482 1300 Rex
510 1263 588 1313 ipse
614 1263 733 1314 possit
760 1276 876 1308 ruere,
903 1277 946 1301 ac
973 1278 1114 1308 rursus,
1134 1265 1221 1302 dum
1240 1265 1344 1308 libet,
1364 1265 1562 1302 subvolare
1581 1269 1701 1315 queat,

179 1328 326 1364 etiamsi
363 1327 567 1365 Daedaleas
595 1327 809 1365 istiusmodi
837 1328 1118 1366 subvolationes
1147 1329 1366 1379 Apostoliea
1394 1342 1469 1366 non
1498 1329 1602 1366 novit
1630 1328 1702 1365 Ee-

180 1392 302 1438 clesia,
337 1405 431 1443 quae
457 1405 586 1430 omnes
613 1393 652 1430 in
681 1406 829 1442 genere,
857 1393 922 1444 qui
949 1393 1164 1444 praesertim
1204 1394 1363 1431 scientes
1392 1407 1433 1430 ac
1461 1394 1625 1431 volentes
1654 1393 1700 1430 ab

178 1457 258 1507 ipsa
296 1457 461 1503 avolant,
498 1458 542 1494 ad
583 1471 620 1495 se
657 1457 752 1494 nihil
787 1459 973 1508 pertinere
1000 1461 1173 1504 testatur,
1201 1459 1336 1496 nedum
1364 1463 1406 1496 ut
1435 1458 1578 1495 Hosius
1606 1459 1703 1495 inte-

175 1535 286 1571 grum
322 1522 398 1560 sibi
439 1523 521 1560 fore
556 1523 797 1572 imaginetur,
824 1524 990 1561 revolare
1028 1537 1174 1562 rursum
1212 1524 1258 1561 ad
1286 1524 1570 1561 Pinnacularcm
1600 1536 1701 1561 suam

180 1586 402 1633 Ecclesiam,
437 1601 457 1624 a
485 1601 557 1638 qua
587 1588 700 1625 semel
728 1588 926 1634 devolavit,
953 1592 1211 1640 praeterquam
1240 1589 1270 1626 si
1298 1601 1379 1626 eam
1407 1589 1562 1639 ipsemet
1589 1588 1701 1636 longe

180 1651 227 1687 ab
255 1652 476 1702 Apostolica
504 1651 688 1690 diversam
716 1666 795 1691 esse
820 1653 972 1691 tandem
1000 1654 1110 1691 fateri
1138 1654 1237 1692 velit.
1295 1653 1399 1691 Quin
1427 1654 1552 1704 potius
1578 1653 1616 1690 id
1646 1666 1703 1690 se-

180 1728 264 1753 cum
301 1717 495 1766 cogitabit,
530 1731 579 1764 se,
617 1718 704 1755 dum
741 1723 898 1770 utraque
934 1719 1036 1764 sella,
1072 1718 1170 1769 quod
1211 1718 1328 1764 aiunt,
1363 1718 1488 1756 sedere
1525 1719 1638 1769 cupit,
1664 1719 1701 1755 in

178 1784 310 1819 neutra
345 1794 626 1831 permansurum
662 1795 752 1829 esse,
788 1786 823 1820 et
858 1796 928 1820 nos
956 1783 1119 1834 quidem,
1147 1783 1234 1820 dum
1263 1783 1350 1821 talis
1378 1791 1445 1829 est,
1476 1783 1628 1832 adiungi
1656 1783 1703 1819 il-

180 1846 260 1883 lum
296 1846 406 1884 nobis
442 1860 517 1885 non
547 1847 793 1897 postulamus.
846 1848 946 1898 Papa
975 1861 1073 1893 vero,
1102 1848 1131 1885 si
1159 1847 1347 1896 intelligat
1376 1852 1411 1885 et
1438 1847 1498 1884 hic
1528 1848 1636 1884 nobis
1665 1848 1699 1885 in

181 1910 256 1948 imo
286 1911 379 1957 solo,
406 1913 535 1950 relicto
564 1913 680 1964 ipsius
708 1913 929 1958 Pinnaculo,
954 1913 1161 1951 EccleSIam
1181 1913 1426 1950 nihilominus
1447 1912 1514 1950 Dei
1532 1913 1707 1963 permitti,

181 1975 281 2013 haud
318 1976 394 2014 scio
431 1990 478 2014 an
506 1990 582 2014 non
611 1977 738 2015 eodem
768 1977 889 2029 ipsum
917 1979 1001 2016 loco
1030 1977 1226 2015 nobiscum
1257 1978 1304 2015 sit
1331 1978 1377 2015 ad
1406 1981 1611 2015 extremum
1639 1978 1703 2014 ha—

183 2039 344 2079 biturus.
383 2041 454 2078 Sed
484 2041 594 2078 nobis
623 2041 717 2078 nihil
745 2041 790 2078 ad
819 2042 955 2093 Papam
987 2042 1183 2092 sedemque
1212 2041 1473 2092 Apostaticam
1514 2043 1623 2089 (183)
1652 2042 1707 2091 ip-

182 2105 270 2150 sius,
305 2109 450 2142 tantum
488 2105 607 2143 obiter
642 2105 769 2142 indico
798 2106 1014 2144 futilitatem
1043 2106 1219 2152 hominis,
1247 2106 1310 2156 qui
1343 2110 1379 2143 et
1419 2105 1517 2155 quod
1547 2106 1709 2153 negavit,

185 2170 353 2215 affirmat,
386 2173 423 2207 et
450 2170 549 2220 quod
578 2170 785 2218 affirmavit,
812 2175 936 2220 negat.
990 2171 1199 2208 Affirmavit
1229 2178 1346 2216 antea,
1376 2183 1444 2208 nos
1471 2183 1489 2207 a
1519 2170 1705 2207 Pinnacu-

183 2233 254 2271 lari
282 2247 348 2271 sua
375 2233 543 2272 Ecclesia
570 2234 753 2272 excidisse
780 2239 892 2286 atque
918 2235 956 2272 in
987 2235 1061 2272 imo
1091 2235 1171 2272 solo
1198 2235 1271 2272 iam
1301 2235 1451 2272 versari.
1483 2234 1596 2271 Nune
1623 2248 1705 2271 rur·

187 2313 268 2337 sum
304 2313 374 2338 nos
408 2301 487 2338 illic
523 2305 684 2339 statuere
720 2305 888 2347 conatur,
919 2305 956 2339 ut
983 2302 1218 2339 tentatricem
1246 2301 1348 2338 illam
1385 2302 1543 2338 Satanae
1580 2313 1705 2337 vocem

186 2364 232 2401 (le
267 2365 574 2417 praecipitatione
609 2366 779 2404 occinere
813 2366 1013 2417 possimus.
1067 2367 1191 2416 Atque
1236 2366 1323 2402 item
1361 2378 1442 2401 cnm
1482 2377 1519 2402 se
1556 2364 1593 2401 in
1632 2364 1706 2400 imo

186 2428 383 2467 nobiscum
410 2443 490 2468 esse
515 2435 624 2468 antea
651 2435 834 2480 negasset,
862 2430 926 2468 sed
955 2443 992 2467 se
1019 2430 1056 2467 in
1084 2429 1293 2467 Pinnaculo
1323 2428 1592 2466 dehortatorem
1615 2427 1707 2474 Regi

187 2493 266 2530 fore
300 2493 545 2543 promitteret,
581 2507 680 2532 nunc
716 2507 863 2532 rursum
898 2498 939 2531 ut
967 2494 1061 2542 Regi
1088 2494 1126 2530 in
1154 2506 1329 2545 praeceps
1356 2493 1478 2530 ruenti
1507 2495 1709 2535 succurrat,

191 2572 266 2596 non
304 2558 475 2609 equidem
514 2560 673 2610 amplius
712 2573 749 2597 sc
781 2559 821 2596 in
858 2559 1079 2602 Pinnaculo,
1108 2558 1171 2595 sed
1199 2558 1275 2595 imo
1302 2558 1374 2595 iam
1405 2557 1598 2595 nobiscum
1628 2555 1707 2592 solo

187 2634 267 2657 esse
292 2623 462 2659 testatur.
491 2621 680 2658 Nimirum
716 2621 767 2658 ita
802 2634 866 2671 per
902 2621 1102 2671 ipsummet
1140 2620 1247 2671 prodi
1285 2619 1480 2670 oportebat
1515 2617 1705 2654 scurrilem

189 2693 342 2732 prorsus
377 2680 538 2718 hominis
572 2681 758 2718 levitatem
798 2684 833 2718 et
869 2681 1167 2730 incogitantiam,
1201 2684 1242 2718 ut
1278 2684 1342 2717 aut
1376 2692 1413 2716 se
1448 2679 1570 2729 ipsum
1598 2678 1708 2714 unius

190 2744 427 2795 eiusdemque
465 2744 630 2781 criminis
660 2745 765 2795 culpa
794 2745 991 2782 nobiscum
1024 2745 1307 2789 contaminaret,
1335 2756 1464 2793 nempe
1493 2742 1710 2779 defectionis

191 2811 238 2846 ab
269 2809 448 2854 Ecclesia,
475 2822 583 2860 quam
613 2810 692 2859 ipse
718 2823 782 2859 per
809 2810 1059 2847 Pinnaculum
1087 2809 1302 2847 adumbrari
1330 2808 1450 2855 fingit,
1476 2826 1526 2834 —-—
1553 2811 1616 2844 aut
1644 2820 1712 2844 nos

195 2888 316 2912 secum
355 2875 494 2926 alioqui
533 2874 634 2911 omni
673 2874 740 2911 liae
775 2874 813 2911 in
850 2878 954 2923 parte
991 2874 1099 2924 culpa
1135 2874 1322 2915 liberaret,
1351 2871 1533 2922 siquidem
1564 2876 1600 2908 et
1626 2872 1716 2921 ipse.
