1818 3178
221 167 294 204 354

229 277 365 326 quibus
400 289 487 313 sane
523 274 650 312 multis
687 288 788 313 nune
823 289 946 325 agere,
983 290 1101 328 neque
1137 280 1191 314 est
1218 278 1289 316 mei
1319 279 1365 316 ad
1392 292 1565 329 praesens
1593 280 1759 319 instituti

231 340 355 376 —alio
384 340 482 376 enim
511 344 649 389 specto,
677 352 787 389 quam
815 345 856 377 ut
877 354 955 377 eam
985 341 1084 391 apud
1112 354 1177 378 vos
1207 342 1441 380 Camarinam
1469 357 1697 382 moveam—
1724 351 1761 383 et

231 403 450 453 iampridem
478 403 620 454 alioqui
648 404 773 450 statui,
799 404 1077 455 improbitatem
1104 405 1269 456 ipsorum
1295 408 1475 458 patientia
1502 422 1582 446 mea
1601 409 1760 448 vincere.

235 468 399 504 Tantum
432 467 470 503 id
499 467 620 505 obiter
647 468 828 517 attingere
857 470 907 506 ita
937 469 1049 513 volui,
1077 474 1117 506 ut
1143 483 1268 507 eorum
1296 473 1491 510 calumniis
1519 486 1762 520 occurrerem,

232 530 296 580 qui
331 544 451 568 meam
484 544 543 568 me
572 533 657 579 (12)
693 533 1028 582 peregrinationem
1066 534 1190 571 nescio
1228 547 1301 584 quo
1329 537 1468 586 patriae
1496 543 1643 574 nostrae
1671 551 1760 575 con-

231 599 375 645 temptu
410 599 522 645 atque
557 595 643 632 odio
681 597 889 635 instituisse
925 599 1087 646 fingunt,
1144 598 1240 636 Mihi
1267 613 1354 637 sane
1381 614 1499 651 neque
1528 607 1759 653 contemptus

231 661 372 711 patriae
410 662 521 707 ullus,
554 661 658 699 euius
695 676 836 700 summa
874 663 1014 713 alioqui
1052 663 1230 701 beneficia
1267 678 1442 714 agnosco,
1478 679 1597 716 neque
1632 666 1759 703 odium

230 724 318 761 item
351 725 483 772 ullum,
519 738 602 762 cum
638 726 818 777 meipsum
854 727 910 764 illi
947 728 1149 765 seeundum
1177 729 1295 767 Deum
1325 730 1457 768 debere
1483 732 1644 781 ingenue
1670 745 1758 783 pro-

231 790 350 834 fitear,
387 790 427 827 in
464 803 572 828 eausa
609 791 692 836 fuit,
727 796 767 829 ut
803 792 1141 842 peregrinationem
1178 807 1295 831 meam
1324 795 1569 841 instituerem,
1597 797 1660 833 sed
1688 797 1758 834 im·

229 855 347 904 pietas
383 855 464 905 ipsa
500 860 610 906 atque
646 856 878 894 abominatio
915 857 952 894 in
992 870 1033 894 eo
1062 857 1158 895 vitae
1185 871 1332 907 genere.
1358 859 1396 896 in
1425 873 1496 910 quo
1523 860 1609 897 istie
1636 874 1759 897 versa-

230 919 309 963 bar,
349 920 388 957 in
423 920 610 971 Papistieo
648 921 801 971 inquam
838 922 1057 966 sacerdotio,
1097 936 1170 973 quo
1208 936 1267 960 me
1292 924 1452 962 liberare
1478 938 1554 962 non
1582 929 1760 975 poteram,

227 984 262 1021 'si
295 985 382 1022 istic
417 998 566 1022 manere
602 986 815 1024 voluissem.
868 986 1069 1024 Enimvero
1099 1000 1213 1037 quum
1240 988 1280 1024 id
1307 1001 1352 1026 ex
1381 988 1560 1027 diametro
1587 990 1696 1040 plane
1723 994 1759 1027 et

230 1049 382 1099 quidem
423 1049 552 1086 multis
596 1049 814 1087 nominibus
861 1063 943 1087 eum
993 1050 1132 1088 Christi
1176 1051 1331 1090 Domini
1367 1067 1509 1090 summo
1546 1054 1687 1104 alioqui
1723 1057 1759 1091 et

229 1117 382 1150 aeterno
420 1113 626 1151 sacerdotio
661 1119 802 1164 pugnet
839 1114 1006 1161 omnino,
1043 1128 1162 1165 neque
1191 1115 1270 1154 sine
1297 1116 1470 1154 horribili
1496 1117 1596 1154 illius
1626 1121 1758 1154 eontu-

232 1177 342 1214 melia
376 1177 529 1215 retineri
555 1177 673 1228 possit
698 1200 750 1207 —-
776 1178 815 1215 id
842 1179 943 1228 quod
972 1192 1059 1216 sane
1088 1180 1222 1217 clarius
1250 1184 1316 1224 est,
1343 1194 1453 1231 quam
1479 1186 1520 1218 ut
1549 1182 1604 1217 vel
1630 1181 1758 1229 negari

230 1241 318 1286 iam,
354 1241 411 1278 vel
444 1241 555 1278 etiam
585 1241 811 1279 dissimulari
836 1242 954 1293 possit
980 1265 1030 1271 —
1056 1256 1132 1280 non
1161 1244 1320 1294 amplius
1347 1249 1382 1282 et
1410 1258 1478 1294 ego
1506 1246 1545 1282 in
1572 1244 1637 1281 illo
1665 1244 1757 1281 mihi

233 1304 460 1342 haerendum
487 1318 566 1342 esse
593 1305 813 1344 existimavi.
852 1306 1079 1357 Quanquam
1108 1312 1230 1345 autem
1260 1307 1438 1345 haetenus
1467 1321 1619 1359 corpore
1645 1308 1759 1346 istinc

232 1369 350 1414 abfui,
393 1369 519 1406 animo
565 1374 688 1407 tamen
735 1383 777 1407 ae
819 1370 951 1421 spiritu
988 1384 1068 1408 meo
1107 1371 1213 1408 vobis
1252 1371 1398 1422 totique
1436 1377 1585 1409 nostrae
1619 1371 1759 1422 patriae

230 1446 423 1484 nunquam
461 1433 575 1478 defui,
618 1447 760 1471 memor
806 1434 918 1472 vestri
954 1447 1096 1485 semper
1132 1436 1217 1483 (13)
1254 1435 1292 1472 in
1329 1435 1580 1473 Eeclesiarum
1616 1435 1756 1471 interea

230 1497 324 1534 mihi
351 1497 650 1535 concreditarum
678 1498 851 1548 precibus
879 1499 1140 1549 perpetuisque
1169 1512 1311 1550 semper
1339 1499 1520 1550 suspiriis,
1548 1499 1579 1536 si
1606 1498 1756 1549 quaudo

231 1562 416 1599 Dominus
452 1563 612 1611 gratiam
647 1576 752 1600 suam
780 1563 943 1608 adderet,
970 1568 1023 1608 ut,
1049 1565 1225 1614 propulsa
1252 1568 1287 1601 et
1312 1564 1398 1602 istic
1425 1564 1536 1601 semel
1563 1563 1758 1600 Antichri-

230 1626 352 1664 stiana
387 1626 735 1677 ventrispiritalium
765 1632 979 1664 nostrorum
1007 1627 1220 1677 tyrannide,
1245 1628 1312 1665 lux
1338 1628 1488 1665 tandem
1515 1627 1624 1664 etiam
1654 1629 1756 1677 Apo-

230 1691 383 1730 stolieae
419 1696 530 1742 atque
566 1691 817 1740 Euangelicae
853 1692 1044 1730 doctrinae
1080 1692 1185 1730 vobis
1219 1697 1255 1730 et
1290 1692 1361 1730 toti
1388 1693 1498 1729 simul
1524 1692 1665 1743 patriae
1692 1691 1757 1728 ad-

229 1757 402 1806 fulgeret.
456 1757 608 1806 Agnovi
643 1756 793 1807 publice
830 1770 984 1808 semper,
1020 1757 1085 1794 ubi
1111 1757 1178 1794 ubi
1207 1761 1372 1795 versatus
1402 1771 1494 1803 sum,
1522 1770 1640 1794 meum
1669 1769 1756 1805 erga

228 1820 388 1870 patriam
426 1819 594 1857 debitum
629 1819 669 1856 in
707 1820 807 1857 hunc
841 1834 959 1870 usque
989 1820 1098 1865 diem,
1134 1833 1253 1870 neque
1282 1820 1347 1858 ulli
1375 1833 1432 1857 me
1459 1833 1615 1870 usquam
1642 1819 1754 1856 mini-

228 1884 341 1922 sterio
385 1884 582 1929 adstrinxi,
618 1884 707 1934 quin
747 1897 889 1934 semper
924 1884 1084 1935 patriam
1112 1884 1331 1935 exceperim,
1368 1884 1399 1921 si
1427 1883 1575 1934 quando
1606 1896 1753 1934 operam

225 1947 291 1985 illa
319 1962 438 1986 meam
466 1948 668 1999 requireret
698 1949 793 1986 eirea
822 1949 1015 1997 religionis
1042 1949 1279 2000 potissimum
1306 1949 1626 1986 instaurationem.
1682 1948 1754 1984 Te·

227 2016 347 2050 status
383 2012 421 2049 id
459 2025 539 2049 sum
579 2012 715 2050 diserte
742 2012 854 2063 idque
880 2012 1030 2063 pluries,
1057 2026 1139 2050 cum
1167 2013 1264 2064 apud
1293 2014 1429 2050 multos
1456 2012 1542 2049 istie
1566 2012 1754 2063 privatim,

221 2080 302 2114 tum
341 2090 425 2114 vero
462 2076 575 2114 etiam
609 2077 707 2127 apud
750 2077 985 2115 Maiestatem
1021 2078 1139 2128 ipsam
1169 2077 1345 2126 Regiam3
1383 2090 1476 2127 quae
1505 2080 1602 2114 certe
1629 2076 1753 2114 omnia

221 2141 518 2180 luculentissima
546 2155 625 2179 esse
654 2141 875 2179 documenta
905 2142 1079 2184 arbitror,
1106 2146 1146 2179 ut
1174 2141 1245 2178 alia
1274 2146 1427 2186 taceam,
1456 2154 1512 2178 me
1539 2154 1648 2191 quam
1668 2141 1752 2178 lon-

221 2206 374 2254 gissime
415 2205 666 2257 proculdubio
713 2206 759 2242 ab
806 2206 908 2243 omni
954 2205 1095 2256 patriae
1131 2209 1279 2243 nostrae
1315 2206 1392 2242 sive
1429 2208 1641 2255 contemptu
1677 2205 1753 2242 sive

221 2270 308 2307 odio
347 2283 488 2320 semper
526 2269 704 2314 abfuisse,
740 2270 812 2307 nisi
855 2270 955 2320 quod
982 2270 1021 2306 in
1048 2269 1230 2307 mutando
1256 2269 1372 2319 impio
1400 2282 1552 2319 prorsus
1583 2269 1752 2319 blasphe-

223 2346 358 2383 moque
393 2334 491 2370 vitae
525 2346 629 2370 meae
664 2345 800 2381 genere
827 2338 1005 2370 maiorem
1032 2332 1125 2370 mihi
1152 2332 1335 2370 rationem
1363 2331 1434 2369 Dei
1462 2345 1571 2382 quam
1598 2333 1751 2381 pa-(l4)

222 2397 316 2435 triae
352 2397 561 2435 habendam
602 2411 681 2435 esse
708 2411 785 2434 non
815 2397 996 2436 dubitavi.
1050 2398 1181 2443 Porro,
1207 2396 1519 2448 quemadmodum
1548 2395 1752 2433 Pharisaici

224 2462 297 2499 mei
332 2463 495 2500 instituti
529 2463 720 2513 impietate
756 2462 953 2506 adductus,
989 2476 1141 2514 peregre
1169 2462 1348 2500 hactenus
1378 2461 1464 2506 vixi,
1499 2461 1547 2497 ita
1578 2474 1666 2498 sane
1691 2461 1751 2498 in-

226 2527 393 2565 credibili
432 2541 574 2579 semper
610 2527 787 2565 audiendi
823 2528 965 2578 aliquid
1002 2528 1046 2565 de
1083 2541 1189 2565 verae
1225 2527 1309 2565 istie
1346 2525 1535 2575 religionis
1563 2525 1750 2563 instaura-

225 2591 327 2629 tione
373 2592 554 2632 desiderio
602 2592 767 2635 tenebar,
811 2592 980 2629 foelicem
1025 2605 1084 2629 me
1121 2591 1292 2629 videlieet
1329 2591 1407 2627 fore
1442 2595 1557 2633 ratus,
1593 2589 1623 2626 si
1659 2589 1749 2640 quid

226 2655 336 2693 huius
373 2659 473 2692 certo
508 2656 647 2706 alioqui
684 2656 811 2693 audire
846 2669 1006 2706 possem.
1062 2657 1153 2693 Cum
1190 2655 1303 2705 igitur
1330 2655 1368 2692 iu
1395 2667 1475 2690 meo
1504 2652 1647 2703 pridem
1676 2654 1749 2691 huc

224 2719 399 2763 adventu,
444 2733 518 2757 non
566 2721 686 2757 solum
732 2720 930 2765 audissem,
967 2720 1029 2758 sed
1066 2721 1268 2757 multorum
1305 2718 1414 2755 etiam
1450 2717 1569 2755 literis
1607 2717 1747 2768 aliquid

226 2784 337 2821 huius
375 2785 633 2820 confirmatum
670 2784 908 2835 accepissem,
949 2784 1121 2833 ingratus
1157 2784 1249 2821 mihi
1282 2783 1392 2833 plane
1427 2794 1516 2831 erga
1543 2781 1663 2819 Deum
1689 2782 1746 2832 ip·

223 2862 316 2892 sum,
351 2862 437 2898 erga
472 2848 630 2898 patriam
667 2862 752 2886 vero
792 2849 985 2898 negligens
1022 2853 1132 2899 atque
1164 2847 1390 2886 inofficiosus
1417 2846 1496 2883 fore
1525 2846 1688 2891 videbar,
1715 2847 1747 2884 si

222 2926 298 2951 non
335 2912 462 2962 gaudii
497 2911 594 2962 apud
631 2912 712 2962 pios
750 2912 821 2949 mei
855 2912 1037 2950 indicium
1065 2912 1150 2949 istie
1177 2911 1367 2962 publicum
1395 2910 1548 2960 aliquod
1574 2910 1745 2954 facerem,

214 2977 362 3028 ipsique
406 2977 496 3014 adeo
542 2977 682 3027 patriae
727 2981 876 3014 nostrae
920 2975 1067 3026 publice
1103 2975 1211 3013 etiam
1247 2975 1466 3025 gratularer.
1521 2973 1670 3012 Obtulit
1706 2986 1744 3011 se
