1818 3178
155 155 228 191 344

158 264 391 316 impudentes
437 261 599 298 hominis
636 259 768 297 furiosi
805 258 1008 307 calumnias
1044 260 1080 295 et
1113 256 1434 296 debacchationes.
1489 257 1561 295 Sed
1598 270 1681 296 cum

161 343 237 368 non
272 333 348 365 tam
383 339 441 363 me
474 328 620 362 tantum
657 324 719 360 hic
743 324 785 361 in
812 322 948 373 scripto
976 323 1048 360 isto
1077 335 1143 359 suo
1179 326 1280 373 petat
1315 321 1478 370 (etiamsi
1504 322 1544 359 id
1572 322 1681 360 dissi-

162 393 307 440 mulet),
334 404 445 441 quam
472 389 556 438 (fol.
585 390 678 437 124)
706 401 833 426 omnes
848 387 973 438 potius
994 386 1212 437 Peregrinas
1231 386 1684 432 FrancofortiEcclesias,

164 469 318 508 quarum
355 454 505 492 nomine
540 453 718 502 Piirgatio
756 456 883 491 nostra
923 452 1095 501 evulgata
1131 454 1198 496 est,
1231 455 1267 489 et
1293 452 1459 503 plerique
1494 465 1514 489 a
1541 465 1599 489 me
1626 465 1684 489 re-

165 519 402 571 sponsionem
439 517 683 568 postularent,
728 529 862 565 negare
897 529 974 554 non
1007 515 1113 566 potui
1140 515 1330 560 fratribus,
1356 516 1456 566 quod
1484 529 1504 553 a
1530 529 1589 553 me
1615 516 1685 553 fla-

161 584 344 634 gitabant.
399 581 591 633 Respondi
616 582 745 631 igitur,
771 593 982 632 quanquam
1010 580 1162 625 invitus,
1190 593 1278 617 eum
1305 580 1507 631 alioquiet
1533 580 1684 631 gravio-

161 648 265 685 ribus
310 647 427 684 multo
475 646 635 695 negotiis
680 645 922 694 distringerer
956 648 992 682 et
1026 644 1168 682 morbis
1205 645 1362 682 subinde
1408 645 1684 683 recurrentibus

163 725 363 750 exercerer.
419 710 611 761 Respondi
648 713 770 747 autem
802 709 983 760 prolixius
1020 709 1191 754 fortasse,
1235 709 1298 746 sed
1337 709 1409 746 hoc
1448 709 1519 746 feci
1556 709 1600 747 de
1626 710 1685 747 in-

166 776 320 820 dustria,
355 779 434 812 tum
470 779 511 812 ut
546 774 762 812 mendacem
799 773 961 811 hominis
999 772 1252 810 calumniandi
1287 776 1490 824 nostraque
1516 775 1686 811 malicio-

165 853 244 878 sam
272 838 497 889 depravandi
523 838 717 875 libidinem
745 837 793 875 ob
820 838 947 874 oculos
975 837 1141 874 omnium
1166 849 1354 887 ponerem,
1389 840 1468 874 tum
1489 841 1528 876 ut
1548 842 1688 885 nostra,

165 917 259 955 quae
285 904 348 941 ille
374 903 550 948 traducit,
575 903 719 953 plenius
747 903 938 953 aliquanto
966 902 1099 948 adhuc,
1127 906 1309 952 quantum
1337 915 1425 940 sane
1452 903 1570 949 licuit,
1597 916 1686 941 con—

166 970 364 1007 firmarem.
402 968 535 1018 Neque
561 967 660 1005 enim
687 968 833 1004 animus
861 971 916 1005 est
943 967 1099 1017 amplius
1126 980 1292 1017 unquam
1319 967 1396 1005 eius
1426 968 1687 1019 Sycophantiis

165 1032 399 1083 respondere,
445 1032 579 1082 quibus
625 1031 776 1082 alioqui,
819 1032 870 1068 ita
914 1031 1127 1082 praesertim
1172 1031 1439 1082 pervicacibus,
1483 1033 1687 1084 antiquitas

164 1097 237 1134 iam
265 1096 354 1133 olim
382 1096 526 1133 nullum
554 1095 757 1133 remedium
786 1095 924 1133 adferri
952 1108 1061 1146 posse
1087 1099 1255 1134 testatur.
1308 1095 1511 1134 Doctrinae
1537 1101 1688 1135 nostrae

166 1161 365 1212 puritatem
400 1160 588 1197 tuebimur
614 1173 678 1210 per
705 1160 864 1209 gratiam
891 1159 973 1204 Dei,
1001 1160 1180 1210 tantisper
1209 1160 1296 1197 dum
1322 1160 1475 1198 meliora
1503 1174 1548 1198 ex
1575 1162 1687 1199 verbo

167 1225 236 1262 Dci
264 1238 340 1261 non
367 1224 551 1262 audimus.
580 1224 710 1261 Amica
739 1228 774 1261 et
803 1224 1015 1261 Christiana
1044 1224 1229 1275 colloquia
1257 1225 1347 1262 adeo
1377 1238 1453 1262 non
1472 1226 1689 1275 refugimus,

167 1292 208 1325 ut
243 1287 307 1325 illa
342 1287 558 1324 iamdudum
586 1288 734 1338 publice
760 1291 796 1326 et
822 1288 1252 1339 privatimexpetamus.
1307 1289 1414 1327 Quae
1442 1289 1472 1326 si
1499 1290 1690 1340 impetrari

167 1367 242 1390 non
280 1357 447 1403 possunt,
475 1353 521 1389 ad
549 1352 716 1389 Iudicem
742 1353 848 1390 illum
876 1365 1134 1403 provocamus,
1161 1353 1207 1390 ad
1237 1353 1339 1391 cuius
1367 1354 1533 1392 tribunal
1561 1368 1689 1393 omnes

166 1419 277 1455 semel
314 1417 515 1467 aliquando
554 1418 740 1463 sistemur,
786 1421 822 1455 et
860 1418 924 1468 qui
951 1431 1020 1455 nos
1048 1418 1135 1455 olim
1164 1431 1306 1464 omnes,
1333 1432 1409 1456 non
1436 1419 1540 1457 iuxta
1568 1419 1689 1456 homi-

166 1495 254 1519 num
282 1481 417 1531 placita
445 1494 488 1518 ac
513 1480 751 1531 praeiudicia,
780 1482 841 1519 scd
870 1482 974 1519 iuxta
1001 1482 1176 1520 traditam
1204 1484 1314 1521 nobis
1342 1484 1445 1522 verbi
1473 1485 1531 1522 sui
1549 1485 1689 1522 aeterni

170 1545 392 1591 doctrinam,
417 1545 610 1584 iudicabit.
655 1545 719 1582 Illi
755 1545 802 1583 sit
837 1546 918 1583 laus
946 1546 1066 1584 honor
1093 1551 1129 1585 et
1154 1547 1274 1597 gloria
1301 1548 1341 1585 in
1369 1549 1502 1587 secula.
1556 1550 1690 1588 Amen.

857 1694 1010 1723 FINIS.

595 2417 886 2467 [BASILEAR
914 2417 984 2453 EX
1012 2417 1264 2455 OFFICINA

552 2483 706 2520 Ioannis
735 2482 906 2533 Oporini,
932 2483 1043 2520 Anno
1074 2483 1212 2520 Salutis
1241 2483 1309 2520 hu-

677 2561 807 2586 manae
836 2547 1027 2586 M.D.LX.
1056 2547 1187 2585 Mense

846 2611 1016 2659 Martio]
