1818 3178
123 156 546 168 WWNWNNNNN
556 159 616 169 »ms
935 157 1133 167 w«
1138 152 1645 166 mewwm»w

281 610 945 683 DEFENSIO
1042 610 1486 683 VERAE

435 780 858 840 SEMPERQUE
885 780 974 827 IN
1001 779 1286 827 ECCLESI
1281 782 1323 827 A

185 938 386 995 recepiae
431 935 658 981 doctrinae
702 936 754 982 de
804 935 974 982 Clari-5212·
1019 935 1205 982 Domini
1242 936 1547 982 inearnafz’one
1565 974 1575 991 ,

250 1026 479 1072 Adversus
528 1027 792 1074 Memnonem
843 1028 1056 1083 Simonis,
1111 1027 1511 1089 Anabaptz‘slccrecm

750 1120 1002 1167 Doetorem.

165 1336 258 1373 ITA
293 1336 465 1387 equidem
498 1338 607 1376 initio
645 1353 789 1379 mecum
818 1345 1019 1382 statueram
1047 1344 1159 1382 simul
1185 1348 1296 1395 atque
1323 1344 1461 1396 scripta
1489 1349 1552 1382 tua
1577 1357 1640 1381 ac·

115 1403 306 1453 cepissem,
332 1403 384 1440 mi
413 1403 568 1449 Menno,
595 1409 637 1442 ut
663 1406 734 1443 tibi
763 1407 942 1445 continuo
971 1413 1007 1446 et
1034 1409 1162 1460 paucis
1181 1409 1465 1461 responderem:
1487 1422 1639 1460 sperans

114 1467 206 1509 fore,
241 1471 283 1505 ut
318 1481 412 1519 quae
444 1469 541 1507 inter
582 1484 651 1508 nos
678 1477 733 1509 est
761 1473 955 1511 doctrinae
984 1475 1235 1512 controversia
1267 1475 1383 1519 brevi,
1408 1488 1452 1512 ac
1480 1474 1641 1525 simplici

112 1531 280 1570 locorum
319 1533 492 1584 utrinque
530 1535 731 1574 collatione
768 1537 1016 1584 dirimeretur,
1042 1540 1258 1590 praesertim
1288 1553 1369 1577 cum
1399 1539 1510 1578 nobis
1539 1553 1640 1591 spem

111 1595 265 1647 ipsemet
302 1598 546 1636 certissimam
583 1600 748 1647 fecisses,
783 1607 840 1645 te,
869 1602 899 1640 si
925 1603 1030 1641 verbi
1058 1603 1189 1642 Divini
1217 1604 1416 1642 autoritate
1444 1605 1640 1654 urgereris,

111 1660 151 1698 in
187 1665 354 1699 nostram
391 1663 614 1702 sententiam
641 1666 751 1703 facile
778 1680 858 1705 esse
886 1680 1162 1708 concessurum.
1216 1669 1349 1720 Neque
1376 1669 1436 1706 hic
1463 1669 1640 1707 movebar

111 1724 185 1762 tuis
221 1725 296 1763 illis
341 1726 385 1764 de
435 1740 506 1771 me,
552 1729 705 1778 collegis
751 1731 856 1777 meis,
892 1733 1140 1784 universaque
1175 1734 1267 1772 adeo
1303 1735 1472 1773 Ecclesia
1508 1740 1637 1773 nostra

110 1801 197 1838 prae
222 1789 384 1835 iudiciis,
411 1805 458 1829 ne
485 1792 603 1830 dicam
636 1794 843 1840 calumniis,
870 1798 1005 1848 quibus
1033 1802 1134 1836 tuam
1163 1799 1210 1836 ad
1236 1813 1295 1837 me
1322 1800 1543 1850 Epistolam,
1570 1813 1636 1838 ne-

111 1852 189 1890 scio
224 1866 298 1904 quo
333 1855 505 1902 consilio,
543 1861 639 1895 certe
673 1863 817 1908 praeter
852 1862 1024 1899 meritum
1061 1876 1171 1901 omne
1208 1868 1379 1901 nostrum
1416 1864 1633 1915 explevisti:

113 1917 322 1966 cogitabam
351 1919 463 1963 enim,
490 1925 600 1972 atque
628 1923 711 1961 aliis
739 1924 838 1963 idem
865 1926 975 1964 etiam
1003 1929 1056 1976 (A
1083 1927 1145 1975 iia)
1173 1929 1455 1979 persuadebam,
1482 1930 1634 1967 ferenda

111 1981 201 2020 haec
237 1983 348 2020 nobis
383 1985 508 2022 omnia
535 1986 754 2037 aliquandiu
780 2003 871 2035 esse,
899 1991 931 2028 si
957 1993 1146 2042 quomodo
1175 1994 1304 2031 saltem
1333 2003 1369 2032 te
1396 1999 1431 2032 et
1458 1998 1542 2032 tuos
1569 2008 1633 2045 per

110 2050 275 2083 nostram
304 2046 516 2086 istiusmodi
543 2051 759 2100 patientiam
788 2053 835 2091 ad
863 2054 1056 2094 doctrinae
1076 2069 1298 2095 consensum
1315 2058 1490 2096 inducere
1508 2059 1633 2110 Scrip-

110 2115 215 2151 turae
243 2111 442 2150 autoritate
468 2114 729 2164 potuissemus,
755 2117 793 2155 id
821 2120 922 2169 quod
950 2134 1019 2158 nos
1047 2121 1186 2172 alioqui
1213 2128 1299 2160 ante
1326 2124 1452 2161 omnia
1479 2124 1519 2161 in
1539 2124 1636 2162 votis

109 2175 348 2214 habebamus.
379 2177 549 2217 Ceterum
577 2180 643 2218 ubi
665 2181 942 2231 intellexissem,
970 2199 1051 2229 nos,
1079 2200 1155 2225 non
1184 2188 1302 2225 solum
1324 2189 1512 2227 contemni
1526 2203 1634 2241 pror-

107 2252 169 2276 sus
197 2240 263 2278 abs
291 2245 338 2285 te,
365 2241 427 2279 sed
456 2242 508 2280 ita
534 2249 721 2294 praeterea
747 2248 892 2286 traduci
918 2250 1029 2288 etiam
1056 2253 1209 2302 passim,
1235 2256 1273 2290 ut
1302 2253 1419 2291 videri
1445 2267 1572 2305 posses
1591 2255 1632 2292 in

109 2307 237 2340 nostro
279 2304 343 2341 illo
390 2306 589 2357 colloquio,
624 2309 671 2347 ad
708 2312 809 2361 quod
845 2326 913 2351 nos
948 2318 985 2352 te
1018 2316 1135 2353 amice
1170 2330 1271 2361 sane,
1308 2321 1348 2355 ut
1384 2318 1550 2363 fratrem,
1584 2319 1633 2356 ob

107 2380 208 2417 spem
246 2369 480 2417 concordiae,
513 2371 710 2422 impetrata
745 2376 857 2414 etiam
893 2378 1078 2430 Principis
1105 2380 1302 2419 autoritate
1329 2382 1631 2428 invitaveramus,

107 2429 202 2467 nihil
238 2432 504 2481 propemodum
539 2434 641 2472 aliud
677 2438 889 2486 quaesiisse,
925 2454 1033 2491 quam
1071 2449 1111 2480 ut
1138 2443 1278 2481 elevata
1306 2445 1427 2482 modis
1455 2446 1629 2484 omnibus

106 2496 270 2534 nominis
297 2497 417 2535 nostri
443 2498 728 2547 existimatione,
754 2504 913 2552 gratiam
941 2505 1010 2543 tibi
1036 2507 1134 2558 apud
1160 2512 1257 2552 tuos,
1284 2522 1493 2560 novamque
1521 2515 1629 2548 auto-

106 2561 253 2600 ritatem
288 2562 476 2613 quandam
514 2577 758 2616 comparares,
795 2570 935 2607 mutavi
971 2571 1157 2621 protinus,
1193 2586 1239 2610 ne
1266 2573 1355 2624 quid
1385 2573 1630 2618 dissimulem,

107 2625 305 2663 consilium
339 2639 474 2670 meum,
508 2640 625 2677 neque
660 2629 752 2667 mihi
787 2631 834 2668 ad
870 2636 907 2669 te
941 2634 1100 2684 amplius
1124 2635 1325 2686 quidquam
1352 2638 1505 2674 omnino
1535 2638 1628 2674 scri-

106 2687 265 2726 bendum
304 2703 384 2728 esse
419 2692 567 2741 putavi3
605 2705 650 2730 ne
686 2693 717 2730 si
744 2695 834 2745 quid
861 2696 908 2733 ad
935 2700 971 2734 te
997 2698 1153 2736 liberius
1179 2701 1290 2751 paulo
1319 2701 1562 2752 scripsissem,
1589 2702 1628 2739 id

104 2755 144 2789 tu
181 2756 218 2790 et
251 2754 359 2792 aliter
393 2755 489 2793 forte
517 2769 627 2808 quam
656 2771 725 2795 nos
753 2759 930 2798 vellemus
957 2763 1174 2813 accepisses,
1201 2769 1236 2802 et
1264 2765 1310 2802 ad
1338 2778 1472 2802 novam
1501 2779 1627 2803 rursus

105 2816 217 2855 etiam
251 2818 469 2858 detorsisses
505 2821 624 2858 nostri
658 2823 925 2873 proscindendi
960 2827 1206 2873 occasionem,
1241 2834 1352 2880 atque
1387 2830 1439 2866 ita
1483 2830 1629 2869 demum

82 2881 220 2924 ‘fier-et,
259 2887 298 2920 ut
334 2884 433 2934 quod
472 2898 540 2922 nos
578 2886 825 2936 componendi
852 2889 1086 2939 potissimum
1118 2892 1263 2929 dissidii
1291 2893 1413 2930 studio
1442 2893 1628 2933 instituis-
