1818 3178
171 60 242 96 222
531 67 583 93 m:
610 62 891 93 sAanMENris
920 62 1134 91 nocensne
1162 60 1340 92 cnms'm.

170 170 280 207 nobis
316 168 463 220 quidem
499 168 600 204 illam
635 166 882 203 necessariam
918 164 1182 216 quoquomodo
1210 178 1288 202 esse
1323 163 1437 202 statui
1473 165 1547 201 ullo
1574 163 1687 201 modo

170 237 302 283 potest.
356 232 427 269 Sed
462 229 773 281 quemadmodum
807 234 912 267 vetus
950 229 1117 266 Ecclesia
1145 231 1293 280 plenam
1327 241 1371 266 ac
1398 228 1595 266 salutarem
1623 228 1690 265 ha-

170 298 281 335 bebat
326 309 408 333 cum
454 294 599 332 Christo
636 293 799 331 Domino
838 294 1138 331 communionem
1172 293 1211 331 in
1249 306 1402 344 corpore
1437 297 1473 330 et
1509 291 1691 341 sanguine

168 360 294 411 ipsius,
330 360 440 409 inque
476 358 548 395 fide
583 357 683 394 illius
720 358 867 395 venturi
909 358 1031 395 adhuc
1068 371 1137 395 usu
1176 358 1502 395 Sacramentorum
1539 368 1690 394 suorum

169 423 448 472 obsignabatur,
482 425 591 472 atque
626 421 717 458 adeo
747 422 1009 459 communione
1036 435 1101 459 sua
1132 434 1214 459 cum
1243 422 1393 460 Christo
1422 424 1580 460 venturo
1608 433 1691 458 vere

169 488 359 526 fruebatur
385 486 431 523 ad
459 487 574 524 vitam
600 490 787 524 aeternam
814 499 878 537 per
904 487 1028 531 fidem,
1055 486 1199 524 etiamsi
1229 486 1368 524 Christi
1396 499 1530 538 corpus
1558 486 1598 524 in
1625 499 1690 523 sua

169 550 374 588 substantia
402 550 571 588 nondum
599 554 753 597 extaret,
780 550 919 588 nedum
946 555 985 588 ut
1013 563 1076 601 per
1092 550 1350 588 ministrorum
1367 564 1499 588 manus
1519 550 1694 588 distribui

169 614 431 664 quoquomodo
459 618 654 665 posset,—-
674 614 725 652 ita
753 620 789 652 et
816 628 885 652 nos
903 615 989 663 (fol.
1012 615 1122 662 12812)
1140 615 1290 665 plenam
1316 628 1417 652 nunc
1437 619 1471 653 et
1491 615 1690 653 salutarem

169 684 334 716 nostram
374 691 456 716 cum
493 678 657 716 exhibito
687 679 797 716 nobis
824 679 898 716 iam
928 679 1075 717 Christo
1106 679 1269 716 Domino
1298 680 1597 718 communionem
1625 679 1692 716 ha-

169 743 308 786 bemus,
335 744 471 794 illaque
498 756 582 782 vere
608 743 656 780 ad
683 743 798 781 vitam
825 747 1011 781 aeternam
1039 743 1198 780 fruimur
1224 756 1289 794 per
1314 743 1439 789 fidem,
1465 747 1501 781 et
1526 743 1567 781 in
1592 743 1694 781 illius

167 807 239 844 fide
275 820 341 844 usu
377 807 543 856 legitimo
582 811 796 845 nostrorum
825 809 1149 845 Sacramentorum
1177 807 1433 857 obsignamur,
1467 807 1612 845 etiamsi
1646 807 1694 845 il·

166 872 242 909 lum
277 872 317 909 in
353 876 503 910 nostrae
541 871 780 910 humanitatis
818 885 971 922 corpore
1008 872 1055 910 ad
1085 872 1272 910 dexteram
1301 872 1370 910 Dei
1398 872 1518 910 Patris
1545 872 1585 909 in
1613 885 1695 909 cae-

166 935 250 972 lesti
276 935 397 984 gloria
424 948 490 972 sua
518 934 656 975 sedere.
683 939 793 986 atque
820 948 886 973 suo
915 936 1004 972 olim
1030 940 1207 986 tempore,
1233 935 1545 986 quemadmodum
1564 948 1695 973 ascen-

167 998 221 1036 dit
255 1000 428 1049 (corpore
461 998 631 1036 videlicet
668 1001 766 1047 suo),
800 999 852 1037 ita
885 1013 1013 1037 rursus
1050 1005 1250 1038 venturum
1286 1004 1323 1038 et
1359 1013 1378 1036 a
1416 999 1526 1037 nobis
1553 1000 1693 1037 interea

165 1063 434 1114 expectandum
470 1077 560 1110 esse,
593 1076 669 1101 non
705 1069 827 1102 autem
864 1065 925 1102 hic
960 1078 1024 1116 per
1061 1078 1193 1102 manus
1231 1064 1393 1102 ministri
1431 1064 1607 1103 distribui
1635 1064 1693 1101 di-

169 1140 305 1165 camus.

218 1191 397 1228 Videmus
431 1191 548 1241 igitur
590 1192 834 1230 necessariam
868 1205 944 1230 non
980 1206 1059 1230 esse
1087 1192 1240 1230 omnino
1269 1193 1317 1230 ad
1345 1197 1510 1230 nostram
1540 1193 1694 1231 salutem

167 1255 375 1293 doctrinam
412 1256 509 1293 hanc
546 1256 591 1294 de
616 1257 707 1294 reali
742 1257 813 1295 ista
849 1257 954 1294 iuxta
991 1257 1148 1308 speciem
1184 1257 1305 1307 ipsam
1342 1256 1573 1295 substantiae
1611 1270 1694 1294 cor·

168 1319 268 1370 poris
304 1325 339 1358 et
376 1320 568 1369 sanguinis
606 1321 745 1359 Christi
783 1322 1003 1372 praesentia,
1037 1326 1078 1359 ut
1107 1322 1279 1360 manibus
1313 1321 1477 1359 ministri
1511 1322 1551 1359 in
1580 1334 1694 1360 coena

170 1397 252 1421 cum
295 1398 391 1435 pane
426 1389 488 1424 aut
521 1399 586 1436 per
613 1399 747 1437 panem
785 1386 1042 1433 distribuatur,
1077 1390 1140 1425 aut
1177 1400 1198 1424 a
1235 1399 1370 1424 coenae
1407 1386 1575 1424 convivis
1611 1400 1694 1438 per—

168 1450 337 1500 cipiatur.

220 1513 308 1551 Non
353 1527 433 1552 esse
476 1519 598 1552 autem
641 1515 772 1553 utilem
813 1515 1026 1553 istiusmodi
1062 1515 1284 1562 doctrinam,
1319 1516 1446 1552 multis
1482 1514 1694 1553 rationibus

169 1578 294 1616 doceri
327 1583 460 1629 potest.
517 1579 631 1617 Quod
665 1579 764 1617 enim
792 1593 869 1617 non
896 1580 1045 1630 prodest
1073 1580 1257 1630 cuiquam,
1282 1579 1321 1616 id
1351 1593 1439 1617 sane
1466 1580 1607 1616 nullam
1636 1592 1693 1617 se·

171 1656 253 1681 cum
288 1642 485 1680 utilitatem
523 1643 668 1681 adferre
707 1648 839 1695 potest.
893 1645 973 1682 Iam
1012 1658 1096 1682 vero
1127 1645 1297 1683 Christus
1323 1644 1479 1695 ipsemet
1508 1644 1694 1682 Dominus

171 1719 314 1744 carnem
344 1706 461 1758 ipsam
489 1707 583 1745 nihil
609 1708 784 1759 prodesse
811 1708 944 1746 diserte
971 1710 1188 1760 profitetur;
1214 1709 1329 1758 igitur
1358 1722 1446 1746 sane
1472 1721 1592 1759 neque
1612 1721 1692 1746 rea-

170 1771 243 1808 lem
275 1770 375 1808 illius
403 1772 676 1822 perceptionem
701 1772 742 1811 in
771 1773 910 1812 Christi
936 1774 1020 1822 (fol.
1051 1776 1159 1822 12921)
1185 1787 1339 1825 corpore
1364 1775 1494 1813 utilem
1523 1788 1694 1826 quoquo-

169 1836 281 1874 modo
309 1849 400 1882 esse,
428 1837 607 1874 constitui
632 1841 767 1888 potest.
810 1838 1012 1889 Utcunque
1039 1843 1162 1877 autem
1191 1852 1269 1877 sese
1295 1839 1357 1876 hic
1382 1843 1582 1890 torqueant
1609 1839 1692 1890 qui-

172 1900 254 1938 dam
293 1901 330 1938 in
366 1901 441 1938 loci
468 1901 574 1939 huius
601 1902 917 1953 interpretatione,
945 1917 1080 1954 negare
1106 1903 1256 1942 interim
1283 1917 1359 1942 non
1388 1907 1557 1955 possunt,
1584 1904 1694 1941 Chri-

171 1970 268 2003 stum
296 1965 497 2003 Dominum
526 1980 568 2004 eo
597 1967 679 2004 loco
708 1968 975 2018 reprehendere
1002 1970 1137 2006 realem
1163 1969 1274 2007 istam
1301 1969 1341 2007 in
1370 1969 1491 2020 specie
1518 1982 1583 2007 sua
1612 1982 1693 2006 cor-

170 2029 271 2080 poris
290 2030 348 2067 sui
365 2030 702 2076 manducationem,
718 2037 829 2083 atque
848 2032 894 2070 ad
913 2046 991 2070 eam
1011 2033 1353 2084 reprehendendam
1371 2033 1428 2071 his
1445 2033 1567 2071 verbis
1584 2047 1693 2071 usum

171 2107 261 2134 esse.
296 2094 387 2132 Esto
415 2095 542 2144 igitur,
567 2095 606 2133 in
635 2109 770 2145 genere
797 2096 932 2135 dixerit
960 2097 1148 2136 Christus:
1178 2099 1272 2136 Caro
1301 2111 1378 2136 non
1404 2098 1556 2149 prodest
1583 2098 1692 2149 quid-

172 2172 352 2208 quam‚—
370 2173 446 2197 non
465 2160 549 2198 ideo
577 2160 731 2198 efficitur
758 2161 920 2207 interim,
948 2162 1059 2200 verba
1079 2162 1169 2201 haec
1182 2162 1228 2200 ad
1247 2162 1589 2213 reprehendendam
1611 2176 1692 2201 rea-

172 2223 244 2264 lem
269 2224 372 2261 illam
400 2225 564 2276 corporis
593 2225 650 2262 sui
676 2226 1002 2264 manducationem
1029 2240 1106 2265 non
1133 2227 1330 2278 pertinere.
1358 2227 1420 2273 Et,
1448 2228 1479 2265 si
1506 2228 1692 2278 pertinent

175 2288 249 2324 ullo
285 2288 410 2334 modo,
446 2293 541 2327 certe
576 2289 666 2327 utile
703 2290 777 2328 dici
813 2304 890 2329 non
925 2295 1047 2342 potest
1073 2291 1124 2338 id,
1160 2293 1208 2330 ad
1237 2292 1340 2330 cuius
1367 2292 1692 2343 reprehensionem

173 2351 283 2388 verba
318 2351 394 2397 ina,
432 2358 618 2403 utcunque
653 2353 802 2392 tandem
839 2359 1088 2405 exponantur,
1123 2369 1143 2393 a
1181 2356 1329 2394 Christo
1357 2356 1522 2398 Domino
1547 2356 1692 2407 prolata

172 2428 250 2453 esse
278 2420 434 2461 constat,
459 2406 606 2455 tametsi
632 2419 750 2467 magis
778 2419 894 2457 multo
924 2419 971 2457 sit
998 2421 1165 2471 apposita
1193 2420 1398 2470 Augustini
1424 2421 1488 2458 illa
1508 2421 1691 2472 expositio

172 2492 214 2517 eo
242 2479 337 2523 1000,
363 2493 435 2530 qua
462 2480 541 2530 ipse
569 2481 757 2520 Christum
797 2482 844 2521 D.
882 2483 927 2521 de
954 2497 1018 2521 sua
1054 2484 1171 2534 ipsius
1200 2497 1310 2522 carne
1336 2484 1376 2522 in
1405 2484 1529 2522 cibum
1555 2497 1691 2536 propo-

173 2543 255 2590 sita,
289 2543 319 2580 si
354 2543 457 2580 iuxta
494 2545 610 2595 ipsam
651 2546 896 2585 substantiam
933 2548 1075 2586 edenda
1112 2562 1190 2587 esse
1217 2548 1462 2598 intelligatur,
1495 2549 1692 2600 loquutum

171 2620 250 2645 esse
275 2607 549 2657 interpretatur.

224 2671 367 2708 Deinde
393 2684 466 2721 quo
494 2676 601 2721 pacto
630 2673 667 2710 id
697 2687 763 2712 nos
793 2676 881 2714 utile
908 2690 985 2714 esse
1013 2677 1180 2715 dicamus
1209 2677 1397 2715 Ecclesiae
1419 2677 1569 2724 Christi,
1589 2677 1693 2716 cuius

173 2735 399 2773 contrarium
444 2735 614 2774 Christus
650 2737 804 2787 ipsemet
847 2739 1031 2779 Dominus
1069 2742 1196 2780 utilius
1232 2755 1311 2780 esse
1348 2741 1469 2780 verbis
1512 2742 1693 2792 expressis

174 2805 342 2841 testatur.
380 2800 561 2853 Equidem
592 2801 718 2850 negari
748 2816 822 2841 non
849 2809 983 2855 potest,
1011 2807 1198 2845 contraria
1226 2807 1316 2845 haec
1344 2820 1435 2855 esse,
1470 2806 1572 2845 abire
1601 2807 1693 2845 velle
