1818 3178
1502 119 1571 158 275

46 234 238 271 nunquam
273 221 462 272 potuimus
499 222 708 273 impetrare.
763 225 886 276 Atque
922 226 1065 264 utinam
1100 226 1194 265 illud
1230 229 1342 266 semel
1367 228 1567 280 aliquando

43 285 84 323 in
120 286 407 324 mansuetudine
433 291 469 325 et
496 287 669 327 libertate
697 289 922 337 Christiana,
950 291 1029 330 sine
1057 292 1235 331 conviciis
1262 306 1306 331 ac
1331 294 1568 345 praejudiciis

39 348 192 388 institui
222 351 425 390 videamus.

549 419 586 455 2.
1190 420 1322 459 Ioan.
1353 420 1375 459 ὲ
1403 421 1568 462 Laseo.

409 480 735 532 Westphalus.
1235 487 1326 524 Cum
1388 501 1572 538 nusquam

104 545 255 581 Ver-sule
306 552 521 594 contorquet
576 561 653 585 sese
707 549 745 584 in
792 548 937 585 modum
974 550 1115 586 sinuosi
1166 550 1337 588 ostendat
1373 551 1572 603 Wcstpba-

42 610 235 655 ser-pensis,
277 616 316 644 ut
353 611 598 657 transformet
633 613 671 647 in
704 612 928 649 haereticum
964 625 1108 650 sensum
1159 613 1218 651 lus
1245 626 1288 651 ac
1315 628 1361 652 ne
1378 616 1573 653 ostendere

43 672 155 710 verba
187 673 446 720 Confessz‘om's
476 678 725 724 Auquslauae
753 682 785 713 et
812 677 1032 725 Apoloqz'ae.
1163 678 1312 728 quidem
1341 692 1423 717 vere
1442 681 1573 730 possit,

1159 754 1219 779 me
1261 755 1281 779 a
1319 743 1440 780 verbis
1481 744 1571 794 ipsis

1162 805 1416 845 Confessionis
1453 808 1572 846 disee-

1162 869 1267 916 dere,
1327 884 1447 921 neque
1498 873 1573 911 illis

47 930 94 968 ad
133 943 265 969 causae
304 933 455 969 nostrae
491 931 728 968 commodum
758 931 814 968 vel
840 931 975 969 addere
1002 932 1060 969 vel
1085 932 1247 971 adimere
1273 935 1482 986 quicquam,
1510 942 1572 974 aut

44 1008 193 1033 sensum
237 995 380 1046 alioqui
414 996 535 1033 ullum
570 996 617 1032 iis
659 996 769 1032 alium
808 996 957 1042 inferre,
992 1009 1103 1047 quam
1137 998 1202 1048 qui
1237 1003 1368 1037 mutua
1402 1001 1569 1039 locorum

43 1059 82 1097 in
121 1060 365 1098 Confessione
401 1060 482 1111 ipsa
520 1060 720 1098 collatione
746 1061 986 1110 approbetur,
1013 1061 1049 1098 id
1078 1062 1179 1111 quod
1206 1062 1245 1099 in
1273 1067 1401 1101 nostra
1430 1065 1571 1114 Purga-

42 1123 146 1161 tione
191 1123 299 1161 facile
344 1123 467 1173 quivis
515 1123 638 1160 videre
682 1127 819 1173 potest,
862 1124 1017 1161 ubinam
1058 1125 1340 1164 Confessionem
1377 1127 1496 1178 ipsam
1532 1129 1573 1166 in

44 1200 193 1225 sensum
237 1187 463 1225 haereticum
508 1187 735 1225 transformo
777 1201 908 1238 meque
943 1189 982 1225 in
1016 1189 1169 1226 modum
1206 1190 1348 1228 sinuosi
1391 1193 1571 1242 serpentis

44 1256 286 1303 contorqueo,
323 1253 396 1290 nisi
431 1252 518 1303 quia
559 1252 789 1303 Westphalo,
826 1266 908 1291 cum
936 1257 1059 1292 tacere
1087 1267 1164 1292 non
1190 1256 1322 1305 possit,
1348 1256 1400 1293 ita
1427 1257 1570 1306 garrire

44 1317 166 1356 libet?

552 1384 588 1420 3.
1190 1383 1570 1425 Ioan.aLaseo.

420 1444 468 1482 W
482 1458 501 1483 e
512 1448 587 1496 stp
599 1445 621 1482 h
634 1445 709 1484 alu
720 1459 750 1485 s.
1192 1448 1376 1500 Quisquis
1391 1450 1571 1498 Pur—(fol.

93 1511 239 1559 Magno
283 1516 489 1558 contemptu
534 1517 692 1548 conatur
736 1512 876 1549 elevare
912 1513 1105 1561 utriusque
1161 1513 1391 1561 ‘Dgationem
1403 1518 1570 1552 nostram

41 1577 175 1625 scripti
200 1577 447 1614 autoritatem.
482 1576 656 1624 Infamat
683 1577 776 1614 enim
805 1577 992 1614 humanae
1018 1579 1106 1614 doc·
1159 1577 1249 1626 legit
1273 1578 1403 1626 (modo
1423 1593 1469 1617 ne
1488 1593 1571 1617 cum

41 1642 162 1677 trinae
206 1641 306 1677 titulo
351 1640 516 1678 scribens
551 1653 589 1678 se
635 1642 813 1688 gmadere,
848 1642 946 1678 illius
975 1643 1101 1690 potius
1155 1642 1384 1693 Westphalo,
1462 1644 1571 1681 furiis

43 1718 155 1754 quam
182 1706 284 1742 verbi
310 1705 440 1743 Divz‘ni
464 1706 722 1742 auctoritatem
750 1706 822 1743 sibi
847 1707 996 1755 opponi.
1052 1709 1103 1745 Et
1154 1707 1329 1754 agitatus,
1357 1707 1486 1746 videns
1513 1709 1569 1746 vi-

22 1773 163 1807 ‘tamen
199 1783 424 1818 mammpere
460 1771 514 1806 ad
547 1771 717 1806 sudorem
755 1771 1044 1818 usquelaborat
1071 1778 1103 1809 et
1156 1770 1241 1808 dere
1275 1772 1389 1818 nolit)
1423 1773 1455 1810 is
1483 1786 1571 1810 sane

45 1835 294 1881 (lefalz'qatur‚
329 1840 368 1870 ut
394 1835 534 1881 sucum
566 1834 706 1881 saciat,
737 1833 976 1882 Cinyllanam
1005 1848 1111 1872 suam
1163 1834 1265 1873 videt
1292 1835 1413 1880 facile,
1439 1837 1571 1886 quanti

40 1899 247 1946 opinionem
278 1912 360 1935 cum
389 1899 560 1935 doctrina
587 1899 831 1946 Auyuslanae
853 1899 1103 1947 Corzsessz‘onz's
1155 1913 1225 1938 nos
1310 1901 1569 1949 Augustanam

43 1963 82 1999 in
111 1964 279 2000 Artieulo
308 1964 351 2000 cle
383 1962 505 2000 Coena
535 1963 689 2000 Domini
714 1965 921 2002 convenire.
1165 1964 1448 2003 confessionem
1500 1966 1571 2003 Pa-

1157 2033 1362 2080 tronosque
1397 2033 1433 2067 et
1460 2034 1567 2067 auto-

1153 2106 1210 2131 res
1236 2094 1338 2131 illius
1366 2097 1402 2131 et
1420 2094 1570 2144 ipsimet

1154 2158 1334 2196 faciamus
1401 2164 1436 2196 et
1487 2159 1568 2196 fieri

1155 2224 1202 2260 ab
1265 2223 1440 2261 omnibus
1501 2237 1564 2262 ve-

42 2288 166 2326 limus.
219 2287 353 2338 Neque
380 2287 488 2324 aliter
515 2290 614 2325 certe
642 2286 926 2325 Confessionem
953 2286 1071 2337 ipsam
1098 2286 1196 2324 inter
1215 2287 1409 2324 hominum
1427 2287 1564 2338 scripta

39 2365 83 2390 ac
119 2352 328 2390 doctrinam
363 2364 530 2398 numero,
566 2351 640 2389 nisi
675 2351 775 2402 quod
812 2364 893 2389 eam
928 2364 948 2388 a
984 2350 1101 2388 Verbi
1138 2351 1267 2389 Divini
1293 2352 1333 2389 in
1363 2352 1564 2402 Seripturis

41 2417 179 2455 sanctis
206 2417 430 2455 auctoritate
457 2429 499 2454 ac
528 2416 698 2454 doctrina
723 2416 776 2454 ita
804 2416 1000 2460 discerno,
1017 2419 1057 2453 ut
1083 2429 1161 2453 eam
1191 2416 1304 2454 verbo
1331 2416 1404 2466 ipsi
1424 2416 1563 2454 Divino

39 2480 190 2531 aequari
217 2481 348 2526 nolim,
382 2484 419 2518 et
455 2480 614 2530 proinde
650 2480 844 2529 gaudeam,
870 2479 973 2517 illam
1002 2479 1111 2517 nobis
1138 2479 1261 2530 potius
1289 2483 1490 2530 (quatenus
1518 2494 1563 2519 ex

39 2544 152 2582 verbo
182 2544 251 2582 Dei
278 2544 499 2595 reprehendi
528 2544 651 2581 adhuc
679 2545 820 2595 queat),
847 2557 956 2594 quam
987 2543 1102 2594 ipsius
1134 2543 1246 2581 Verbi
1274 2543 1404 2581 Divini
1431 2549 1561 2582 aucto·

39 2609 187 2647 ritatem
226 2609 378 2660 opponi.
433 2609 582 2647 Quodsi
618 2608 678 2646 hie
706 2607 922 2658 Westphalo
952 2621 1110 2656 magnus
1137 2608 1200 2645 ille
1228 2612 1463 2659 contemptus
1491 2612 1558 2650 cst.

41 2672 196 2710 Paulum
239 2673 449 2724 apostolum
485 2673 605 2723 ipsum
644 2672 806 2722 ejusdem
843 2684 987 2709 meeum
1025 2675 1260 2723 contemptus
1305 2677 1463 2718 accuset,
1499 2672 1562 2723 qui

42 2737 179 2782 omnia,
215 2738 430 2790 priusquam
466 2737 707 2788 recipiantur,
742 2735 948 2774 examinari
980 2736 1099 2786 jubet,
1132 2741 1280 2774 accuset
1318 2738 1476 2788 denique
1501 2738 1559 2787 ip-

40 2808 189 2849 sosmet,
223 2806 301 2840 tum
329 2806 490 2848 autores,
517 2806 597 2840 tum
622 2805 921 2852 propugnatores
950 2801 1028 2839 elus
1055 2801 1170 2852 ipsius
1199 2802 1467 2847 confessionis,
1493 2803 1558 2853 qui

39 2865 143 2903 illam
172 2866 275 2905 Caes.
306 2865 497 2917 Majestati
524 2869 559 2904 et
585 2865 738 2916 reliquis
763 2865 911 2916 imperii
939 2864 1147 2903 Ordinibus
1175 2865 1460 2903 examinandam
1489 2867 1557 2903 ob-

1342 2930 1412 2967 18*
