1818 3178
730 139 974 168 PRAEFATIO.
1576 132 1615 162 cl

88 259 155 302 23.
192 257 428 302 CONFEssm
459 271 514 298 Dr,
545 271 831 300 COMMUNIONE
863 270 1028 299 cmus'm
1061 255 1141 312 (ed.
1175 271 1231 299 m.
1264 254 1371 297 Maii
1399 270 1435 298 a.
1462 252 1608 310 1554).

430 386 579 444 [LAst
617 389 760 441 Opera,
793 386 894 429 Vol.
924 386 961 428 I.
997 386 1255 444 235-241.]

143 529 300 572 Errant
333 535 518 584 pastores
551 527 745 579 Emdani,
781 528 852 583 qui
885 527 1009 569 huius
1041 525 1219 568 libelluli
1240 526 1444 582 originem
1470 524 1520 567 ad
1543 540 1612 566 an-

89 616 191 644 num
225 601 336 643 1545
369 608 583 649 revocant,
615 601 685 642 ubi
718 599 869 642 diserte
902 605 1133 641 testantur:
1184 623 1204 647 η
1225 599 1309 641 Mit
1338 597 1473 641 dissen
1504 597 1614 640 unde

89 695 110 721 η
135 671 319 715 anderen
364 688 495 730 synen
544 671 841 714 sendtbrieuen
889 676 1091 712 stemmen
1133 670 1213 711 ock
1245 670 1430 722 ouerein,
1463 669 1513 711 de
1544 669 1614 712 be-

90 766 112 792 n
137 745 386 794 kentenisse,
436 744 593 786 welcke
641 745 691 786 he
735 743 805 785 tho
838 741 1028 785 Embden
1061 757 1171 783 anno
1203 742 1313 784 1545
1345 741 1432 783 und
1465 740 1616 783 anders

92 839 112 864 ῃ
139 832 214 858 vor
246 816 452 873 gestellet‚
485 816 573 858 und
604 815 740 858 durch
773 814 852 857 den
886 813 1023 855 druck
1055 813 1239 869 uthgaen
1273 813 1396 864 laten,
1418 812 1617 855 daerinne

94 911 114 936 η
140 888 191 931 he
234 888 422 946 betfiget,
466 888 535 930 dat
579 888 631 929 he
674 885 874 943 allertydt
905 901 949 927 so
981 884 1175 941 gelehret
1204 884 1335 927 hebbe
1364 884 1477 926 unde
1507 883 1614 926 noch

88 984 109 1010 tt
136 959 296 1004 lehre.’'
331 961 362 1016 ¹)
427 958 634 1011 Quamvis
673 959 786 1000 enim
824 956 1016 999 editionis
1048 971 1182 998 annus
1213 956 1254 997 in
1288 956 1410 997 titulo
1441 961 1612 997 annota-

83 1039 149 1074 tus
181 1047 263 1073 non
295 1031 360 1081 sit,
395 1031 499 1072 nihil
532 1037 671 1071 tamen
706 1029 871 1071 facilius
903 1036 975 1080 est,
1012 1043 1140 1084 quam
1172 1028 1296 1070 certis
1315 1027 1466 1069 finibus
1488 1027 1612 1069 huius

83 1102 275 1160 opusculi
314 1102 522 1159 originem
565 1100 926 1143 circumscribere.
989 1100 1156 1142 Etenim
1195 1100 1310 1141 velut
1350 1100 1494 1156 digito,
1529 1115 1612 1156 quo

85 1181 275 1231 tempore
315 1173 476 1224 exierit,
521 1175 608 1230 ipse
657 1179 803 1214 auctor
850 1171 968 1213 nobis
998 1171 1155 1213 indicat
1187 1173 1227 1212 in
1257 1186 1330 1213 sua
1363 1170 1414 1212 ad
1447 1170 1610 1212 Ducem

82 1246 279 1289 Prussiae
321 1245 510 1302 epistola,
554 1260 661 1301 quae
704 1244 799 1286 data
831 1251 892 1285 est
926 1242 1117 1285 Aemdae
1148 1244 1174 1284 4
1207 1242 1320 1284 Iunii
1352 1243 1450 1284 anni
1483 1242 1609 1293 1554,

83 1326 124 1361 et
153 1318 223 1360 ubi
256 1318 356 1360 haec
388 1318 477 1359 eius
509 1316 636 1359 verba
669 1317 879 1373 legimus:
915 1338 937 1360 a
962 1315 1091 1357 Mitto
1124 1323 1219 1357 tuae
1252 1314 1502 1357 Celsitudini
1524 1314 1612 1357 bre-

92 1414 112 1439 n
140 1406 228 1432 vem
264 1405 399 1433 meam
437 1390 732 1446 Confessionem
762 1392 808 1431 de
839 1394 975 1431 nostra
1006 1405 1092 1430 oum
1128 1387 1286 1430 Christo
1318 1388 1490 1430 Domino
1521 1403 1615 1430 eom-

88 1486 108 1512 n
132 1463 314 1504 munione
344 1468 383 1504 et
412 1464 459 1504 de
490 1464 658 1516 corporis
689 1463 784 1504 item
820 1461 975 1504 Christi
1007 1461 1048 1502 in
1083 1463 1210 1503 Coena
1235 1461 1443 1502 Dominica
1466 1461 1613 1502 exhibi-

88 1559 108 1584 u
138 1536 253 1588 tione,
296 1549 423 1591 quam
466 1534 532 1576 hic
573 1549 687 1576 nunc
719 1533 825 1575 edidi
860 1539 1034 1589 propter
1066 1532 1395 1574 obtrectatorum
1427 1547 1612 1588 quorun·

86 1631 106 1656 ῃ
130 1607 231 1649 dum
273 1606 548 1649 calumnias.”
576 1607 606 1663 2)
670 1605 791 1648 Idem
830 1605 1085 1662 opuseulum
1130 1605 1343 1647 Ecclesiae
1375 1604 1612 1647 Vesaliensi

85 1680 236 1722 obtulit
254 1682 303 1736 ³),
333 1686 374 1721 et
403 1679 454 1721 ad
487 1679 785 1736 Bullingerum
822 1693 989 1735 quoque
1021 1678 1082 1720 his
1116 1679 1251 1720 verbis
1285 1678 1415 1719 misit:
1454 1699 1474 1722 υ
1494 1679 1616 1720 Edidi

90 1775 110 1800 ss
136 1759 265 1795 tamen
294 1754 439 1795 brevem
472 1752 831 1809 confessiuncmlam
862 1753 1063 1794 doetrinae
1094 1766 1215 1802 meae,
1250 1766 1359 1806 quae
1391 1750 1611 1792 calumniis

88 1849 108 1872 n
133 1823 426 1881 impetebatur,
459 1825 581 1866 cuius
612 1824 830 1880 exemplar
861 1823 936 1865 tibi
969 1823 1134 1866 mitto.”
1155 1822 1187 1880 ⁴)
1224 1822 1478 1864 Brevissima
1511 1838 1609 1864 con-

83 1895 340 1939 fessiuncula
381 1903 454 1947 est,
498 1912 581 1952 qua
629 1896 793 1938 efficere
823 1895 956 1938 voluit
988 1902 1144 1947 noster,
1179 1902 1226 1937 ut
1257 1910 1504 1951 persuasum
1539 1895 1613 1936 sibi

90 1967 292 2010 habereut
338 1982 494 2016 omnes,
539 1983 580 2009 se
612 1968 652 2009 in
687 1982 732 2008 re
763 1968 1094 2010 sacramentaria
1123 1966 1232 2009 idem
1267 1982 1438 2023 prorsus
1468 1967 1621 2009 sentire

87 2038 347 2093 eandemque
389 2039 619 2080 etiamnum
669 2039 780 2080 tueri
826 2038 1074 2091 doctrinam,
1124 2054 1249 2095 quam
1297 2045 1392 2080 ante
1423 2038 1619 2080 suumin

92 2111 300 2169 Angliam
329 2111 490 2153 abitum
525 2111 663 2167 palam
696 2119 802 2154 esset
838 2112 1066 2168 professus.
1121 2110 1341 2153 Dedicavit
1373 2126 1461 2152 eam
1498 2111 1622 2153 colle-

89 2186 153 2240 gis
185 2183 270 2224 suis
301 2184 342 2224 in
376 2183 606 2224 ministerio
637 2182 803 2225 Frisiae
838 2182 1068 2225 Orientalis
1101 2190 1141 2224 et
1161 2182 1393 2239 bilinguem
1415 2183 1503 2239 ipse
1524 2182 1622 2225 Em·

88 2255 164 2297 dae
196 2254 334 2298 edidit.
400 2254 579 2297 Latinae
610 2254 802 2297 editionis
837 2255 987 2297 titulus
1019 2255 1077 2297 sic
1107 2271 1149 2296 se
1181 2254 1320 2296 habet:

154 2328 361 2384 Confessio
404 2327 565 2368 Ioannis
613 2326 636 2368 ἁ
682 2327 821 2378 hasco,
876 2329 924 2369 de
968 2332 1104 2369 nostra
1146 2343 1231 2368 cum
1266 2327 1421 2368 Christo
1452 2326 1625 2369 Domino

90 2401 350 2442 communione
400 2405 436 2440 et
477 2399 646 2453 corporis
691 2401 758 2441 sui
803 2401 897 2441 icem
943 2401 983 2441 iu
1027 2415 1144 2441 eoena
1175 2415 1248 2441 sua
1280 2399 1542 2442 ea-lzibrltz'one:
1574 2403 1629 2442 ad

94 2472 297 2514 ministros
330 2472 601 2514 Ecclesiamm
637 2472 798 2513 frisiae
836 2473 1074 2514 Orientali&
1122 2473 1274 2514 Psalm.
1311 2471 1406 2514 116.
1443 2472 1628 2523 Credidi,-

91 2549 302 2598 propterea
335 2550 372 2586 et
407 2545 556 2599 loquor.
597 2542 774 2599 [Emdae
808 2543 954 2600 1554].

137 2691 162 2729 ¹)
191 2691 340 2723 Grandtl.
365 2692 431 2724 und
454 2692 611 2733 warlmfft,
634 2690 776 2723 Bericlzt.
800 2702 831 2733 Ρ.
856 2691 926 2722 142.

136 2746 163 2785 2)
187 2746 289 2778 LASCI
315 2747 425 2788 Opera,
450 2747 520 2779 Vol.
543 2747 587 2779 Π.
611 2759 641 2789 p.
665 2747 739 2780 701.

134 2801 161 2840 ³)
186 2801 321 2841 Ibidem,
346 2803 415 2835 Vol.
439 2803 483 2836 Π.
507 2815 538 2845 p.
563 2801 635 2835 706.
684 2803 872 2841 „Mittimus
896 2803 979 2834 vobis
1001 2804 1125 2846 aliquot
1149 2805 1337 2845 e.2·e⁷nplaria
1361 2807 1487 2835 nostroe
1514 2803 1639 2847 Conse-5·

90 2857 211 2895 „Sionis
233 2858 273 2889 de
296 2870 330 2889 re
353 2859 615 2896 sacramentaria,
641 2869 723 2890 nunc
746 2858 882 2899 primum
907 2859 958 2890 hic
982 2859 1116 2891 alitae?
1140 2860 1169 2891 d.
1194 2861 1211 2890 (i
1235 2860 1308 2890 Iulii
1336 2860 1426 2892 1554.

132 2914 158 2954 ι)
183 2913 317 2954 widem,
342 2925 373 2958 p.
399 2914 468 2949 708.
495 2915 523 2947 d.
551 2917 567 2945 5
593 2914 725 2948 octobr.
756 2915 847 2949 1554.
875 2914 925 2949 cf.
951 2915 1048 2949 etiam
1073 2915 1142 2949 Vol,
1165 2914 1209 2947 11.
1233 2926 1263 2960 p.
1287 2915 1357 2951 712.
