1818 3178
750 130 808 159 ΕΡ.
840 130 981 158 nocrn.
1559 122 1629 159 531

95 233 321 284 baptismum
358 233 531 270 nostrum
568 230 784 269 subvertere
820 235 931 281 atque
968 230 1061 268 adeo
1099 230 1339 269 idololatriae
1374 230 1488 269 etiam
1536 244 1629 269 con·

97 297 273 335 demnare
310 297 498 335 nituntur.
553 297 662 335 Quae
691 296 841 348 quidem
873 297 972 334 bona
999 296 1073 334 fide
1100 296 1351 347 expendemus
1387 296 1519 334 ordine
1546 308 1633 333 om-

96 362 159 400 nia
195 366 231 399 et
270 361 323 399 ita
350 364 480 398 nostra
507 360 803 407 moderabimur,
829 364 871 398 ut
899 373 1029 398 omnes
1057 360 1273 408 intelligant
1302 373 1371 397 nos
1399 359 1502 398 aliud
1530 359 1629 397 nihil

97 438 271 477 quaerere
317 438 428 476 quam
475 425 617 463 Christi
660 426 819 474 gloriam
858 431 894 463 et
929 425 1136 474 legitimum
1175 424 1343 462 fidelium
1380 425 1549 462 omnium
1586 424 1626 461 in

95 490 236 528 Christi
272 490 445 528 doctrina
474 503 698 527 consensum
727 494 763 528 et
791 489 984 536 unionem,
1009 503 1121 541 quam
1148 501 1371 540 promovere
1397 502 1529 528 omnes
1556 501 1625 540 pro

96 567 239 592 summa
268 553 369 591 virili
398 558 529 592 nostra
558 554 748 592 debemus.

148 618 334 669 Baptismi
371 619 650 657 institutionem
687 620 857 657 referunt
894 618 940 656 ad
976 618 1060 656 loca
1098 618 1163 656 illa
1190 618 1413 656 ultimorum
1445 617 1628 656 Matthaei

95 684 131 719 et
171 680 293 718 Marci
330 681 493 732 capitum
531 695 649 732 eaque
685 683 737 719 ita
776 685 1020 727 connectunt,
1054 688 1095 719 ut
1133 681 1318 732 quidquid
1354 680 1400 719 de
1438 681 1626 732 baptismo

96 746 299 796 utrobique
335 745 415 782 illic
443 746 614 793 habetur,
641 745 680 782 id
708 750 828 783 totum
858 750 893 783 et
921 746 967 783 ad
996 745 1275 783 institutionem
1306 745 1484 796 baptismi
1514 745 1629 796 perti·

96 822 184 847 nere
213 809 385 854 doceant,
414 814 449 847 et
477 810 593 848 veluti
620 810 838 847 mandatum
869 809 988 860 accipi
1017 809 1147 848 velint.
1202 809 1285 846 Nos
1314 822 1400 846 vero
1430 813 1632 859 utrumque

95 874 134 912 id
170 875 246 912 illis
282 888 475 924 negamus,
510 875 546 914 h.
577 888 620 922 e.,
657 880 694 913 et
732 875 789 912 his
827 875 921 913 locis
961 875 1187 925 baptismum
1221 874 1437 912 institutum
1475 887 1555 911 esse
1596 877 1635 911 et

98 938 282 990 quidquid
311 939 515 990 utrobique
542 939 620 976 illic
649 939 820 984 habetur,
847 938 885 976 id
914 943 1037 976 totum
1064 951 1134 990 pro
1162 939 1341 976 mandato
1370 938 1492 989 accipi
1521 951 1633 989 opor-

96 1006 186 1041 tere.
229 1003 320 1040 Cum
350 1003 448 1040 enim
479 1008 621 1041 certum
650 1003 698 1040 sit
725 1004 928 1054 Apostolos
965 1004 1084 1041 multo
1126 1007 1235 1041 antea
1271 1002 1450 1041 mandato
1479 1002 1635 1041 Domini

97 1068 320 1120 baptizasse,
347 1082 461 1119 quam
491 1068 580 1106 haec
607 1069 693 1105 illos
723 1068 886 1113 doceret,
913 1081 1006 1119 quae
1033 1068 1073 1105 in
1101 1068 1245 1105 ultimis
1274 1067 1377 1104 hisce
1397 1066 1580 1104 Matthaei
1601 1070 1636 1104 et

101 1133 224 1172 Marci
262 1133 451 1185 capitibus
490 1134 690 1179 habentur,
716 1133 955 1184 perspicuum
984 1137 1051 1178 est,
1080 1132 1117 1169 id
1146 1136 1226 1170 tum
1257 1145 1334 1169 non
1362 1131 1529 1182 potuisse
1556 1130 1636 1182 pri-

97 1211 199 1235 mum
238 1198 399 1244 institui,
436 1198 535 1249 quod
573 1197 713 1235 dudum
750 1198 892 1248 alioqui
929 1197 970 1234 iu
1003 1210 1074 1234 usu
1112 1196 1185 1233 iam
1225 1200 1317 1242 erat,
1343 1201 1380 1233 et
1408 1209 1501 1246 quae
1530 1195 1629 1246 apud

102 1262 274 1300 Marcum
314 1263 382 1300 sub
421 1263 546 1301 verbis
575 1263 837 1313 promissionis
867 1262 1057 1299 habentur
1085 1274 1162 1299 non
1184 1260 1363 1311 equidem
1398 1264 1440 1298 ut
1476 1260 1633 1297 manda·

98 1331 180 1366 tum
217 1327 434 1378 accipienda
471 1341 550 1365 esse
588 1328 760 1372 dicimus,
797 1327 860 1365 scd
896 1326 1021 1378 potius
1051 1330 1090 1364 ut
1118 1339 1302 1363 summam
1332 1325 1522 1376 quandam
1552 1325 1632 1362 eius

101 1393 315 1442 Euangelii,
343 1392 443 1444 quod
473 1392 671 1438 Dominus,
700 1393 778 1430 sive
807 1392 984 1430 omnibus
1012 1392 1205 1441 gentibus,
1232 1390 1548 1442 quemadmodum
1567 1390 1634 1428 ha-

99 1457 163 1495 bet
203 1456 434 1501 Matthaeus,
471 1457 549 1494 sive
576 1456 679 1494 omni
708 1461 896 1494 creaturae
926 1457 1030 1494 iuxta
1061 1455 1247 1500 Marcum,
1282 1454 1491 1506 praedicari
1529 1454 1633 1492 dein-

101 1533 186 1572 ceps
213 1521 373 1559 rolebat.
413 1522 510 1559 Sunt
538 1521 635 1558 enirn
665 1521 878 1572 ἀπρόσωπκ
906 1520 986 1558 illic
1013 1520 1140 1558 onmia
1169 1524 1209 1557 ut
1236 1519 1333 1558 nihil
1363 1520 1538 1570 cuiquam
1564 1520 1636 1556 im·

97 1590 228 1637 perent
265 1590 301 1625 et
336 1591 481 1637 praeter
517 1587 658 1625 nudam
694 1587 983 1639 promissionem
1015 1586 1111 1624 nihil
1140 1585 1295 1623 omnino
1325 1585 1635 1636 complectantur.

100 1649 187 1688 Duo
223 1650 341 1700 igitur
376 1651 510 1688 docere
546 1651 656 1688 initio
695 1651 787 1688 haec
823 1651 1026 1696 debebant,
1054 1663 1187 1700 nempe
1215 1654 1251 1687 et
1278 1649 1505 1700 baptismum
1536 1649 1638 1687 hisce

97 1714 192 1752 locis
228 1714 391 1759 institui,
429 1715 495 1765 qui
532 1715 674 1752 dudum
711 1715 854 1766 alioqui
894 1719 1006 1752 antea
1043 1714 1194 1752 Christo
1232 1714 1313 1764 ipso
1344 1718 1474 1751 autore
1501 1713 1540 1751 in
1568 1726 1638 1751 usu

100 1783 192 1825 erat,
219 1783 255 1817 et
283 1793 378 1830 quae
406 1780 501 1818 nihil
531 1780 705 1831 cuiquam
731 1781 918 1832 imperant
945 1794 986 1817 ea
1016 1779 1183 1817 mandati
1209 1779 1293 1816 loco
1313 1779 1433 1830 accipi
1453 1782 1638 1830 oportere.

101 1843 148 1881 Id
185 1856 297 1895 porro
333 1844 513 1895 quoniam
549 1858 717 1895 pugnare
751 1858 877 1883 secum
915 1844 1075 1890 videtur,
1110 1844 1246 1881 mirum
1276 1843 1395 1881 videri
1423 1856 1497 1881 non
1528 1842 1638 1881 debet

102 1909 342 1955 adversariis,
380 1909 483 1960 quod
519 1910 596 1947 illis
631 1911 671 1948 in
701 1910 836 1947 horum
866 1910 1036 1947 locorum
1063 1909 1376 1960 interpretatione
1404 1922 1481 1947 non
1510 1922 1638 1946 assen-

103 1973 254 2020 tiamur,
290 1987 363 2024 qua
392 1974 448 2011 illi
478 1974 615 2011 amissa
644 1988 780 2024 negare
808 1988 896 2012 sane
935 1987 1011 2012 non
1038 1978 1228 2025 poterunt,
1255 1973 1327 2011 toti
1365 1986 1454 2010 suae
1495 1972 1634 2011 doctri-

106 2050 177 2076 nae
215 2051 391 2088 magnam
428 2038 648 2076 hauddubie
683 2039 832 2077 ruinam
869 2038 1096 2090 impendere.
1150 2038 1199 2076 Et
1235 2042 1275 2076 ut
1311 2037 1528 2086 intelligant
1572 2050 1641 2075 nos

105 2101 167 2140 hio
204 2116 281 2140 non
318 2106 455 2141 temere
493 2116 512 2140 a
542 2116 580 2141 se
608 2103 816 2150 dissentire,
845 2107 1014 2157 nostram
1044 2103 1176 2140 horum
1205 2102 1378 2139 locorum
1415 2101 1640 2153 interpreta-

104 2166 247 2204 tionem
284 2167 509 2206 adferemus.
565 2167 735 2205 Dicimus
774 2168 835 2205 hic
871 2180 941 2206 nos
978 2166 1079 2205 aliud
1109 2180 1186 2205 non
1216 2166 1290 2216 agi,
1318 2179 1431 2218 quam
1459 2166 1511 2211 id,
1538 2166 1640 2217 quod

104 2231 290 2270 Dominus
327 2232 407 2284 ipse
443 2237 552 2271 antea
589 2233 826 2284 praedixerat
854 2246 933 2271 esse
961 2234 1141 2280 futurum,
1170 2233 1208 2271 h.
1237 2245 1284 2278 e.,
1311 2236 1352 2270 ut
1381 2246 1539 2281 regnum
1568 2231 1639 2269 Dei

107 2296 197 2334 olim
245 2297 388 2335 iudaeis
434 2298 674 2349 potissimum
711 2298 951 2349 promissum,
986 2298 1033 2335 ad
1070 2302 1201 2347 gentes
1240 2297 1392 2335 demum
1428 2297 1538 2335 etiam
1580 2311 1645 2348 per

106 2361 358 2410 Euangelium
387 2364 666 2402 transferretur.
696 2362 906 2414 Oportebat
935 2376 1023 2400 sane
1051 2376 1115 2413 per
1145 2362 1336 2400 Christum
1365 2361 1513 2413 impleri
1541 2361 1641 2413 quod

107 2427 286 2476 gentibus
322 2427 550 2478 promissum
588 2431 678 2466 erat.
733 2428 773 2465 Is
803 2441 891 2465 vero
919 2428 990 2465 etsi
1019 2440 1095 2465 non
1123 2440 1265 2478 paucos
1293 2440 1312 2464 a
1341 2426 1520 2475 gentibus
1547 2426 1645 2477 ipse-

107 2495 184 2529 met
222 2491 297 2529 iam
336 2491 513 2530 docuerat
540 2496 652 2542 atque
686 2493 797 2530 etiam
825 2506 845 2529 a
873 2491 1016 2529 morbis
1045 2492 1160 2529 variis
1190 2495 1352 2538 sanarat,
1383 2495 1522 2536 tamen,
1549 2504 1643 2541 quo-

107 2556 210 2594 niam
240 2557 437 2608 Apostolis
467 2557 544 2594 suis
573 2557 742 2595 edixerat
769 2571 815 2594 ne
842 2557 882 2595 in
911 2557 990 2595 vias
1017 2558 1104 2605 (36)
1132 2556 1303 2606 gentium
1334 2555 1498 2602 abirent,
1524 2556 1646 2594 laxari

109 2621 274 2659 edictum
304 2621 375 2658 hoc
404 2622 616 2672 oportebat,
642 2621 742 2672 quod
771 2621 810 2659 in
839 2621 943 2659 illum
969 2635 1089 2672 usque
1116 2621 1215 2658 diem
1243 2620 1291 2658 ab
1321 2619 1500 2658 omnibus
1524 2621 1645 2657 fuerat

110 2685 365 2724 observatum.
421 2686 586 2724 Nolebat
614 2691 738 2725 autem
764 2686 858 2724 illud
885 2687 1004 2724 laxari
1033 2686 1157 2724 adhuc
1184 2686 1259 2724 iam
1286 2689 1376 2723 ante
1403 2690 1562 2722 mortem
1590 2684 1649 2735 ip-

115 2762 194 2786 sam
231 2762 314 2787 cum
347 2750 542 2802 Philippus
576 2754 612 2789 et
648 2751 819 2788 Andreas
848 2763 1005 2799 graecos
1041 2750 1213 2788 homines
1241 2749 1286 2787 ad
1317 2749 1441 2800 ipsum
1469 2748 1648 2787 adduxis-

115 2814 212 2857 sent,
249 2813 312 2850 sed
351 2812 457 2850 brevi
495 2812 533 2849 id
569 2811 643 2849 iam
673 2812 754 2850 sore
781 2811 975 2859 innuebat,
1002 2812 1309 2864 quandoquidem
1342 2812 1431 2849 hora
1458 2810 1649 2859 glorifica·

110 2875 228 2915 tionis
266 2889 353 2915 suae
390 2877 463 2915 iam
502 2878 680 2917 venisset.
736 2877 810 2916 His
846 2877 965 2928 igitur
1002 2878 1094 2916 locis
1133 2877 1349 2915 ultimorum
1390 2875 1574 2914 Matthaei
1616 2882 1653 2914 et

1419 2941 1494 2979 35*
