1818 3178
204 99 279 129 XVI
847 107 1090 141 PRAEFATIO.

203 218 256 245 DE
297 203 447 247 Gnoor
478 206 647 249 honoris
688 223 812 253 causa
843 213 1061 257 nominare
1091 215 1193 258 mihi
1223 217 1358 270 liceat.
1391 219 1615 267 editionem
1646 241 1721 284 ag-

203 290 372 332 gressus
402 292 508 320 sum.
541 277 693 335 Neque
722 279 803 324 hoc
834 289 1012 330 tantum.
1045 286 1255 331 Permulti
1285 291 1424 345 etiam,
1447 293 1599 350 quibus
1614 297 1721 341 forte

203 345 371 390 fortuna
411 349 496 391 sive
542 365 640 392 cum
671 351 809 395 Lasco
838 356 922 398 sive
953 372 1050 400 cum
1080 373 1165 401 uno
1197 360 1381 405 alterove
1413 380 1434 406 e
1465 366 1629 423 scriptis
1657 368 1722 426 ip-

201 417 286 460 sius
316 418 642 464 familiaritatem
673 423 853 482 iungere
884 429 1130 485 contigerat,
1162 433 1347 477 suaviter
1377 435 1601 482 admodum
1634 441 1721 498 epi-

199 488 312 532 stolis
345 489 490 534 dandis
519 493 758 539 institutum
790 498 890 541 mihi
912 502 1196 558 congratulati
1218 512 1329 550 sunt.
1363 506 1480 560 Quin
1503 510 1588 554 imo
1608 512 1720 556 haud

199 574 322 612 unus,
370 578 413 604 se
444 563 525 605 iam
557 564 694 621 ipsum
725 567 766 610 in
798 569 942 613 eodem
976 582 1230 630 argumento
1261 576 1573 635 aliquantulum
1602 583 1720 627 lucu-

198 631 381 675 bravisse
427 634 528 677 mihi
560 636 785 683 scribebat:
818 656 916 684 mox
959 657 1058 685 vero
1088 645 1138 687 ad
1170 645 1252 689 alia
1283 647 1516 706 digressum
1548 669 1636 696 esse
1666 654 1720 697 ob

196 718 402 748 summam
450 708 750 765 suppellectilis
791 712 867 755 sibi
910 717 1200 770 procurandae
1231 718 1532 768 difficultatem.
1592 724 1718 779 Quod

197 774 375 832 denique
417 781 752 834 praetermittere
794 784 910 827 nefas
951 794 1068 832 essct.
1132 787 1279 833 Vitam
1307 791 1446 845 Lasci‚
1478 795 1625 853 Belgis
1654 804 1718 841 ut·

197 861 364 904 cunque
395 851 576 894 maxima
607 852 694 895 fere
725 869 774 898 ex
805 863 922 912 parte
944 858 1137 910 deditam,
1169 877 1191 903 e
1211 862 1357 920 Belgis
1378 863 1594 922 descripsit
1617 869 1715 912 huc-

197 934 330 976 usque
360 936 495 965 nem0.
528 923 656 967 Siluit
686 926 736 968 ad
767 927 880 970 hunc
910 944 1043 986 usque
1073 931 1180 975 diem
1214 935 1348 991 patria
1364 951 1502 993 neque
1518 938 1654 984 ullum
1673 957 1715 983 se

195 992 374 1050 dignum
407 1005 728 1040 monumentum
759 1001 898 1057 exegit
929 1002 1080 1045 eximio
1111 1004 1173 1047 illi
1203 1005 1306 1058 viro,
1341 1009 1408 1050 cui
1437 1009 1547 1052 inter
1564 1010 1715 1055 Refor-

195 1072 373 1108 mator-es
403 1068 575 1110 secundi
605 1069 762 1113 ordinis
792 1071 1024 1128 plurimum
1057 1083 1170 1119 certe
1201 1077 1334 1123 debet.
1401 1081 1609 1127 Beneficia
1639 1100 1713 1128 au-

192 1143 275 1180 tem
307 1139 478 1181 sensisse
510 1156 586 1183 nec
618 1142 776 1185 referre
792 1145 963 1201 gratias,
987 1146 1176 1192 Ecclesia
1197 1157 1342 1194 nostra
1362 1152 1589 1210 indignum
1609 1171 1710 1209 esse,

192 1210 284 1265 quis
315 1225 397 1252 non
431 1213 584 1256 sentit?
616 1213 669 1257 Et
700 1214 778 1258 hoc
808 1215 938 1273 igitur
969 1219 1070 1261 mihi
1099 1220 1141 1262 in
1175 1236 1319 1266 caussa
1336 1223 1427 1276 fuit,
1451 1240 1529 1268 cur
1545 1226 1716 1272 Ioannis

190 1280 213 1322 a.
243 1279 382 1324 Lasco
411 1284 656 1328 memoriam
691 1288 931 1331 renovando
960 1291 1002 1332 et
1032 1306 1056 1333 a
1087 1292 1229 1336 multis
1251 1294 1530 1341 desideratum
1552 1300 1715 1344 etmihi

190 1350 423 1394 iucundum
468 1355 508 1396 et
540 1354 753 1400 Ecclesiae
788 1373 902 1402 meae
932 1361 1100 1404 nomine
1131 1363 1248 1419 pium
1279 1365 1408 1409 simul
1439 1367 1620 1414 officium
1652 1386 1715 1414 re-

190 1423 345 1479 cepisse
376 1425 476 1467 mihi
507 1425 685 1472 viderer.

243 1493 335 1537 Iam
369 1495 419 1538 ad
451 1512 624 1553 operum
657 1500 745 1543 eius
778 1501 1001 1547 editionem
1035 1512 1310 1561 transeamus,
1342 1525 1464 1567 quae,
1497 1519 1544 1555 ut
1574 1529 1709 1570 spero,

187 1565 330 1609 multis
372 1567 532 1611 facilius
572 1571 694 1613 etiam
736 1587 863 1628 quam
896 1576 1077 1618 auctoris
1107 1575 1355 1636 biographia
1386 1581 1612 1639 approbari
1642 1600 1714 1641 po-

186 1637 297 1681 terit.
328 1638 425 1681 Non
457 1640 667 1684 immerito
702 1642 870 1687 fortasse
901 1646 1049 1699 dicam,
1078 1648 1234 1706 absque
1255 1654 1507 1709 scriptorum
1531 1656 1711 1701 editione

187 1723 266 1750 nec
297 1709 424 1752 vitam
441 1711 567 1767 ipsius
589 1713 827 1769 paullulum
847 1719 1083 1762 accuratius
1099 1724 1302 1773 enarrari,
1325 1740 1462 1781 neque
1480 1727 1708 1785 imaginem

186 1779 378 1823 solertius
409 1781 610 1826 delineari
641 1800 772 1841 posse,
807 1787 876 1830 sed
908 1790 995 1846 ipse
1017 1792 1148 1834 sentio
1161 1792 1296 1837 levius
1313 1794 1392 1838 hoc
1408 1807 1708 1855 argumentum

186 1848 398 1906 plerisque
430 1851 572 1903 videri,
604 1870 734 1911 quare
766 1857 979 1902 stabiliora
1011 1876 1269 1918 expromam.
1301 1864 1481 1923 Proprie
1506 1871 1642 1913 omnis
1658 1871 1708 1914 de

186 1920 362 1965 utilitate
404 1923 594 1968 editionis
640 1943 814 1984 operum
858 1931 1074 1975 cuiusdam
1117 1934 1358 1992 disceptatio
1400 1939 1450 1982 ad
1502 1940 1576 1984 has
1606 1941 1709 1986 duas

187 1995 449 2048 quaestiones
496 1999 682 2041 revocari
729 2007 875 2056 potest,
923 2009 969 2045 ut
1009 2019 1146 2062 roges,
1184 2022 1236 2049 an
1268 2008 1349 2051 sint
1380 2010 1452 2067 qui
1483 2027 1532 2054 ea
1563 2013 1708 2072 legere

185 2065 369 2122 cupiant,
415 2069 614 2124 primum,
661 2069 807 2113 deinde
852 2074 1065 2129 possintne
1102 2079 1361 2136 exemplaria
1391 2081 1706 2130 administrari?

185 2136 423 2194 Utramque
455 2141 599 2196 paucis
629 2143 875 2199 expendam.
907 2145 962 2189 Et
983 2147 1064 2190 iam
1088 2150 1199 2205 quod
1220 2151 1271 2194 ad
1294 2153 1473 2209 primam
1496 2158 1704 2211 quaestio-

183 2223 290 2260 nem,
323 2225 375 2252 an
407 2210 533 2254 Lasci
555 2214 759 2269 opuscula
788 2215 932 2273 legere
962 2218 1133 2263 litterati
1158 2222 1238 2265 viri
1260 2225 1442 2281 cupiant,
1465 2228 1563 2269 satis
1584 2227 1706 2271 facile

185 2279 285 2322 mihi
315 2283 532 2338 negotium
562 2284 654 2328 erit.
686 2285 848 2329 Notum
876 2295 935 2331 est
952 2291 1144 2335 omnibus
1171 2295 1243 2351 qui
1266 2295 1470 2340 librorum
1493 2300 1706 2344 auctiones

185 2351 376 2408 paullum
418 2354 658 2412 diligentius
701 2366 838 2401 mente
883 2362 1001 2418 sequi
1041 2363 1186 2414 solent,
1230 2382 1314 2423 quo
1344 2371 1549 2425 stupendo
1579 2371 1704 2428 plane

185 2424 320 2480 pretio
350 2424 557 2469 deformes
579 2429 668 2471 eius
689 2428 867 2472 libelluli
883 2432 1093 2477 interdum
1112 2444 1305 2480 veneant.
1338 2439 1490 2496 Nuper
1505 2441 1546 2483 in
1571 2444 1706 2498 patria

185 2502 327 2538 nostra
358 2496 658 2542 divendebatur
689 2501 994 2547 Amstelodami
1021 2506 1311 2552 Harlemensis
1329 2511 1440 2566 apud
1458 2511 1705 2572 Teleiobap·

184 2567 298 2610 tistas
328 2567 432 2611 rude
464 2568 604 2613 donati
621 2587 837 2616 sacrorum
856 2575 1049 2619 antistitis
1065 2579 1361 2634 pretiosissima
1379 2580 1639 2637 bibliotheca,
1664 2594 1705 2629 et

186 2639 243 2681 nil
275 2640 448 2684 mirare!
483 2649 651 2685 centum
673 2646 939 2703 septuaginta
961 2657 1118 2705 septem
1140 2651 1288 2694 floreni
1311 2668 1388 2709 pro
1410 2669 1482 2697 sex
1502 2654 1706 2700 duntaxat

184 2711 396 2766 opusculis
407 2711 533 2755 Lasci
546 2716 716 2770 appensi
727 2723 836 2760 sunt.
853 2718 892 2760 A
907 2721 1065 2776 synodo
1077 2721 1362 2766 Ecclesiarum
1378 2725 1704 2770 Bohemicarum

183 2782 451 2826 consessionis
493 2784 738 2829 Helveticae
783 2797 975 2845 rogatus,
1011 2799 1057 2835 ut
1087 2794 1351 2850 opusculum,
1385 2797 1451 2839 cui
1483 2799 1626 2841 Forma
1657 2815 1705 2842 ae

183 2855 290 2903 ratio
355 2855 514 2909 titulus,
568 2857 615 2901 iis
664 2873 954 2916 procurarem,
1008 2865 1407 2912 Amstelodamensis
1456 2869 1705 2929 bibliopolae
