1818 3178
773 123 831 150 ΕΡ.
861 122 989 149 Doc'rn
1581 113 1652 148 523

129 230 231 268 mino
271 231 399 267 nostro
437 226 604 264 omnium
643 225 776 277 capite,
812 224 912 276 quod
951 225 1117 262 futurum
1147 223 1270 262 adhuc
1299 222 1533 261 circumcisio
1560 223 1652 261 olim

129 293 360 345 designabat,
407 292 669 342 docemusque,
713 303 783 329 nos
820 303 896 328 non
931 294 1014 327 tum
1048 289 1211 341 primum
1247 288 1371 327 offerri
1411 288 1501 336 Deo,
1533 301 1653 340 neque

128 363 208 398 tum
235 358 396 410 primum
421 356 537 394 inseri
565 357 730 400 Christo,
758 368 843 393 cum
872 355 1117 406 baptizamur,
1146 353 1209 392 sed
1239 354 1386 392 oblatos
1412 354 1488 392 iarn
1515 353 1605 392 inde
1631 367 1654 391 a

127 422 260 461 mundi
299 421 445 470 origine
478 421 518 458 in
552 420 704 458 seminis
739 419 916 470 promissi
951 419 1072 456 hostia
1111 418 1336 470 Christoque
1373 418 1448 456 iam
1483 422 1564 456 tum
1612 417 1654 456 in

126 486 265 524 lumbis
308 485 413 523 Adae
457 485 642 523 destinata
685 483 756 522 Dei
791 483 982 521 voluntate
1024 483 1262 534 gratuitaque
1297 482 1554 520 misericordia.
1589 495 1654 534 per

126 550 411 603 promissionem
438 549 587 594 insitos,
627 549 666 586 in
699 562 741 586 ea
779 548 899 586 nostri
933 547 1114 585 insitione
1140 547 1348 597 obsignari,
1375 551 1416 586 ut
1445 547 1653 598 baptismus

124 616 228 654 aliud
263 629 340 653 non
368 615 416 653 sit
444 615 541 666 apud
569 627 638 652 nos
666 626 778 665 quam
805 613 972 662 sigillum
999 613 1165 651 iustitiae
1192 626 1255 650 seu
1283 612 1555 663 acceptationis
1582 625 1653 650 no-

126 685 225 719 strae
252 680 291 718 in
319 680 479 729 gratiam
507 679 576 717 Dei
602 683 752 730 propter
779 677 898 715 nostri
919 677 1136 715 insitionem
1155 691 1219 728 per
1240 677 1444 723 Christum,
1470 678 1654 715 efficacem

127 744 344 782 hauddubie
370 744 410 781 in
437 743 541 781 omni
568 742 781 780 mortalium
807 754 943 790 genere
968 754 1034 792 per
1060 741 1364 791 promissionem,
1388 755 1517 779 omnes
1537 741 1653 780 totius

128 810 229 848 orbis
247 813 377 860 gentes
395 809 475 847 sine
491 809 568 846 ullo
589 807 804 845 discrimine
824 806 1142 856 complectentem,
1159 805 1473 856 quemadmodum
1493 806 1653 843 circum-

127 875 234 921 cisio,
261 876 391 926 [quae]
422 876 596 924 σφραγίς
623 879 703 910 erat
729 872 895 910 iustitiae
923 884 987 909 seu
1006 871 1275 921 acceptationis
1293 871 1500 908 Abrahami
1520 871 1653 909 eteius

126 940 279 978 seminis
305 939 345 976 in
374 939 537 988 gratiam
566 937 648 981 Dei,
675 937 824 974 interim
854 942 980 974 tamen
1008 949 1028 973 a
1057 937 1176 974 salute
1195 949 1270 974 non
1291 936 1516 974 excludebat
1535 949 1655 986 neque

124 1018 189 1043 eos
224 1003 290 1055 qui
325 1006 412 1041 ante
450 1003 697 1040 constitutum
732 1000 833 1038 illius
872 1000 970 1037 diem
1005 1000 1276 1047 moriebantur,
1311 1014 1432 1051 neque
1459 1001 1523 1051 qui
1549 1000 1654 1038 illam

125 1069 252 1106 divina
295 1067 457 1119 quadam
492 1065 772 1118 dispensatione
806 1069 841 1102 et
877 1064 1127 1115 providentia,
1163 1078 1240 1102 non
1277 1069 1401 1102 autem
1438 1068 1654 1116 contemptu

124 1134 203 1172 ullo
235 1132 491 1183 negligebant.
547 1133 625 1169 Aut
652 1131 769 1181 igitur
795 1130 955 1167 Paulum
982 1129 1220 1168 idololatriae
1247 1129 1448 1168 nobiscum
1477 1130 1655 1167 condem-

124 1200 282 1245 nabunt,
309 1199 340 1235 si
367 1197 553 1248 baptismo
582 1201 723 1241 nostro,
749 1196 855 1234 iuxta
884 1196 981 1234 hane
1009 1195 1505 1241 doctrinam,idololatriam
1524 1195 1656 1233 induci

123 1268 258 1316 putant
286 1263 342 1311 (id
370 1267 490 1300 totum
520 1275 681 1312 namque
707 1261 842 1299 tribuit
869 1262 932 1299 ille
961 1260 1241 1298 circumcisioni
1263 1259 1362 1311 quod
1383 1272 1452 1297 nos
1470 1259 1656 1311 baptismo

122 1328 343 1375 tribuimus)
378 1348 428 1355 -
462 1330 524 1364 aut
553 1340 622 1364 nos
650 1339 725 1363 una
755 1338 837 1363 cum
863 1325 981 1363 Paulo
1010 1324 1114 1362 omni
1141 1324 1254 1362 simul
1281 1323 1520 1362 idololatriae
1549 1325 1659 1376 culpa

121 1405 166 1430 ac
193 1390 407 1442 suspicione
432 1389 662 1428 liberabunt.
699 1388 833 1439 Neque
861 1401 948 1427 vero
978 1388 1180 1426 discrimen
1209 1388 1328 1425 ullum
1356 1388 1532 1437 ponimus
1559 1388 1659 1426 inter

121 1456 337 1495 adultorum
373 1459 409 1492 et
441 1453 646 1492 infantium
682 1453 922 1504 baptismum,
959 1452 1276 1503 quemadmodum
1311 1464 1432 1502 neqne
1460 1451 1548 1489 olim
1579 1452 1656 1490 dis-

122 1521 262 1559 crimen
299 1519 417 1557 ullum
453 1519 571 1556 fuisse
607 1517 767 1567 legimus
803 1518 901 1555 inter
937 1516 1263 1555 circumcisionem
1299 1520 1365 1554 aut
1398 1519 1483 1554 octo
1512 1515 1658 1554 dierum

80 1604 89 1613 ·
123 1584 340 1629 infantium,
367 1586 430 1621 aut
458 1582 633 1620 seriorem
662 1582 765 1619 illam
794 1581 1050 1633 emptitiorum
1078 1594 1283 1624 servorum,
1310 1584 1374 1618 aut
1397 1593 1525 1618 eorum
1545 1580 1658 1619 etiam

123 1650 188 1703 qui
233 1652 406 1700 superato
442 1638 605 1699 primum
640 1646 803 1684 Iordane
839 1646 914 1684 iam
950 1645 1222 1697 propemodum
1258 1644 1548 1696 quadragenarii
1585 1644 1657 1682 cir-

123 1713 445 1758 cumcidebantur,
470 1715 525 1756 ut,
552 1711 582 1749 si
611 1711 820 1762 baptismus
850 1714 977 1748 noster
1004 1710 1220 1748 idololatria
1249 1710 1362 1747 semel
1390 1708 1583 1754 liberetur,
1611 1723 1659 1747 ne

122 1778 449 1831 paedobaptismus
476 1777 629 1828 quidem
656 1780 784 1814 noster
809 1778 895 1824 (30)
924 1776 1037 1813 etiam
1062 1775 1166 1813 illius
1194 1774 1346 1812 nomine
1376 1774 1619 1812 condemnari
1636 1788 1658 1812 a

121 1858 308 1897 quoquam
328 1843 488 1894 amplius
510 1842 584 1880 ulla
604 1841 750 1879 ratione
770 1841 902 1892 possit.
932 1840 1038 1878 Haec
1050 1841 1214 1878 sufficere
1224 1839 1389 1877 arbitror
1398 1839 1470 1890 piis
1482 1838 1657 1877 omnibus

121 1911 168 1949 ad
190 1908 447 1960 depellendam
466 1921 486 1945 a
507 1910 636 1944 nostro
658 1906 735 1944 sive
753 1905 955 1943 infantium
976 1906 1053 1943 sive
1073 1905 1290 1948 adultorum
1310 1904 1495 1955 baptismo
1508 1916 1656 1942 omnem

121 1974 358 2014 idololatriae
386 1972 650 2024 suspicionem,
678 1985 797 2022 neque
825 1971 998 2022 pluribus
1026 1971 1088 2008 hic
1114 1970 1246 2008 lectori
1263 1970 1444 2007 molestus
1460 1982 1541 2007 esse
1557 1969 1656 2008 volo.

120 2041 204 2078 Iam
240 2039 272 2077 si
305 2038 517 2076 doctrinam
554 2037 652 2074 hanc
688 2040 858 2074 nostram
894 2049 979 2073 cum
1016 2035 1169 2073 illorum
1205 2034 1377 2073 doctrina
1406 2035 1656 2082 conferamus,

121 2105 185 2157 qui
220 2103 531 2156 paedobaptismo
567 2105 695 2140 nostro
723 2100 976 2143 idalolatriam
1002 2100 1133 2138 induci
1172 2100 1349 2145 clamant,
1377 2099 1487 2137 facile
1514 2099 1656 2139 intelli·

119 2174 182 2220 get
209 2169 421 2220 quisquam,
449 2180 511 2205 eos
539 2166 717 2217 ipsosmet
743 2165 865 2215 magis
892 2166 1011 2203 multo
1041 2165 1213 2203 doctrina
1241 2178 1308 2203 sua
1337 2165 1384 2202 ad
1401 2165 1655 2203 idololatriam

123 2233 361 2272 statuendam
388 2230 634 2283 propendere.
669 2229 777 2268 Dabo
805 2230 885 2267 eius
914 2229 967 2266 rei
995 2229 1184 2280 specimen
1211 2229 1353 2280 paucis.
1383 2228 1532 2267 Docent
1562 2229 1654 2280 bap-

121 2298 234 2337 tismo
263 2310 329 2336 suo
358 2296 534 2334 innovari
562 2295 752 2333 hominem
780 2298 905 2333 totum
931 2297 968 2332 et
995 2294 1155 2340 renasci,
1183 2307 1304 2345 neque
1331 2306 1402 2345 pro
1426 2298 1558 2333 renato
1588 2295 1654 2332 ha-

123 2363 286 2402 bendum
314 2366 450 2413 putant
477 2361 542 2412 qui
570 2374 646 2398 non
674 2360 721 2398 ad
749 2360 901 2398 illorum
928 2359 1082 2397 modum
1110 2365 1174 2397 aut
1202 2359 1370 2408 tingatur
1396 2363 1461 2397 aut
1488 2359 1654 2408 retinga-

120 2433 193 2476 tur,
228 2432 341 2479 atque
376 2427 515 2464 habent
551 2425 613 2463 hic
650 2425 802 2476 quidem
838 2438 905 2463 sua
942 2424 1114 2474 suffugia,
1141 2424 1280 2475 quibus
1307 2437 1389 2462 eam
1416 2423 1654 2461 idololatriae

122 2492 373 2544 suspicionem
410 2504 430 2528 a
469 2490 656 2541 baptismo
694 2502 761 2527 suo
800 2489 982 2540 depellere
1019 2493 1217 2534 conantur,
1253 2487 1314 2526 sed
1352 2491 1425 2526 stat
1459 2487 1654 2525 immobile

122 2556 266 2596 domini
303 2555 471 2600 verbum,
506 2554 693 2592 neminem
728 2553 802 2592 nisi
837 2557 1007 2591 renatum
1036 2553 1180 2591 salvum
1208 2553 1301 2591 fore.
1356 2552 1472 2590 Quod
1500 2552 1530 2589 si
1560 2551 1653 2601 bap-

120 2623 233 2661 tismo
271 2621 424 2658 illorum
452 2631 727 2669 regeneramur,
755 2617 942 2669 baptismo
971 2617 1189 2655 hauddubie
1216 2621 1252 2654 et
1280 2629 1483 2661 servamur,
1510 2614 1654 2665 eritque

121 2687 225 2725 iuxta
252 2686 354 2737 ipsos
383 2683 591 2735 baptismus
619 2696 844 2732 regenerans
873 2686 1051 2728 servator,
1081 2686 1117 2719 et
1145 2681 1275 2719 dicunt
1302 2680 1453 2732 quidem
1483 2680 1554 2717 hoc
1575 2692 1652 2716 non

121 2751 305 2790 tinctione
340 2750 422 2801 ipsa
458 2747 562 2791 effici,
599 2752 638 2785 ut
673 2747 739 2798 qui
775 2746 821 2784 ab
859 2746 949 2797 ipsis
978 2745 1157 2797 baptizati
1185 2750 1272 2783 sunt
1301 2747 1559 2788 renascantur,
1587 2743 1651 2780 sed

122 2816 194 2853 hoc
218 2828 284 2866 per
310 2813 465 2852 verbum
493 2812 584 2858 fieri,
611 2825 674 2862 per
702 2811 802 2862 quod
830 2811 954 2849 valida
981 2810 1114 2848 tinctio
1142 2810 1207 2847 illa
1227 2810 1420 2854 reddatur,
1438 2829 1488 2837 -·
1507 2812 1650 2847 atvero

120 2893 205 2918 cum
233 2884 268 2917 et
296 2878 477 2930 Spiritum
504 2882 539 2915 et
569 2876 722 2914 verbum
750 2875 819 2914 Dei
847 2889 935 2914 suae
962 2874 1018 2914 illi
1046 2874 1223 2914 tinctioni
1250 2875 1303 2912 ita
1330 2873 1502 2925 alligant,
1523 2877 1563 2911 ut
1581 2886 1649 2925 pro
