1818 3178
548 119 688 147 suMMA
717 118 861 147 coNTa.
891 120 943 146 DE
971 118 1115 147 COENA.
1514 110 1587 148 477

71 223 160 260 satis
197 235 273 260 non
309 221 370 267 sit,
403 221 592 272 inquiunt,
621 221 722 272 quod
752 222 900 260 Christo
930 221 1018 260 satis
1045 225 1114 266 est,
1141 222 1188 259 ad
1216 226 1383 260 nostram
1412 221 1594 259 salutem?

71 287 120 324 Et
159 300 247 325 sane
274 286 468 324 fatendum
495 291 550 324 est
577 286 624 324 ad
653 287 807 325 salutem
837 287 926 325 satis
955 301 1034 325 esse
1062 287 1212 325 Christo
1241 287 1416 333 Domino,
1445 287 1505 324 cui
1533 286 1596 324 1116

69 352 173 390 addit
208 352 304 389 vitae
331 356 500 389 aeternae
527 351 827 402 promissionem.
879 352 1041 390 Proinde
1069 366 1151 389 cum
1180 352 1365 403 spirituali
1392 351 1596 389 manduca-

67 415 164 453 tioni
207 414 373 452 additam
409 414 599 453 videamus
635 429 657 452 a
693 415 857 453 Domino
895 417 975 467 ipso
1015 416 1258 454 clarissimam
1295 417 1391 454 vitae
1429 423 1599 453 aeternae

68 478 356 530 promissionem
390 482 426 516 et
463 479 552 516 haec
589 479 676 517 fidei
712 484 873 526 nostrae,
915 493 990 518 non
1026 480 1197 531 equidem
1225 480 1298 525 hic,
1326 480 1388 517 sed
1416 480 1456 518 in
1485 479 1598 518 coelis

70 543 234 581 versanti
268 542 454 588 offeratur,
490 546 625 594 putant
660 557 736 582 non
774 558 854 582 esse
890 545 1136 582 necessariam
1174 544 1381 582 doctrinam
1420 544 1518 582 hanc
1555 544 1600 581 de

70 608 254 659 corporali
283 608 422 646 Christi
450 609 527 646 ulla
556 609 617 647 1116
643 609 683 647 111
710 610 820 647 terris
855 609 951 660 apud
982 623 1050 647 nos
1078 610 1300 660 praesentia,
1328 610 1466 647 nedum
1493 623 1602 646 man-

71 673 285 712 ducatione.
339 673 394 711 De
438 674 562 712 verbis
600 687 736 712 coenae
772 675 915 718 dieunt,
952 688 990 712 se
1030 675 1155 713 verbis
1194 688 1330 713 coenae
1366 688 1444 712 non
1481 675 1604 712 minus

73 750 183 788 quam
223 737 365 788 priores
395 741 552 789 utroque
580 738 752 776 doctores
780 739 867 776 illos
896 738 1058 777 credere.
1114 739 1186 777 Sed
1213 739 1253 776 in
1281 739 1353 777 1106
1380 739 1476 777 inter
1505 753 1544 777 se
1570 743 1606 778 et

68 802 154 840 illos
193 803 449 840 controversia
485 816 561 840 non
597 803 659 853 agi
697 804 741 841 de
779 804 932 841 veritate
962 804 1159 842 verborum
1188 805 1341 851 Christi,
1369 818 1488 855 neque
1516 805 1604 843 item

70 867 116 905 de
151 867 251 905 illius
289 867 575 918 omnipotentia,
614 868 678 906 sed
725 869 769 906 (16
807 882 984 917 germana
1024 882 1067 906 ac
1104 882 1190 907 vera
1229 869 1426 907 verborum
1465 869 1607 908 Christi

67 932 302 983 expositione
336 933 442 970 iuxta
485 937 650 971 mentem
685 947 728 971 ac
765 935 995 972 voluntatem
1030 934 1163 985 ipsius,
1208 948 1318 985 quam
1355 935 1527 985 equidem
1565 934 1605 973 in

70 997 140 1035 hac
168 998 423 1035 controversia
451 998 652 1048 approbari
681 1003 851 1049 oporteat
880 999 1039 1036 aliorum
1066 1000 1250 1044 locorum,
1276 999 1376 1037 idem
1403 1004 1467 1037 aut
1487 1000 1608 1038 simile

71 1063 334 1109 argumentum
370 1059 628 1103 tractantium,
667 1060 878 1115 coilatione.
933 1061 972 1098 Is
1010 1060 1110 1099 enim
1148 1062 1296 1099 demum
1331 1064 1432 1099 recte
1469 1061 1610 1099 Christi

72 1124 186 1162 verba
214 1123 454 1175 interpretari
482 1130 594 1176 atque
620 1122 752 1173 (120b)
780 1125 992 1174 intelligere
1019 1121 1290 1163 existimandus
1317 1130 1385 1171 est,
1412 1126 1476 1177 qui
1504 1139 1610 1164 men-

69 1192 145 1226 tem
182 1201 225 1225 ae
263 1188 496 1227 voluntatem
534 1189 676 1227 Christi
712 1189 751 1226 in
789 1189 864 1226 illis
891 1189 1059 1227 omnium
1087 1190 1382 1228 luculentissime
1410 1203 1455 1228 ex
1482 1194 1611 1229 mutua

69 1253 236 1290 locorum
275 1253 488 1298 collatione,
523 1254 809 1305 argumentique
845 1253 945 1305 quod
981 1258 1162 1292 tractatur
1199 1259 1333 1292 natura
1369 1268 1412 1293 ae
1439 1255 1605 1305 ingenio,

70 1321 354 1356 commonstrat.
409 1318 456 1355 In
494 1318 618 1355 verbis
660 1331 771 1369 porro
801 1331 936 1356 coenae
963 1323 1103 1368 negant
1130 1322 1258 1357 extare
1287 1319 1520 1359 substantiae
1547 1334 1613 1359 vo-

73 1395 163 1427 cem,
196 1386 239 1419 ut
277 1381 345 1419 sub
385 1382 553 1432 corporis
591 1382 744 1420 nomine
779 1382 899 1433 ipsam
929 1383 1096 1434 corporis
1125 1383 1376 1421 substantiam
1404 1385 1613 1423 necessario

71 1446 218 1484 credere
255 1450 320 1483 aut
352 1446 562 1497 intelligere
600 1446 811 1485 debeamus.
841 1447 975 1498 Neque
1003 1447 1100 1485 enim
1140 1447 1312 1486 Christus
1349 1449 1422 1487 ait:
1460 1449 1532 1486 hoe
1559 1453 1616 1487 est

71 1510 284 1548 substantia
322 1511 489 1561 eorporis
525 1511 611 1556 mei,
646 1511 711 1549 sed
747 1511 798 1549 ait
825 1515 995 1549 tantum:
1025 1512 1097 1549 hoc
1124 1516 1179 1550 est
1208 1525 1343 1564 corpus
1371 1526 1507 1552 meum.
1565 1514 1615 1551 Et

69 1575 100 1612 si
128 1588 172 1612 ex
199 1578 329 1612 mutua
354 1576 525 1613 locorum
555 1575 769 1620 collatione,
796 1589 872 1614 rem
904 1577 1235 1615 sacramentariam
1263 1578 1518 1622 tractantium,
1545 1579 1615 1616 do·

70 1640 145 1678 ceri
179 1640 310 1691 possit,
346 1654 425 1678 non
460 1653 628 1691 pugnare
663 1640 702 1678 id
741 1653 824 1678 cum
861 1646 983 1678 mente
1018 1654 1061 1678 36
1093 1641 1336 1679 institutione
1373 1642 1526 1687 Christi,
1563 1646 1604 1680 ut

71 1703 239 1754 corporis
274 1716 410 1740 nomen
449 1717 514 1754 pro
552 1709 797 1749 sacramento,
833 1717 910 1741 non
952 1708 1076 1741 autem
1103 1717 1169 1755 pro
1198 1704 1410 1742 substantia
1439 1704 1605 1756 corporis

70 1768 277 1820 accipiatur
305 1768 342 1806 in
374 1768 475 1805 hisce
505 1782 642 1806 coenae
670 1768 806 1813 verbis,
832 1789 883 1798 —
911 1783 998 1807 sane
1025 1773 1100 1807 tam
1131 1783 1168 1807 se
1194 1769 1293 1807 nihil
1321 1769 1513 1808 detrahere
1541 1774 1605 1808 aut

70 1833 220 1871 veritati
247 1833 446 1870 verborum
478 1832 631 1877 Christi,
659 1836 722 1870 aut
748 1832 851 1870 illius
880 1832 1186 1884 omnipotentiae,
1214 1833 1258 1870 de
1285 1846 1447 1884 quorum
1475 1837 1605 1872 neutro

70 1912 108 1936 se
154 1897 326 1935 dubitare
363 1897 507 1941 dicunt,
544 1897 575 1934 si
609 1910 748 1934 nomen
786 1897 953 1948 corporis
989 1910 1057 1948 pro
1095 1902 1328 1935 sacramento
1367 1898 1534 1948 eorporis
1566 1898 1606 1936 in

70 1963 195 2002 verbis
225 1975 361 2000 coenae
389 1962 589 2012 accipiant,
616 1975 728 2012 quam
758 1975 796 1999 se
823 1962 920 2000 nihil
947 1962 1139 2000 detrahere
1165 1962 1223 1999 illi
1250 1966 1397 2013 putant,
1423 1963 1487 2014 qui
1508 1963 1605 2001 idem

71 2029 196 2080 ipsum
227 2028 400 2079 'cor-poris
438 2040 575 2065 nomen
612 2040 679 2078 pro
718 2027 885 2079 eorporis
921 2027 1134 2066 substantia
1169 2028 1290 2079 accipi
1316 2029 1463 2066 volunt.
1517 2029 1608 2066 Non

71 2092 189 2142 igitur
225 2091 287 2130 hie
323 2092 384 2141 agi
423 2092 468 2129 de
494 2092 586 2143 ipsis
616 2104 752 2129 coenae
780 2091 916 2137 verbis,
943 2105 1038 2143 quae
1066 2105 1175 2129 nemo
1204 2105 1281 2130 non
1311 2093 1501 2130 verissima
1529 2107 1609 2132 esse

72 2157 223 2202 fatetur,
262 2156 295 2194 si
331 2155 435 2193 iuxta
472 2159 631 2193 mentem
670 2155 811 2193 Christi
847 2160 1097 2207 exponantur,
1135 2156 1197 2194 sed
1235 2156 1295 2206 agi
1334 2157 1379 2194 de
1407 2157 1607 2198 verborum

71 2221 395 2272 interpretatione,
422 2222 550 2269 (1212)
579 2226 662 2258 utra
689 2220 843 2272 propius
871 2221 918 2258 ad
947 2225 1107 2259 mentem
1136 2221 1279 2259 Christi
1306 2221 1470 2260 accedat.
1525 2223 1606 2261 Iam

72 2286 111 2324 id
147 2289 252 2324 extra
291 2286 586 2323 controversiam
624 2299 750 2323 verum
785 2299 865 2324 esse
902 2286 1042 2331 dicunt,
1080 2299 1233 2324 coenam
1262 2286 1414 2324 Domini
1444 2300 1522 2326 esse
1550 2302 1608 2326 sa·

76 2355 320 2392 eramentum,
356 2350 470 2388 verba
505 2350 596 2387 item
625 2354 760 2388 coenae
802 2363 882 2388 esse
911 2351 1022 2388 verba
1050 2351 1284 2389 instituentis
1312 2353 1608 2392 Sacramentum.

73 2415 124 2453 In
159 2415 356 2453 tractanda
395 2427 480 2452 vero
508 2427 547 2452 re
584 2415 870 2453 sacramentaria
906 2415 1047 2467 ubique
1077 2416 1147 2453 hoc
1175 2416 1360 2455 familiare
1386 2431 1466 2455 esse
1492 2419 1610 2470 scrip-

75 2484 181 2518 turae
208 2484 249 2519 ut
278 2488 470 2530 ιι-ροπικῶς
499 2479 544 2517 (16
573 2481 813 2519 sacramentis
839 2481 1015 2532 loquatur
1043 2485 1078 2519 et
1095 2486 1412 2520 sacramentorum
1429 2483 1610 2522 elementa

76 2545 339 2595 mysteriorum
367 2545 535 2595 ipsorum
565 2544 781 2582 nominibus
811 2550 932 2584 ornet.
970 2545 1210 2584 Probabilius
1236 2546 1354 2596 igitur
1381 2561 1472 2593 esse,
1501 2548 1609 2586 Chri-

78 2613 176 2648 stum
204 2609 409 2647 Dominum
447 2609 550 2646 iuxta
586 2622 802 2660 expressum
841 2610 880 2647 in
910 2609 1105 2660 scripturis
1134 2610 1238 2648 verbi
1266 2611 1325 2649 sui
1353 2611 1474 2649 divini
1500 2625 1608 2650 usum

77 2687 213 2711 coenae
249 2674 362 2712 etiam
390 2686 477 2711 suae
506 2673 618 2711 verba
646 2674 811 2724 proferre
840 2674 1012 2721 voluisse,
1041 2688 1151 2725 (1113111
1177 2678 1219 2713 111
1248 2689 1289 2713 ea
1317 2680 1464 2726 praeter
1492 2677 1608 2728 scrip-

75 2743 182 2777 turae
218 2752 340 2785 usum,
376 2742 522 2789 praeter
557 2742 732 2776 naturam
767 2739 857 2776 item
894 2740 1062 2777 omnium
1099 2743 1414 2778 sacramentorum
1444 2742 1611 2792 proferre

77 2803 240 2842 voluisse
269 2803 453 2842 credatur.
508 2803 558 2840 Et
585 2803 742 2854 proinde
771 2817 855 2841 cum
883 2815 972 2842 usus
1001 2804 1079 2856 ipse
1107 2805 1312 2857 scripturae
1340 2809 1450 2856 atque
1477 2810 1610 2844 natura

77 2869 167 2907 item
208 2869 375 2908 omnium
412 2873 727 2907 sacramentorum
758 2873 927 2912 testetur,
954 2870 1118 2921 ipsorum
1149 2871 1492 2922 interpretationem
1522 2884 1610 2922 pro-

500 2973 512 2987 ἱ
