1818 3178
559 129 775 156 RESPONSIO
804 130 898 158 Anv.
928 130 1094 160 nosmM.
1515 126 1587 160 439

58 230 200 268 Vinum
238 231 396 275 Coenae,
431 230 578 268 etiamsi
614 231 726 269 verba
766 231 1071 277 consecrationis,
1109 235 1150 269 ut
1187 235 1336 278 vocant,
1372 245 1481 283 super
1507 232 1582 269 illis

57 294 190 332 millies
237 295 453 340 recitentur,
490 308 580 332 voce
611 286 849 334 ‘Sam-amenti
887 296 1076 345 designari
1112 296 1380 347 quoquomodo
1415 301 1586 348 possunt,

57 369 140 394 cum
177 362 213 394 et
250 357 361 394 Panis
398 360 433 395 et
470 357 560 394 Vini
598 358 809 396 substantia
846 359 884 396 in
923 372 1002 396 sese
1038 358 1105 396 sub
1144 359 1299 408 mystica
1335 360 1483 397 actione
1518 359 1583 396 illa

57 421 200 457 censeri
227 433 303 458 non
331 425 454 471 queat.
496 421 628 472 Neque
656 422 788 471 ignoro
819 435 946 460 vocem
977 423 1207 460 Sam-amenti
1236 423 1335 461 varie
1362 437 1383 461 a
1409 424 1584 462 Patribus

57 484 215 522 subinde
251 497 317 534 pro
355 485 532 535 temporis
570 490 681 536 atque
719 486 933 524 auditorum
968 487 1115 524 ratione
1149 491 1363 538 usurpatam
1400 501 1491 535 esse,
1520 488 1582 526 sed

55 548 196 586 nemini
229 549 266 585 id
306 549 438 586 mirum
478 549 596 587 videri
638 550 761 594 debet,
789 550 1094 602 quandoquidem
1121 551 1178 589 illi
1208 552 1252 589 de
1279 565 1333 598 ea,
1360 566 1455 603 quae
1483 566 1584 591 nunc

55 616 110 650 est
146 617 274 650 exorta
304 614 573 658 controversia,
601 627 647 651 ne
676 614 890 663 cogitarunt
917 615 1080 666 quidem,
1108 616 1246 654 nedum
1275 621 1315 653 ut
1343 618 1390 654 ab
1418 617 1485 655 illo
1513 618 1585 655 sibi

55 679 273 714 metuerent.
320 678 431 725 (130)
468 679 593 728 Atque
628 677 680 715 ita
716 678 812 715 nihil
848 679 937 716 mali
974 679 1044 716 hac
1078 679 1119 717 in
1154 683 1261 730 parte
1297 681 1476 732 suspicati
1513 683 1582 719 suh

54 754 146 779 voce
175 742 408 780 Sacramenti
435 742 528 780 alias
557 739 752 780 externum
780 743 883 780 illius
912 744 1149 794 Symbolum,
1175 745 1268 782 alias
1296 758 1383 782 vero
1427 746 1586 784 coeleste

55 806 132 844 eius
161 806 346 845 duntaxat
374 806 599 857 Mysterium
627 811 739 857 atque
767 807 860 844 alias
887 821 1037 845 rursum
1072 813 1107 845 et
1135 809 1357 858 Symbolum
1384 811 1523 860 pariter
1551 815 1588 848 et

54 869 278 920 Mysterium
304 870 468 919 intelligi
497 871 688 910 volebant.
727 871 921 908 Caeterum
950 871 990 909 in
1019 872 1278 910 confirmanda
1308 873 1478 910 doctrina
1505 874 1585 925 ipsa

51 935 349 973 Sacramentaria
377 935 653 973 consentienter
682 935 818 973 docent
847 949 988 983 omnes,
1025 938 1266 975 Sacramenta
1302 937 1446 976 duabus
1474 939 1585 977 rebus

52 1003 236 1045 constare,
262 1003 409 1038 terrena
437 999 611 1038 videlicet
638 1004 673 1038 et
702 1001 866 1047 coelesti,
893 1001 1208 1051 quemadmodum
1236 1002 1416 1040 Irenaeus
1446 1003 1490 1041 de
1506 1004 1584 1041 Eu—

53 1063 231 1102 charistia
276 1063 457 1114 loquitur.
512 1064 618 1102 Hinc
662 1064 781 1113 igitur
818 1064 962 1103 Hosius
998 1078 1076 1103 sese
1113 1070 1200 1103 ante
1236 1066 1363 1104 omnia
1398 1067 1584 1117 expediat.

51 1128 202 1166 Etenim
238 1129 269 1167 si
304 1141 395 1166 voce
432 1129 664 1167 Sacramenti
702 1142 844 1167 sacram
880 1130 1065 1167 actionem
1102 1131 1234 1180 ipsam,
1271 1143 1355 1168 cum
1394 1145 1460 1174 suo
1490 1145 1581 1170 con—

50 1192 216 1231 iunctam
254 1192 450 1244 Mysterio,
487 1198 527 1231 ut
563 1198 620 1231 est
648 1207 668 1231 a
695 1192 864 1231 Domino
893 1193 1082 1239 instituta,
1111 1194 1302 1244 designari
1331 1195 1445 1237 dicat,
1473 1196 1585 1233 simul

52 1271 202 1309 quoque
239 1258 347 1296 fateri
384 1259 492 1296 illum
520 1258 722 1309 oportebit,
749 1258 898 1297 violatis
925 1259 1210 1310 profanatisque
1239 1260 1408 1310 mysticis
1438 1261 1584 1299 Coenae

51 1323 272 1361 Dominicae
307 1323 347 1361 in
383 1337 449 1361 sua
487 1336 715 1374 suorumque
752 1324 921 1361 omnium
966 1324 1137 1362 Ecclesia
1185 1325 1389 1375 Symbolis,
1435 1327 1582 1365 nullum

50 1388 149 1439 apud
196 1401 234 1426 se
271 1391 307 1426 et
344 1401 432 1426 suos
468 1388 627 1440 amplius
664 1389 811 1426 Coenae
846 1388 1069 1427 Dominicae
1122 1390 1406 1428 Sacramentum
1444 1396 1584 1432 extare.

52 1453 249 1491 Quatenus
285 1452 385 1490 enim
423 1457 564 1491 certum
601 1457 670 1499 est,
708 1453 899 1503 Symbolis
926 1454 1064 1504 pariter
1092 1458 1127 1491 et
1157 1454 1350 1504 Mysteriis
1378 1456 1424 1493 iis
1453 1457 1585 1493 Sacra-

50 1522 175 1556 menta
203 1517 285 1569 ipsa
314 1522 488 1556 constare
514 1531 560 1556 ex
588 1517 727 1556 Divina
765 1518 1017 1563 institutione,
1054 1518 1234 1557 hactenus
1272 1520 1445 1571 equidem
1472 1524 1582 1570 (131)

51 1582 207 1620 dubium
253 1582 364 1620 etiam
405 1595 484 1620 esse
530 1596 608 1621 non
652 1587 790 1634 potest,
835 1584 985 1621 violatis
1021 1584 1305 1636 profanatisque
1342 1590 1451 1636 atque
1486 1588 1579 1624 adeo

50 1646 204 1684 abolitis
241 1645 388 1684 Coenae
417 1647 623 1696 Symbolis,
648 1647 771 1698 ipsum
801 1661 948 1698 quoque
977 1649 1124 1686 Coenae
1152 1650 1432 1688 Sacramentum
1463 1652 1582 1689 viola-

50 1710 82 1748 ri
117 1711 385 1762 profanarique
420 1715 456 1749 et
492 1711 648 1756 aboleri,
674 1716 716 1749 ut
744 1712 821 1749 eius
852 1711 1075 1762 Mysterium
1106 1714 1216 1750 etiam
1242 1727 1318 1751 non
1347 1715 1505 1765 amplius
1534 1716 1581 1753 ad

48 1787 111 1812 eos
139 1774 334 1825 pertineat,
362 1774 426 1825 qui
452 1774 555 1813 illius
585 1776 776 1825 Symbola,
804 1777 906 1827 quod
933 1776 972 1814 in
999 1777 1091 1828 ipsis
1120 1782 1187 1820 est,
1214 1779 1253 1815 in
1273 1779 1414 1816 autoris
1435 1780 1580 1817 Coenae

48 1838 312 1876 contumeliam
349 1839 508 1876 scientes
541 1852 584 1877 ac
620 1840 787 1878 volentes
816 1841 1014 1883 ,violarunt
1056 1843 1304 1892 profanarunt
1341 1848 1376 1881 et
1404 1844 1577 1882 aboleve-

48 1906 150 1946 runt,
186 1901 282 1939 unde
310 1902 452 1952 alioqui
481 1903 608 1952 negari
635 1904 886 1954 proculdubio
916 1918 993 1943 non
1020 1910 1155 1956 potest,
1182 1906 1220 1943 in
1260 1907 1381 1957 Papae
1418 1908 1580 1946 Romani

49 1970 85 2004 et
113 1966 333 2005 Hosianicis
361 1967 540 2005 Ecclesiis
570 1968 716 2005 nullum
745 1969 899 2007 omnino
930 1969 1076 2007 Coenae
1107 1970 1326 2008 Dominicae
1359 1972 1579 2010 Sacramen-

49 2037 128 2070 tum
158 2033 287 2070 haberi
314 2036 466 2084 propter
493 2034 738 2084 multiplicem
767 2035 1032 2085 Symbolorum
1062 2036 1201 2086 pariter
1234 2050 1277 2073 ac
1315 2036 1580 2087 Mysteriorum

48 2098 149 2135 illius
187 2097 429 2135 violationem
466 2098 769 2149 profanationem
808 2103 844 2136 et
880 2099 1139 2138 abolitionem.
1196 2102 1273 2138 Aut
1319 2101 1433 2150 igitur
1470 2103 1580 2139 nobis

50 2167 319 2201 commonstret
346 2162 489 2201 Hosius
517 2163 557 2201 in
588 2177 653 2202 sua
683 2177 907 2215 suorumque
935 2165 1103 2203 omnium
1144 2165 1313 2203 Ecclesia
1340 2166 1376 2204 et
1403 2168 1580 2216 Symbola

47 2228 85 2266 et
123 2227 302 2278 Mysteria
341 2229 486 2266 Coenae
522 2228 742 2266 Dominicae
777 2229 882 2267 iuxta
920 2230 1059 2268 Christi
1096 2231 1251 2268 Domini
1290 2231 1578 2278 institutionem,

48 2297 112 2330 aut
146 2293 307 2329 fateatur
342 2292 375 2330 ei
409 2293 490 2330 luto
528 2307 566 2331 se
602 2298 638 2330 et
674 2306 760 2331 suos
799 2307 927 2332 omnes
955 2295 1151 2333 immersos
1179 2309 1332 2346 prorsus
1360 2310 1451 2341 esse,
1478 2299 1576 2348 quod

47 2356 159 2394 nobis
196 2356 308 2393 homo
342 2356 561 2406 ingeniosus
598 2357 812 2408 inspergere
851 2364 1022 2404 conatur,
1051 2373 1183 2410 nempe
1212 2373 1286 2398 non
1314 2361 1486 2411 equidem
1513 2376 1580 2413 per

17 2457 19 2462 ,
48 2434 118 2459 nos
164 2426 374 2466 nostrosve,
411 2422 473 2460 sed
507 2435 573 2472 per
608 2436 647 2460 se
681 2428 716 2460 et
752 2424 860 2472 (132)
898 2437 987 2462 suos
1022 2425 1149 2475 potius
1195 2425 1403 2464 Ecclesiam
1440 2428 1581 2466 Christi

48 2487 194 2525 Coenae
231 2487 472 2525 Sacramento
511 2488 709 2538 spoliatam
739 2502 833 2533 esse,
861 2503 936 2540 quo
962 2490 1203 2540 potissimum
1231 2492 1382 2530 nomine
1410 2497 1576 2531 nostram

49 2551 333 2590 Confessionem
379 2553 473 2590 falso
518 2557 553 2590 et
597 2552 782 2591 malitiose
815 2559 980 2601 accusat,
1020 2555 1214 2606 discatque
1248 2557 1352 2607 prius
1388 2562 1487 2596 recte
1533 2560 1577 2596 de

48 2616 299 2654 Sacramentis
336 2617 540 2654 secundum
575 2616 788 2667 Scripturas
826 2618 963 2656 sentire
999 2622 1033 2656 et
1067 2619 1186 2670 loqui,
1221 2633 1330 2670 quam
1369 2622 1414 2660 de
1448 2636 1576 2661 eorum

49 2680 314 2718 controversiis
342 2694 382 2719 re
410 2681 576 2719 nonduin
605 2681 795 2720 intellecta
823 2683 1059 2733 pronunciet.

101 2744 288 2795 Quodque
317 2745 364 2782 ad
391 2750 559 2782 nostram
589 2749 626 2782 et
653 2745 927 2784 Saxonicorum
955 2749 1192 2798 quorundam
1214 2749 1258 2787 de
1280 2750 1403 2787 Coena
1425 2750 1577 2788 Domini

48 2809 340 2846 controversiam
369 2810 515 2855 attinet,
544 2809 654 2847 facile
683 2814 737 2847 est
766 2810 901 2855 videre,
930 2811 1094 2850 Hosium
1119 2813 1241 2864 ipsum
1264 2827 1340 2852 non
1359 2814 1580 2863 intelligere,

44 2872 84 2910 in
112 2885 186 2924 quo
215 2873 356 2924 alioqui
385 2874 536 2912 cardine
566 2875 821 2913 controversia
851 2876 973 2913 omnis
1002 2882 1129 2915 nostra
1160 2886 1337 2923 versetur,
1366 2878 1452 2915 dum
1478 2879 1515 2916 in
1537 2892 1578 2916 eo

1360 2942 1433 2980 29*
