1818 3178
601 103 653 128 DE
680 103 844 130 CHRISTI
873 102 1192 131 INCARNATIONE.
1612 96 1657 131 25

139 201 181 239 in
217 201 460 253 concipiendo
488 203 680 251 peregerit,
707 204 745 240 id
772 204 882 242 nobis
908 204 955 241 ab
983 204 1112 242 eodem
1139 205 1284 253 Angelo
1311 205 1520 255 expositum
1547 205 1658 242 etiam

141 265 332 304 habemus.
369 266 516 320 Praeter
543 271 714 303 naturam
741 272 830 313 erat,
856 273 896 305 ut
923 268 1028 316 virgo
1057 269 1135 305 sola
1163 269 1372 318 conciperet
1381 284 1390 315 3
1423 268 1475 316 (D
1503 268 1593 315 iiiia)
1614 268 1659 305 ad

144 331 236 367 duos
263 330 362 367 enim
388 342 460 367 vox
488 329 551 366 illa
580 329 649 367 Dei
675 332 884 381 pertinebat
914 333 1134 379 'screscite'';
1162 338 1198 370 et
1223 333 1380 383 proinde
1408 333 1550 371 Mariae
1568 346 1661 382 quo-

143 408 214 445 que
240 394 376 431 mirum
401 393 440 430 id
469 393 674 440 videbatur,
702 409 777 433 non
805 397 905 446 quod
932 397 982 434 ita
1011 397 1178 434 futurum
1207 410 1285 435 esse
1314 397 1510 443 dubitaret,
1532 410 1661 447 quem-

143 458 344 495 admodum
378 470 398 494 a
434 457 618 508 Propheta
647 460 876 509 praedictum
902 464 991 505 erat,
1019 460 1081 498 sed
1109 461 1209 511 quod
1236 461 1423 499 honestati
1451 475 1548 506 suae,
1577 474 1661 498 cum

139 521 239 572 apud
274 522 380 564 alios,
411 524 491 559 tum
525 535 611 559 vero
645 523 828 573 imprimis
863 524 961 574 apud
999 537 1175 575 sponsum
1212 538 1320 562 suum
1355 526 1554 564 metuebat.
1607 525 1662 563 Ut

140 586 256 635 igitur
280 586 535 623 innocentiam
563 600 668 624 suam
694 588 792 638 apud
819 587 926 625 illum
952 588 1156 638 approbare
1183 594 1323 639 posset,
1349 589 1460 640 idque
1487 603 1562 627 non
1592 589 1662 626 ho·

140 649 253 687 minis
279 649 392 687 ullius
420 650 629 695 autoritate,
657 651 721 688 sed
747 651 896 700 Angeli,
922 655 959 689 et
985 651 1136 702 quidem
1162 666 1182 689 a
1209 652 1288 690 Deo
1316 654 1396 703 ipso
1424 654 1470 690 ad
1489 667 1526 691 se
1545 653 1662 699 missi,

141 714 278 758 verbis,
310 714 449 764 quibus
477 714 648 764 equidem
676 706 854 765 sponsum
882 728 990 752 suum
1016 715 1125 753 facile
1152 717 1378 754 crediturum
1405 730 1483 755 esse
1509 717 1662 755 minime

143 778 351 823 dubitabat,
386 778 486 828 cupit
521 779 568 815 ab
605 779 734 816 eodem
760 779 907 828 Angelo
936 780 1048 816 etiam
1076 781 1210 817 certior
1237 781 1342 818 reddi
1370 781 1414 819 de
1440 782 1551 818 modo
1579 782 1660 832 ipso

140 842 380 879 admirandae
418 842 526 879 huius
564 842 830 892 conceptionis,
865 847 1107 892 posteaquam
1145 843 1189 880 de
1216 844 1372 881 historia
1400 845 1500 882 illius
1528 845 1662 882 certior

140 906 216 943 iam
242 906 340 944 facta
366 911 473 944 esset.
501 907 625 956 Atque
652 919 739 944 sane
766 906 920 944 decebat
945 911 1064 944 metus
1092 907 1153 944 hic
1179 909 1427 945 verecundam
1455 909 1661 958 Virginem,

141 982 234 1019 quae
269 970 484 1019 praesertim
519 973 553 1007 et
592 982 727 1019 sponso
756 982 822 1007 suo
852 973 992 1007 castam
1018 983 1096 1007 sese
1122 971 1243 1008 modis
1271 972 1447 1009 omnibus
1475 972 1663 1018 exhibere,

140 1039 176 1072 et
201 1038 317 1072 mater
343 1034 494 1071 interim
520 1034 589 1071 filii
615 1034 685 1071 Dei
712 1048 791 1072 esse
819 1034 988 1073 debebat.
1043 1035 1169 1073 Quare
1197 1039 1233 1073 et
1259 1036 1360 1073 Deus
1390 1037 1513 1074 deesse
1540 1037 1595 1074 illi
1623 1038 1661 1074 in

142 1097 210 1135 hac
246 1102 349 1148 parte
384 1098 516 1140 noluit,
554 1098 618 1135 sed
653 1102 689 1135 et
723 1102 863 1135 metum
900 1099 956 1135 illi
991 1111 1139 1136 omnem
1166 1100 1313 1141 exemit,
1339 1101 1508 1150 exposito
1538 1102 1571 1138 ei
1597 1114 1663 1150 per

139 1162 314 1210 angelum
348 1162 457 1199 huius
492 1161 608 1211 ipsius
645 1161 898 1211 conceptionis
935 1175 1083 1206 arcano,
1118 1166 1154 1200 et
1181 1163 1279 1213 apud
1307 1177 1486 1213 sponsum
1513 1178 1662 1214 quoque

141 1227 244 1264 omni
275 1226 377 1263 illam
414 1226 622 1276 suspicione
661 1239 725 1276 per
760 1226 980 1275 Angelicam
1014 1240 1143 1264 rursus
1179 1228 1450 1278 apparitionem
1477 1229 1661 1267 liberavit.

143 1290 257 1327 Quod
294 1289 465 1340 equidem
503 1296 601 1326 certo
639 1290 748 1327 nobis
777 1290 1035 1338 documen-(D
1062 1291 1196 1339 iiiib)to
1224 1305 1304 1330 esse
1332 1293 1452 1337 debet,
1480 1293 1662 1342 virginem

139 1358 294 1390 matrem
329 1353 423 1390 nihil
460 1354 613 1390 omnino
652 1354 852 1399 dubitasse,
891 1355 1040 1405 quando
1066 1360 1102 1393 et
1128 1356 1169 1393 in
1198 1357 1440 1407 concipiendo
1468 1362 1504 1395 et
1530 1358 1568 1395 in
1597 1371 1662 1408 pa·

140 1417 269 1454 riendo
308 1417 454 1454 demum
490 1417 568 1454 filio
597 1431 662 1454 suo
692 1432 798 1456 verae
824 1420 1024 1470 utrobique
1051 1421 1226 1470 parentis,
1254 1421 1354 1471 quod
1381 1422 1419 1459 in
1449 1435 1486 1460 se
1513 1423 1663 1472 quidem

137 1486 252 1527 esset,
289 1482 447 1518 officium
482 1481 585 1518 iuxta
631 1483 754 1530 angeli
789 1483 902 1520 verba
937 1487 1131 1533 peractura
1167 1490 1281 1530 esset3
1319 1485 1395 1531 sed,
1435 1499 1472 1523 re
1509 1490 1586 1523 tota
1623 1487 1662 1524 in

139 1544 343 1582 Dominum
379 1544 500 1582 Deum
545 1558 652 1582 suum
688 1546 834 1592 reiecta,
871 1547 964 1584 scire
1000 1547 1180 1585 duntaxat
1215 1549 1388 1591 voluisse,
1426 1562 1589 1599 quonam
1623 1550 1663 1587 id

136 1610 248 1647 modo
294 1609 491 1657 (incolumi
532 1609 682 1647 interim
724 1610 925 1660 pudicitiae
961 1625 1047 1649 suae
1083 1612 1312 1661 integritate)
1350 1614 1517 1651 futurum
1545 1619 1661 1661 esset3

139 1686 257 1723 neque
292 1673 390 1710 enim
428 1673 623 1722 denegavit
659 1675 791 1722 angelo
832 1687 940 1711 suum
974 1675 1079 1712 iuxta
1113 1675 1267 1714 Domini
1295 1678 1525 1714 voluntatem
1553 1678 1661 1715 obse-

139 1737 278 1786 quium,
315 1750 434 1787 neque
470 1737 618 1786 signum
654 1737 743 1774 item
775 1737 894 1774 ullum
920 1739 1015 1775 tanti
1041 1739 1225 1785 miraculi,
1251 1740 1564 1790 quemadmodum
1593 1742 1662 1778 Za-

140 1800 282 1837 charias
310 1802 459 1846 fecerat,
486 1801 673 1851 expetivit,
700 1806 811 1851 atque
837 1802 928 1839 adeo
957 1802 1099 1839 audivit
1126 1807 1253 1853 postea
1273 1804 1403 1841 etiam:
1424 1804 1552 1850 Beata,
1569 1818 1663 1855 quae

140 1861 342 1899 credidisti.
399 1861 510 1898 Unde
547 1866 707 1900 statuere
744 1863 896 1899 omnino
934 1862 1111 1900 debemus
1152 1877 1229 1901 non
1264 1878 1348 1901 eum
1375 1878 1454 1902 esse
1481 1866 1661 1903 hocloco

139 1925 337 1962 vei-hortun
366 1926 503 1974 Angeli
530 1939 695 1976 scopum,
722 1940 816 1976 quae
843 1927 887 1964 de
915 1927 1074 1977 Spiritus
1103 1929 1222 1966 sancti
1248 1928 1422 1974 adventu,
1450 1930 1566 1980 deque
1588 1931 1662 1967 vir-

139 1990 230 2027 tutis
259 2002 346 2026 suae
372 1989 530 2027 Divinae
556 1990 840 2028 adumbratione
867 1995 951 2041 post
978 1991 1147 2040 Virginis
1173 1992 1303 2030 matris
1330 1993 1662 2042 interrogationem

141 2059 357 2104 sequuntur,
394 2059 435 2091 ut
477 2054 681 2104 quidquam
717 2055 868 2092 omnino
911 2055 949 2092 in
977 2056 1057 2104 lege
1084 2060 1239 2093 naturae
1265 2058 1402 2094 mutari
1429 2058 1537 2095 vellet
1566 2058 1662 2094 circa

140 2119 294 2156 Domini
332 2119 625 2169 conceptionem,
661 2119 761 2169 quod
797 2120 1013 2170 praesertim
1049 2121 1097 2157 ad
1125 2121 1292 2170 Virginis
1319 2122 1437 2171 ipsius
1464 2135 1660 2172 personam

138 2183 321 2220 attineret.
378 2182 532 2220 Manent
569 2183 668 2220 enim
714 2182 867 2220 immota
894 2184 1071 2221 historiae
1098 2184 1229 2222 verba:
1268 2185 1363 2222 Ecce
1400 2185 1584 2236 concipies
1619 2187 1660 2224 in

139 2253 247 2285 utero
275 2252 310 2285 et
339 2247 456 2297 parics
484 2247 614 2285 filium.
644 2247 716 2284 Sed
743 2247 816 2284 huc
841 2248 966 2298 potius
993 2249 1185 2286 referenda
1213 2262 1303 2293 esse,
1329 2257 1371 2286 ut
1389 2249 1595 2299 Virginem,
1614 2251 1660 2288 de

138 2312 316 2363 pudicitia
344 2311 692 2361 existimationeque
719 2311 817 2361 apud
845 2311 897 2360 (D
927 2314 984 2359 va)
1013 2325 1191 2362 sponsum
1218 2326 1325 2350 suum
1353 2313 1562 2356 sollicitam,
1582 2327 1660 2352 cer-

137 2382 213 2415 tam
259 2376 411 2414 omnino
457 2376 666 2419 redderent,
701 2376 792 2413 adeo
829 2377 886 2414 illi
921 2377 966 2414 de
1002 2377 1182 2421 castitate,
1221 2377 1338 2428 deque
1371 2391 1436 2415 sua
1471 2379 1527 2416 vel
1560 2379 1659 2429 apud

138 2454 327 2491 sponsum,
365 2441 408 2478 de
436 2453 509 2490 quo
538 2440 772 2477 vehementer
799 2441 938 2491 alioqui
965 2441 1124 2479 sollicita
1151 2442 1265 2479 fuisse
1293 2442 1449 2487 videtur,
1478 2444 1534 2481 vel
1561 2444 1660 2494 apud

138 2506 230 2542 alios
258 2505 399 2542 omneis
426 2504 700 2541 existimatione
726 2504 820 2541 nihil
847 2517 999 2555 prorsus
1027 2505 1263 2543 decessurum
1290 2519 1368 2544 esse
1396 2507 1466 2544 hoc
1493 2521 1659 2558 praeser-

137 2571 205 2607 tim
241 2569 403 2612 nomine,
434 2573 476 2605 ut
512 2568 599 2605 inde
635 2568 870 2618 potissimum
906 2583 1087 2607 summam
1123 2570 1270 2607 laudem
1308 2584 1350 2608 ac
1376 2572 1534 2620 gloriam
1561 2572 1659 2622 apud

139 2634 281 2671 omneis
317 2634 433 2671 totius
462 2633 564 2670 orbis
591 2633 762 2670 nationes
790 2633 963 2671 habitura
990 2639 1098 2679 esset,
1126 2640 1393 2686 proptereaque
1419 2641 1455 2673 et
1482 2650 1573 2686 opus
1600 2637 1658 2686 ip-

139 2711 231 2739 sum,
258 2698 358 2748 quod
384 2697 425 2734 in
451 2710 493 2734 ea
520 2701 766 2747 perageretur,
794 2710 871 2734 non
898 2698 1059 2735 hominis
1086 2703 1194 2744 esset,
1221 2699 1284 2736 sed
1315 2699 1394 2742 Dei,
1413 2699 1476 2749 qui
1496 2700 1533 2736 in
1554 2700 1657 2737 nullo

137 2762 277 2812 alioqui
304 2775 413 2811 opere
441 2774 506 2799 suo
536 2761 754 2811 reprehendi
781 2762 1045 2811 quoquomodo
1071 2768 1208 2813 posset.
1237 2762 1288 2800 Et
1305 2770 1474 2800 sanctum
1492 2763 1531 2800 id
1553 2777 1659 2814 prae-

138 2831 236 2863 terea
272 2827 440 2863 futurum
475 2831 571 2863 esset
607 2825 730 2871 etiam,
764 2829 876 2874 atque
910 2825 1002 2873 adeo
1038 2826 1232 2876 ipsiusmet
1267 2827 1438 2864 altissimi
1466 2827 1534 2864 Dei
1560 2828 1659 2866 filius
