1818 3178
1553 116 1623 151 355

92 227 185 265 mihi
220 230 344 265 autem
382 239 458 264 non
494 225 747 272 incommoda,
780 240 862 265 meo
900 226 1051 277 quidem
1088 226 1244 271 iudicio,
1279 229 1465 275 utrunque
1500 224 1537 261 id
1567 225 1623 261 fa-

89 292 213 330 ciendi
252 290 411 330 occasio,
465 291 702 341 Apparabam
746 292 914 330 libellum
962 290 1217 329 Ecclesiastici
1253 290 1372 328 nostri
1407 290 1444 327 in
1482 289 1622 338 Anglia

88 355 298 399 ministerii,
331 367 440 405 quem
475 355 562 392 istic
596 369 742 406 quoque
779 356 825 393 ad
862 355 1138 393 instituendum
1173 355 1382 403 legitimum
1421 366 1468 391 ex
1506 353 1620 390 verbo

88 420 159 458 Dei
191 421 232 458 in
261 419 437 457 Ecclesiis
464 420 713 457 ministerium
741 433 816 458 non
844 420 1013 458 inutilem
1041 421 1121 457 sore
1147 419 1323 458 iudicavi.
1380 418 1478 455 Eum
1504 417 1620 466 igitur

86 485 157 521 toti
195 488 343 521 nostrae
369 483 510 534 patriae
539 485 606 521 sub
637 484 885 534 Re-(i5)giae
914 483 1122 522 Maiestatis
1150 488 1348 534 vestroque
1374 483 1512 534 pariter
1540 495 1620 518 om-

87 549 189 586 nium
227 548 378 585 nomine
413 548 582 586 dedicare
619 549 731 595 volui,
766 554 806 586 ut
843 549 879 586 <St
915 549 1094 598 gaudium
1131 549 1238 585 vobis
1275 561 1398 585 meum
1425 552 1620 584 attestarer

87 613 124 651 et
159 614 231 651 toti
267 615 376 651 etiam
415 614 557 663 patriae
585 619 736 651 nostrae
766 614 809 651 de
837 618 942 651 tanto
971 614 1040 651 Dei
1067 613 1248 651 beneficio
1277 613 1426 663 publice
1453 604 1620 661 gratula-

85 690 156 716 rer.
213 678 416 728 Quumque
453 678 522 715 sub
551 678 670 727 Regio
701 682 899 728 vestroque
927 677 1064 728 pariter
1092 677 1258 714 omnium
1288 677 1440 714 nomine
1466 680 1622 726 prostet,

86 743 158 780 mei
194 756 282 780 sane
314 743 354 779 id
390 743 499 780 officii
535 756 614 780 esse
654 742 794 792 putavi,
831 748 873 780 ut
910 742 1015 780 vobis
1051 755 1115 792 per
1150 755 1210 779 me
1237 742 1348 779 etiam
1375 754 1442 792 pro
1471 754 1550 778 mea
1580 740 1619 777 in

67 804 154 844 'vos
190 806 428 844 observantia
457 806 680 845 mitteretur.
738 806 853 843 Mitto
880 806 1007 856 itaque
1033 806 1140 843 illum
1169 805 1288 844 vobis,
1337 805 1384 842 Et
1413 805 1444 842 si
1470 805 1552 854 quis
1581 804 1619 841 id

86 871 145 909 vel
179 871 395 916 admiretur,
424 871 480 908 vel
509 870 621 908 etiam
650 870 816 920 iniquius
845 870 952 916 ferat,
989 869 1185 919 cogitabit,
1213 869 1305 906 mihi
1332 869 1449 919 pluris
1478 867 1620 906 facien·

89 935 177 972 dum
214 935 328 972 fuisse
363 947 486 971 meum
525 947 612 983 erga
645 934 806 984 patriam
843 933 1010 971 debitum
1039 937 1150 983 atque
1178 933 1349 975 officium,
1376 945 1486 982 quam
1515 945 1619 982 prae·

87 1004 273 1050 posteram
312 999 533 1049 cuiusquam
571 998 648 1035 sive
684 998 972 1035 admirationem
1000 998 1077 1035 sive
1104 997 1215 1034 etiam
1244 996 1498 1041 offensionem,
1523 1001 1619 1033 tani-

88 1063 158 1100 etsi
194 1062 254 1100 vix
291 1062 438 1099 credam
474 1061 655 1099 offensum
691 1062 739 1098 iri
775 1062 859 1099 istie
894 1062 1006 1098 alium
1042 1074 1254 1111 quenquam
1279 1073 1361 1097 meo
1391 1060 1526 1097 hocin
1555 1073 1621 1110 pa·-

88 1128 201 1164 triam
236 1127 354 1165 officio
391 1130 536 1177 praeter
573 1126 733 1176 Caiphas
770 1127 867 1163 forte
903 1125 1063 1176 aliquos,
1097 1130 1163 1162 aut
1199 1125 1230 1162 si
1267 1125 1331 1175 qui
1366 1125 1442 1161 illis
1468 1137 1622 1175 prorsus

89 1191 230 1229 addicti
267 1196 364 1235 sunt,
398 1191 526 1228 ullove
562 1190 702 1240 alioqui
739 1191 889 1228 vinculo
925 1191 977 1228 ita
1015 1190 1199 1235 obstricti,
1227 1196 1267 1227 ut
1296 1203 1428 1227 scenae
1454 1191 1620 1240 ipsorum

89 1255 312 1301 subservire,
349 1268 395 1292 ne
431 1254 552 1291 dicam
593 1254 863 1305 subparasitari
900 1260 1095 1303 cogantur.
1149 1254 1322 1292 Quorum
1356 1254 1506 1291 interim
1541 1267 1621 1290 oin·

88 1319 191 1357 nium
226 1318 407 1356 iudicium
444 1318 577 1369 quanti
606 1318 717 1355 sitin
755 1318 948 1367 religionis
984 1318 1220 1369 potissimum
1259 1331 1367 1372 causa
1395 1318 1622 1362 faciendum,

87 1397 154 1421 vos
187 1384 258 1434 ipsi
293 1397 361 1434 pro
398 1387 521 1421 vestra
556 1383 755 1433 prudentia
783 1383 894 1420 facile
921 1383 1227 1432 n'o-(16)biscum
1258 1388 1426 1434 reputare
1454 1383 1621 1434 potestis.

89 1447 171 1497 Ego
219 1461 306 1487 sane
349 1448 482 1485 talium
523 1447 746 1485 offensiones
782 1448 878 1485 nihil
912 1461 1052 1493 moror,
1096 1448 1235 1486 nedum
1270 1454 1313 1485 ut
1347 1452 1499 1499 propter
1538 1448 1622 1484 illas

87 1525 211 1549 meum
246 1525 332 1561 erga
359 1512 517 1563 patriam
545 1512 717 1558 officium,
745 1513 776 1550 si
803 1513 903 1563 quod
933 1513 1043 1550 modo
1072 1516 1260 1563 praestare
1287 1524 1431 1563 queam,
1458 1516 1622 1562 praeter-

87 1577 236 1614 mittere
271 1577 395 1623 velim‚
433 1590 551 1627 neque
588 1577 720 1614 dubito
759 1577 875 1615 studii
904 1577 1001 1615 hanc
1028 1578 1100 1615 mei
1127 1578 1164 1614 in
1194 1577 1351 1628 patriam
1380 1590 1555 1626 meaeque
1582 1576 1619 1613 in

88 1653 155 1677 vos
194 1640 452 1678 observantiae
479 1640 779 1678 testificationem
809 1645 845 1678 et
874 1642 981 1678 vobis
1009 1646 1045 1679 et
1071 1642 1143 1692 piis
1171 1647 1358 1692 praeterea
1387 1642 1471 1679 istic
1499 1642 1621 1678 omni-

90 1705 161 1742 bus
197 1718 272 1742 non
301 1705 495 1757 (ingratam
532 1706 624 1744 fore.
678 1706 761 1744 Iam
798 1720 885 1744 vero
921 1707 1071 1745 libellus
1108 1708 1187 1758 ipse
1222 1721 1291 1758 pro
1319 1720 1357 1744 se
1383 1708 1555 1758 loquetur
1582 1707 1620 1744 in

89 1768 315 1806 dedicatoria
353 1769 396 1806 ad
436 1783 501 1807 vos
529 1770 686 1821 epistola
722 1776 758 1808 et
794 1770 831 1809 in
871 1774 948 1822 ipsa
977 1772 1065 1808 item
1094 1773 1338 1822 praefatione,
1370 1776 1412 1809 ut
1439 1771 1508 1808 hac
1536 1772 1620 1822 qui—

91 1832 174 1870 dem
210 1833 249 1870 in
285 1838 390 1883 parte
425 1847 502 1871 non
537 1847 763 1885 magnopere
799 1835 892 1872 mihi
930 1848 1022 1886 opus
1058 1849 1138 1873 esse
1167 1835 1335 1874 videat-ur
1361 1836 1533 1887 pluribus
1563 1836 1622 1873 hic

90 1910 211 1946 agere.
266 1897 338 1934 Sed
373 1898 497 1948 potius
534 1898 627 1935 mihi
663 1912 728 1935 vos
766 1899 1024 1937 admonendos
1061 1913 1140 1937 esse
1166 1905 1256 1951 puto
1284 1913 1352 1951 pro
1379 1914 1459 1937 mea
1488 1901 1525 1938 in
1556 1913 1621 1937 vos

89 1966 126 1998 et
161 1962 318 2012 patriam
355 1966 521 1999 nostram
547 1962 620 1999 fide
648 1962 684 2000 et
711 1963 974 2013 periculorum,
1002 1977 1096 2014 quae
1125 1965 1231 2002 vobis
1258 1964 1506 2015 proculdubio
1536 1969 1623 2001 sunt

93 2025 336 2076 expectanda,
382 2026 412 2063 si
449 2031 611 2063 vestrum
647 2027 708 2064 hic
745 2027 904 2064 officium
942 2041 1085 2065 summa
1123 2042 1211 2066 cura
1246 2042 1290 2066 ac
1326 2028 1517 2078 diligentia
1553 2041 1620 2079 pro

89 2094 212 2127 vestra
245 2090 343 2127 virili
380 2103 457 2128 non
493 2091 701 2141 praestetis,
747 2091 784 2129 et
821 2092 933 2129 vestri
968 2092 1056 2130 item
1091 2094 1212 2139 oflicii,
1248 2093 1294 2130 ad
1331 2106 1441 2144 quem
1469 2093 1620 2130 modum

91 2153 199 2190 vobis
235 2152 500 2203 praestandum
537 2153 597 2199 sit,
626 2154 656 2190 si
684 2154 847 2204 pericula
876 2155 1000 2191 omnia
1028 2155 1102 2191 iam
1130 2156 1269 2206 alioqui
1295 2155 1561 2206 impendentia,
1589 2161 1623 2193 et

93 2231 160 2255 vos
187 2217 259 2268 ipsi
287 2217 484 2261 declinare,
513 2225 548 2254 et
575 2217 734 2268 patriam
763 2230 997 2256 communem
1027 2223 1195 2256 nostram
1221 2222 1268 2257 ab
1295 2220 1371 2257 illis
1398 2220 1508 2258 etiarn
1530 2220 1622 2257 libe-

89 2295 172 2319 rare
207 2281 342 2319 velitis.
397 2281 590 2318 Postremo
625 2287 747 2319 autem
785 2283 952 2319 refellam
992 2283 1114 2320 obiter
1142 2297 1195 2328 ea,
1223 2297 1317 2334 quae
1344 2284 1390 2320 ad
1418 2284 1624 2334 impe-(17)

91 2345 269 2384 diendum
307 2359 453 2383 cursum
492 2346 743 2384 restituendae
780 2360 886 2384 verae
923 2348 1117 2396 religionis
1153 2349 1238 2386 istic
1273 2349 1509 2400 potissimum
1536 2363 1623 2400 pro-

89 2411 178 2448 ferri
204 2423 314 2461 posse
341 2410 525 2449 videntur.
576 2410 655 2447 Oro
683 2411 810 2459 igitur,
838 2418 878 2449 ut
906 2425 975 2456 me,
1003 2413 1148 2450 etiamsi
1174 2414 1284 2464 paulo
1314 2415 1410 2452 forte
1437 2415 1505 2451 sim
1535 2428 1622 2466 pro-

92 2474 217 2518 lixior,
257 2474 415 2524 benigne
452 2475 602 2512 interim
639 2476 767 2512 audire
802 2489 848 2513 ne
875 2477 1095 2525 gravemini,
1132 2490 1355 2529 operamque
1385 2479 1533 2516 demum
1561 2493 1623 2517 ve-

92 2545 206 2576 stram
247 2539 286 2577 in
333 2539 559 2589 praestando
596 2543 719 2577 vestro
758 2540 876 2577 officio
917 2540 1044 2578 sedulo
1081 2555 1148 2592 pro
1186 2546 1307 2580 vestra
1343 2543 1480 2594 pietate
1514 2543 1622 2581 adhi-

96 2603 228 2647 beatis,
253 2609 296 2641 ut
325 2608 484 2641 vestram
513 2604 601 2641 olim
632 2604 866 2642 vocationem
894 2605 933 2642 in
962 2605 1031 2643 Dei
1057 2606 1198 2644 iudicio
1227 2609 1434 2658 approbare
1460 2608 1624 2658 possitis,

145 2668 261 2706 Nulla
294 2674 349 2706 est
387 2669 464 2705 visa
504 2682 671 2719 unquam
698 2668 739 2706 in
766 2668 836 2706 Dei
863 2670 1003 2720 populo
1033 2671 1224 2709 calamitas
1252 2672 1413 2722 publica,
1441 2673 1513 2709 nisi
1541 2677 1625 2722 post

92 2730 248 2769 violatas
283 2733 433 2782 publice
466 2733 589 2775 etiam,
623 2732 747 2782 aliqua
785 2732 912 2769 saltem
949 2746 992 2770 ex
1028 2738 1145 2784 parte,
1178 2735 1279 2786 pacti
1306 2735 1425 2773 divini
1451 2736 1563 2784 legeS‚
1590 2740 1625 2771 et

96 2795 244 2834 habitas
280 2800 470 2847 praeterea
505 2796 677 2847 publicas
703 2809 851 2834 rursum
881 2797 1102 2849 easdemque
1139 2799 1306 2848 insignes
1335 2799 1550 2837 violationis
1577 2799 1624 2835 il-

91 2859 164 2897 lius
200 2873 246 2898 ex
285 2861 398 2898 verbo
433 2860 505 2899 Dei
541 2861 848 2912 reprehensiones
875 2866 987 2913 atque
1013 2864 1285 2910 accusationes,
1320 2863 1504 2901 adiunctis
1531 2863 1626 2900 alio-

95 2923 159 2975 qui
194 2924 520 2963 exhortationibus
556 2926 602 2963 ad
631 2925 925 2976 resipiscentiam
955 2932 990 2964 et
1018 2928 1116 2978 pacti
1145 2928 1272 2965 violati
1301 2927 1625 2966 instaurationem.

1398 2992 1471 3032 23*
