1818 3178
217 150 288 185 226
566 146 618 178 1³13
646 143 930 178 sAanMEan
956 141 1174 175 nchESIAE
1203 146 1382 176 cumsrr.

219 259 323 295 locus
358 268 435 294 esse
461 254 558 291 ullus
584 251 731 303 poterit,
759 263 844 288 cum
868 249 971 287 illam
1000 248 1169 287 Christus
1199 249 1381 287 Dominus
1409 252 1446 287 et
1474 248 1531 285 sui
1558 248 1675 299 ipsius
1702 251 1740 285 et

217 326 430 359 nostrorum
457 317 622 355 omnium
650 327 848 365 corporum
874 313 993 363 gloria
1028 313 1134 351 iuxta
1161 313 1257 351 hanc
1284 313 1492 352 doctrinam
1519 312 1739 363 impleturus

219 398 297 423 esse
325 383 504 433 credatur.

270 447 340 485 Sed
376 451 468 488 esto,
502 457 580 483 non
615 443 833 482 admittatur
867 446 1152 492 παντκχσυσίει
1186 442 1250 479 illa
1287 441 1452 493 corporis
1480 444 1515 479 et
1543 439 1741 489 sanguinis

222 511 380 556 Christi,
414 522 508 561 quae
541 513 666 547 tamen
701 507 742 545 in
780 506 950 544 doctrina
986 506 1055 544 hac
1090 505 1199 543 realis
1234 505 1343 543 istius
1377 504 1607 556 praesentiae
1634 503 1744 541 vitari

220 589 297 615 non
323 575 432 612 facile
458 577 591 625 potest,
617 572 738 610 adhue
764 584 852 609 sane
880 570 1124 608 nibilominus
1156 570 1361 607 absurdum
1389 573 1443 606 est
1470 573 1581 619 atque
1607 582 1628 605 a
1656 566 1744 604 fidei

219 640 392 689 analogia
426 638 547 676 modis
580 637 690 689 plane
725 636 900 674 omnibus
934 635 1109 679 alienum,
1145 634 1238 671 velle
1271 634 1325 671 ita
1358 646 1379 670 a
1415 633 1556 670 Christi
1590 631 1745 670 Domini

221 716 375 754 corpore
410 702 630 752 sanguinem
664 701 788 751 ipsum
822 699 1057 743 abstrahere,
1092 702 1135 736 ut
1163 697 1361 748 separatim
1387 697 1466 747 ipsa
1496 696 1660 748 corporis
1689 694 1746 733 sui

221 767 430 805 substantia
456 766 496 804 in
522 779 630 816 pane,
657 764 854 815 separatim
881 776 967 801 vero
997 762 1193 811 sanguinis
1221 761 1279 798 sui
1307 761 1516 798 substantia
1543 761 1581 798 in
1608 759 1744 811 poculo

220 831 401 869 habeatur
427 830 672 868 distribuatur
699 832 735 866 et
768 827 1006 879 percipiatur.
1062 825 1175 863 Quod
1213 825 1312 863 enim
1349 825 1451 868 vivit,
1479 825 1531 862 ita
1556 825 1631 861 iam
1656 835 1744 874 pro-

219 894 397 932 culdubio
434 893 525 931 vivit
560 893 638 930 Deo
674 893 714 930 in
752 892 902 929 coelesti
936 891 1056 940 gloria
1093 890 1236 941 ipsius,
1262 893 1303 927 ut
1329 888 1425 927 nulli
1452 888 1491 925 in
1518 900 1561 925 eo
1588 887 1747 938 amplius

220 959 446 1010 separationi
472 959 576 995 locus
603 958 768 1008 reliquus
796 970 874 994 esse
901 956 1031 1007 possit.

270 1024 462 1060 Praeterea
498 1022 529 1060 si
571 1022 650 1072 ipsa
695 1021 860 1072 corporis
907 1020 1046 1057 Christi
1080 1019 1262 1056 naturalis
1307 1018 1410 1056 iuxta
1447 1017 1605 1068 speciem
1644 1028 1747 1053 suam

222 1087 484 1135 substan-(fol.
514 1086 678 1134 133b)tia
712 1086 765 1123 ita
801 1085 930 1123 unitur
964 1084 1052 1135 pani
1087 1084 1127 1121 in
1164 1096 1300 1121 coenae
1336 1082 1558 1120 Dominicae
1590 1094 1671 1127 usu,
1706 1084 1748 1117 ut

220 1152 277 1189 1111
304 1152 395 1189 111511
419 1151 577 1196 realiter,
604 1149 917 1201 quemadmodum
945 1149 1087 1192 dicunt,
1124 1151 1160 1185 et
1187 1158 1272 1185 cum
1299 1147 1363 1184 illo
1389 1146 1551 1184 ministri
1574 1145 1749 1182 manibus

223 1217 489 1262 distribuatur,
523 1216 652 1265 negari
687 1228 775 1252 sane
817 1227 895 1252 non
930 1218 1064 1264 potest,
1102 1213 1221 1263 ipsam
1259 1212 1371 1249 etiam
1410 1211 1574 1262 corporis
1612 1209 1751 1248 Christi

221 1280 401 1318 naturalis
429 1280 677 1317 substantiam
705 1279 751 1316 ab
778 1278 901 1328 impiis
929 1277 1069 1328 percipi
1095 1276 1136 1314 111
1167 1289 1293 1314 coena.
1341 1276 1391 1312 Et
1417 1275 1568 1326 quidem
1595 1274 1666 1311 hoc
1692 1274 1750 1324 ip-

223 1357 305 1382 sum
340 1344 512 1382 affirmari
546 1344 594 1381 ab
629 1343 703 1380 illis
739 1356 817 1380 non
852 1343 1086 1392 ignoramus,
1122 1341 1186 1378 sed
1223 1354 1286 1378 eos
1315 1354 1390 1378 non
1420 1340 1509 1377 satis
1536 1339 1752 1377 observasse

220 1412 406 1459 putamus,
449 1422 560 1459 quam
595 1407 781 1445 absurdae
813 1407 1019 1444 sententiae
1060 1419 1103 1443 ex
1150 1419 1192 1442 ea
1228 1405 1397 1443 doctrina
1436 1403 1561 1452 colligi
1595 1402 1753 1453 possint.

222 1472 389 1509 Primum
424 1472 535 1517 enim,
570 1471 601 1509 si
635 1472 754 1522 ipsam
791 1470 956 1521 corporis
986 1469 1126 1507 Christi
1154 1469 1401 1506 substantiam
1430 1468 1476 1505 ab
1504 1467 1628 1517 impiis
1657 1465 1752 1503 sumi

224 1536 411 1584 dicamus,
457 1550 592 1586 negare
627 1537 737 1574 etiam
771 1548 847 1573 non
880 1534 1096 1585 poterimus,
1132 1533 1292 1582 gloriam
1329 1532 1494 1583 eorporis
1532 1530 1671 1568 Christi
1706 1529 1753 1567 ad

225 1602 360 1652 impios
388 1601 594 1639 necessario
622 1601 816 1652 pertinere.
861 1600 951 1637 Non
978 1599 1076 1637 enim
1104 1598 1225 1648 gloria
1251 1597 1316 1635 illa
1346 1596 1487 1634 Christi
1513 1594 1679 1640 Domini,
1706 1593 1753 1631 ad

225 1680 336 1717 quam
379 1670 463 1717 post
507 1679 609 1704 suam
654 1665 962 1703 resurrectionem
1004 1664 1043 1700 in
1081 1675 1234 1713 corpore
1271 1675 1337 1699 suo
1373 1664 1584 1710 assumptus
1619 1662 1696 1703 est,
1734 1671 1754 1695 a

226 1732 391 1782 corporis
427 1731 485 1768 sui
521 1731 730 1769 substantia
766 1730 928 1781 separari
964 1728 1122 1779 amplius
1157 1727 1235 1764 ullo
1272 1739 1439 1776 unquam
1474 1724 1586 1762 modo
1621 1727 1756 1775 potest,

227 1799 267 1832 ut
303 1794 568 1844 intelligamus,
605 1807 681 1832 non
723 1807 833 1844 posse
867 1793 1008 1844 percipi
1046 1805 1179 1842 corpus
1208 1791 1348 1828 Christi
1375 1790 1479 1826 iuxta
1506 1787 1755 1826 substantiam

225 1860 358 1910 ipsam,
392 1859 464 1896 nisi
499 1872 573 1897 una
608 1864 644 1897 et
678 1859 798 1908 gloria
824 1859 925 1895 illius
953 1856 1191 1908 percipiatur,
1228 1859 1263 1893 et
1289 1854 1449 1906 proinde
1475 1853 1611 1904 impios
1640 1852 1748 1890 etiam

227 1925 348 1973 gloria
384 1924 549 1975 corporis
587 1923 726 1961 Christi
754 1936 877 1961 carere
904 1935 981 1960 non
1008 1935 1137 1973 posse3
1165 1920 1397 1970 gloriamque
1423 1918 1525 1955 1111115
1551 1917 1642 1955 adeo
1672 1929 1754 1954 cum

228 1987 353 2038 impiis
381 1987 619 2025 condemnari
645 1990 828 2038 oportere,
856 1987 886 2024 si
914 1999 976 2024 cos
1005 1984 1254 2023 substantiam
1280 1984 1398 2035 ipsam
1428 1981 1595 2033 corporis
1616 1980 1757 2019 Christi

230 2064 374 2089 sumere
402 2051 580 2090 dicamus.

281 2115 343 2152 Ad
368 2115 469 2159 haee,
498 2115 528 2152 si
552 2116 632 2166 ipsa
662 2112 827 2166 corporis
856 2114 997 2152 Christi
1025 2113 1234 2166 substantia
1261 2112 1300 2150 in
1329 2124 1464 2149 coenae
1492 2108 1682 2147 elementis
1709 2108 1756 2145 ab

230 2179 354 2230 impiis
381 2180 583 2231 percipitur
610 2193 655 2218 ex
680 2180 844 2218 ministri
871 2180 954 2228 (fol.
984 2180 1094 2227 13421)
1122 2178 1308 2221 manibus,
1346 2175 1516 2226 equidem
1542 2177 1606 2211 aut
1633 2173 1759 2210 haeret

233 2250 402 2295 percepta
431 2246 468 2283 in
494 2246 632 2296 impiis,
658 2250 721 2283 aut
748 2258 825 2283 non
853 2245 990 2283 haeret.
1031 2244 1071 2280 Si
1098 2243 1245 2288 haeret,
1275 2239 1514 2279 condemnari
1539 2239 1642 2276 illam
1671 2251 1759 2276 sane

239 2323 319 2347 cum
346 2310 470 2361 impiis
496 2311 571 2349 iam
599 2310 799 2362 oportebit.
828 2310 946 2348 Nulla
972 2309 1072 2347 enim
1099 2322 1172 2359 pax
1199 2307 1338 2358 impiis,
1363 2309 1406 2343 ut
1433 2304 1616 2355 Propheta
1643 2306 1758 2340 testa-

237 2378 307 2412 tur.
364 2375 402 2411 Si
438 2388 515 2413 non
550 2376 686 2421 haeret,
721 2374 990 2426 percipiturne,’
1021 2378 1063 2411 ut
1098 2386 1176 2411 non
1212 2371 1388 2409 haereat?
1421 2373 1485 2407 aut
1519 2367 1759 2419 quandonam

238 2442 273 2475 et
308 2438 358 2485 ad,
381 2452 490 2489 quem
516 2440 669 2478 modum
695 2440 830 2490 impios
857 2452 985 2477 rursus
1014 2438 1126 2476 semel
1152 2439 1324 2489 percepta
1353 2433 1516 2472 deserit?
1575 2431 1759 2482 Equidem

238 2502 348 2539 vitari
383 2503 442 2540 hic
478 2517 553 2542 non
579 2517 688 2555 posse
714 2504 836 2550 video,
860 2508 902 2541 ut
928 2516 1005 2541 non
1032 2515 1181 2540 rursum
1209 2500 1255 2539 ad
1282 2500 1428 2549 ineptas
1454 2497 1537 2534 illas
1565 2495 1759 2546 Sophista-

236 2579 318 2604 rum
353 2568 516 2616 argutias
552 2574 588 2606 et
623 2573 774 2618 argutas
808 2567 969 2619 ineptias
996 2567 1202 2610 redeamus,
1230 2564 1275 2601 de
1302 2562 1524 2601 subvolante
1548 2560 1589 2597 in
1617 2559 1760 2596 coelum

237 2631 446 2668 substantia
482 2633 645 2682 corporis
675 2632 826 2678 Christi,
861 2631 1007 2683 quoties
1043 2630 1151 2682 panis
1189 2640 1324 2666 coenae
1359 2639 1380 2664 a
1407 2637 1511 2662 mure
1536 2622 1694 2666 roditur,
1721 2627 1784 2659 utx

238 2695 282 2733 de
308 2695 390 2733 aliis
416 2699 569 2741 taceam,
596 2710 688 2747 quae
704 2688 839 2735 01111111
865 2697 1006 2748 alioqui
1031 2698 1208 2746 praestat,
1237 2691 1380 2730 etiamsi
1408 2702 1483 2728 non
1511 2700 1629 2740 pauca
1657 2700 1758 2724 eom-

235 2761 432 2800 memorari
457 2766 620 2811 possent.

288 2826 374 2864 Hoc
409 2829 555 2864 tantum
590 2826 725 2865 addam
752 2827 885 2872 adhuc,
921 2840 968 2865 ne
994 2826 1033 2864 id
1060 2824 1212 2877 quidem
1239 2821 1318 2860 sine
1344 2818 1569 2868 indignitate
1596 2815 1762 2868 corporis

238 2891 376 2928 Christi
404 2890 529 2929 doceri
555 2903 675 2941 posse,
699 2894 741 2928 ut
767 2891 877 2929 etiam
905 2890 1031 2929 fideles
1057 2890 1159 2940 ipsos
1178 2887 1359 2926 duntaxat
1378 2882 1624 2922 substantiam
1642 2881 1763 2933 ipsam
