1818 3178
135 135 204 171 188
488 141 536 166 DE
566 135 850 165 sicRAMEN‘ris
880 134 1095 161 EcctnslAE
1122 133 1300 161 CHRISTI.

133 257 255 282 veram
290 240 555 294 poenitentiam
583 238 704 275 cordis
733 237 926 274 manifesta
957 235 1231 286 conpunctione
1259 236 1334 274 iam
1363 237 1654 283 declaraveram,

131 315 167 346 et
190 307 344 358 proinde
371 304 623 343 remissionem
646 314 792 352 quoque
810 306 1046 351 peccatorum
1064 300 1325 350 proculdubio,
1345 302 1445 352 quod
1467 301 1511 338 ad
1533 301 1653 339 Deum

132 373 276 413 attinet,
317 370 514 410 habebant,
541 365 720 416 baptizari
747 365 889 414 alioqui
915 364 1019 401 iubet
1046 364 1085 400 in
1111 369 1351 414 peccatorum
1377 365 1652 411 remissionem3

134 436 308 473 nimirum
345 439 379 470 et
407 432 459 469 ibi
488 433 598 468 finem
627 430 800 480 baptismi
828 442 906 466 esse
934 428 1099 465 ostendit
1138 429 1440 478 obsignationem
1468 430 1588 467 nostri
1614 430 1653 467 in

132 498 389 536 conmunione
418 502 542 533 nostra
573 508 654 531 cum
685 494 846 538 Christo,
873 506 967 543 quae
992 505 1057 543 per
1084 493 1245 530 fructum
1277 507 1397 537 suum,
1416 500 1652 544 peccatorum

132 562 299 599 videlicet
325 560 591 603 remissionem,
620 558 843 606 designatur,
872 569 991 607 neque
1018 556 1117 593 enim
1145 560 1250 594 extra
1279 558 1467 595 Christum
1493 559 1568 595 ulla
1597 564 1653 597 est

131 626 279 663 omnino
307 625 475 662 remissio
503 628 752 674 peccatorum.

181 692 235 726 Ac
262 702 408 726 rursum
432 687 500 725 ubi
528 686 743 724 Cornelium
772 689 807 723 et
834 685 912 723 eius
939 685 1123 722 familiam
1152 685 1331 735 baptizari
1359 687 1451 732 vult,
1477 687 1551 724 iam
1570 692 1654 738 post

129 758 319 804 acceptum
365 752 558 803 spiri-(fol.
598 752 764 798 87b)tum
812 754 980 788 sanctum
1027 749 1304 800 approbataque
1349 750 1447 788 bona
1490 752 1654 789 Cornelii

130 832 250 869 opera,
277 818 433 855 eundern
463 830 548 854 sane
576 815 751 866 baptismi
778 816 889 852 finem
918 813 1026 851 nobis
1056 817 1336 871 commonstrat,
1364 815 1540 852 nimirum
1561 815 1652 866 bap-

128 883 234 920 tizari
261 882 383 919 adhuc
410 881 618 931 oportuisse
646 879 860 916 Cornelium
888 883 924 916 et
951 878 1028 915 eius
1055 878 1252 922 familiam,
1282 882 1320 915 ut
1338 879 1494 916 coeleste
1514 879 1651 916 donum

128 947 219 984 illud
249 946 387 983 visibili
413 946 523 982 etiam
551 944 671 993 signo,
699 957 718 980 a
749 943 896 981 Christo
925 942 1088 979 Domino
1118 942 1294 980 instituto
1323 943 1363 979 in
1389 943 1447 983 iis,
1475 943 1539 993 qui
1563 944 1654 994 bap-

128 1011 351 1057 tizabantur,
386 1010 664 1059 obsignaretur3
693 1021 770 1045 non
797 1007 844 1044 ad
870 1008 1021 1044 illorum
1047 1010 1206 1049 tantum,
1235 1007 1298 1044 sed
1326 1007 1373 1045 ad
1399 1007 1514 1045 totius
1541 1009 1653 1046 etiam

131 1075 268 1112 Christi
298 1074 485 1111 Ecclesiae
510 1073 549 1110 in
578 1072 650 1109 fide
678 1085 764 1121 erga
794 1071 985 1108 Christum
1015 1072 1347 1110 confirmationem.

179 1138 227 1176 Et
271 1139 383 1175 finem
426 1138 541 1186 igitur
586 1136 743 1174 eundem
788 1136 826 1172 in
865 1135 1050 1186 baptismo
1089 1140 1421 1174 commonstratum
1462 1136 1653 1183 habemus,

128 1217 234 1253 quem
277 1203 316 1239 in
359 1206 516 1252 utroque
572 1202 702 1239 veteris
746 1200 933 1238 Ecclesiae
979 1201 1217 1238 Sacramento
1278 1202 1653 1240 commonstravimus

127 1268 229 1304 iuxta
258 1272 422 1304 nostram
451 1266 720 1303 diffinitionem.
759 1267 838 1301 lam
869 1264 912 1301 dc
941 1264 1087 1301 duobus
1114 1265 1189 1302 illis
1219 1265 1327 1302 huius
1355 1266 1441 1302 finis
1468 1265 1653 1304 fructibus

129 1345 192 1369 seu
228 1331 402 1368 membris
441 1330 641 1373 videamus,
678 1342 808 1379 nempe
844 1328 888 1365 de
917 1331 1160 1379 πλῆροφορῖιι
1189 1334 1224 1367 et
1252 1329 1492 1367 renovatione
1517 1331 1653 1368 mentis

127 1395 396 1445 affectuumque
423 1399 649 1432 nostrorum.

179 1459 232 1496 De
269 1461 510 1509 πληροφορῖχ
546 1459 642 1495 circa
681 1458 906 1508 baptismum
944 1457 1051 1495 (locet
1079 1457 1228 1501 Paulus,
1257 1458 1344 1495 dum
1372 1471 1446 1503 eos,
1473 1457 1535 1508 qui
1564 1464 1652 1496 sunt

129 1523 317 1573 baptizati,
354 1522 543 1559 Christum
579 1521 745 1558 induisse
772 1525 940 1558 testatur.
995 1520 1307 1570 Loquitur-enim
1334 1510 1413 1557 iilic
1440 1521 1577 1558 Paulus
1607 1522 1650 1559 de

127 1586 334 1623 induitione
372 1586 522 1629 Christi,
558 1598 633 1623 non
668 1585 778 1634 legali
812 1585 888 1624 illa.
925 1598 995 1635 qua
1025 1585 1165 1622 Christi
1193 1584 1348 1622 Domini
1376 1587 1582 1636 exemplum
1610 1587 1648 1623 in

130 1654 254 1686 nostra
291 1649 568 1686 conversatione
602 1662 666 1699 per
693 1649 940 1686 imitat-ionem
968 1649 1171 1699 exprimere
1202 1662 1392 1692 conamur,
1428 1650 1491 1686 sed
1521 1650 1564 1687 de
1590 1651 1650 1687 in-

129 1713 294 1750 duitione
331 1713 570 1761 Euangelica,
606 1712 917 1763 quemadmodum
954 1712 990 1748 id
1029 1724 1176 1762 quoque
1205 1711 1391 1749 Lutherus
1420 1725 1503 1749 vere
1529 1712 1587 1763 pie
1614 1717 1650 1750 et,

128 1778 270 1815 erudite
304 1777 509 1821 adnotavit,
545 1791 617 1828 qua
653 1777 822 1814 videlicet
857 1777 940 1824 (fol.
972 1779 1054 1824 88³)
1094 1777 1233 1813 Christi
1271 1777 1425 1814 Domini
1453 1778 1650 1816 sanctitate

126 1844 268 1880 iustitia
293 1843 505 1880 innocentia
533 1855 576 1879 ac
603 1841 743 1878 meritis
771 1841 944 1878 omnibus
971 1841 1021 1877 ita
1052 1842 1302 1890 contegimur,
1328 1845 1368 1878 ut
1398 1854 1525 1879 omnes
1552 1856 1648 1881 unus

126 1912 236 1958 atque
269 1907 367 1944 idem
404 1907 514 1943 homo
544 1919 626 1943 cum
652 1905 717 1942 illo
746 1918 824 1942 esse
853 1918 1066 1942 censeamur
1092 1905 1131 1941 in
1159 1905 1280 1942 Patris
1309 1905 1364 1942 sui
1395 1905 1564 1943 coelestis
1591 1907 1647 1944 iu-

128 1972 236 2016 dicio,
270 1984 387 2021 neque
414 1970 615 2021 quidquam
641 1970 682 2006 in
710 1969 818 2006 nobis
848 1969 1004 2020 amplius
1033 1969 1191 2019 supersit
1220 1970 1352 2007 veteris
1380 1974 1529 2007 nostrae
1558 1984 1647 2009 con-

127 2035 385 2080 dannationis,
421 2034 493 2071 nisi
529 2034 560 2071 si
597 2034 785 2071 Christum
814 2046 962 2083 quoque
990 2033 1193 2078 dominum,
1222 2033 1287 2084 qui
1314 2047 1410 2071 unus
1436 2034 1509 2071 iam
1538 2040 1648 2085 atque

126 2100 223 2136 idem
258 2099 452 2136 nobiscum
489 2099 599 2135 homo
637 2111 715 2135 esse
753 2101 922 2135 censetur
949 2097 1126 2148 baptismi
1153 2098 1273 2135 nostri
1299 2098 1527 2145 testimonio,
1556 2112 1647 2137 con-

127 2164 375 2201 demnandum
413 2163 522 2200 simul
557 2162 752 2199 nobiscum
780 2176 858 2200 esse
888 2162 1064 2200 dicamus.
1120 2162 1219 2199 Dum
1245 2163 1361 2211 igitur
1389 2163 1525 2200 Paulus
1554 2164 1646 2215 bap-

126 2229 274 2266 tismum
312 2227 567 2265 testimonium
603 2240 682 2264 esse
718 2227 826 2264 docet
865 2226 973 2263 huius
1000 2226 1085 2263 talis
1115 2227 1256 2264 Christi
1284 2227 1437 2264 Domini
1464 2228 1645 2266 induitio‘

128 2292 197 2336 nis,
224 2305 295 2342 qua
323 2304 449 2328 omnes
479 2304 572 2328 unus
599 2296 708 2341 atque
736 2290 833 2327 idem
863 2291 972 2327 homo
1003 2303 1084 2327 cum
1116 2291 1263 2328 Christo
1293 2304 1432 2337 sumus,
1457 2313 1508 2319 —
1535 2291 1646 2329 simul

127 2368 273 2405 quoque
318 2355 436 2399 docet,
486 2355 536 2392 ita
581 2355 691 2392 nobis
727 2354 1061 2405 conquiescendum
1100 2368 1190 2401 esse,
1229 2354 1433 2405 pacificatis
1469 2355 1642 2392 omnibus

127 2419 374 2456 conscientiae
411 2419 695 2464 certaminibus,
737 2419 775 2456 in
813 2432 875 2465 ea,
911 2432 1005 2470 quae
1042 2419 1151 2456 nobis
1189 2419 1373 2469 baptismo
1411 2418 1645 2467 designatur,

129 2482 267 2519 Christi
313 2481 464 2518 Domini
504 2482 724 2528 induitione,
759 2483 830 2519 hoc
866 2486 932 2527 est,
967 2488 1094 2520 nostra
1131 2496 1213 2519 cum
1250 2483 1330 2533 ipso
1369 2483 1644 2529 communione,

128 2547 214 2582 dum
253 2545 479 2595 baptismum
514 2551 684 2582 nostrum
719 2547 918 2592 intuemur,
956 2551 993 2584 ut
1031 2559 1099 2584 nos
1134 2547 1208 2584 iam
1246 2559 1321 2584 non
1348 2559 1457 2596 posse
1484 2548 1642 2598 amplius

127 2610 365 2648 condemnari
401 2614 603 2646 statuamus
632 2616 780 2661 propter
816 2616 954 2648 vestem
989 2617 1168 2655 nostram,
1196 2625 1306 2661 quam
1335 2611 1511 2661 baptismi
1538 2613 1643 2650 testi-

126 2676 252 2712 monio
280 2673 482 2719 induimus,
524 2687 652 2724 nempe
698 2676 899 2721 Christum,
925 2696 974 2703 —-
1002 2689 1114 2726 quum
1150 2677 1228 2726 ipse
1257 2675 1428 2713 Christus
1456 2676 1640 2715 Dominus

127 2738 362 2776 condemnari
400 2737 558 2786 amplius
594 2750 668 2774 non
695 2744 828 2788 potest.
883 2739 941 2776 Ita
971 2740 1116 2776 deinum
1145 2740 1243 2776 euim
1272 2739 1477 2789 baptismus
1507 2745 1643 2786 noster,

128 2804 418 2854 quotiescunque
458 2802 560 2838 illuni
588 2802 838 2839 administrari
869 2804 1045 2849 videmus,
1073 2805 1141 2841 erit
1170 2818 1264 2849 vere,
1292 2805 1394 2841 iuxta
1423 2805 1523 2842 Petri
1551 2806 1640 2842 doc-

127 2868 275 2913 trinam,
309 2866 537 2917 ἐπερώτημκ
575 2866 691 2903 bonae
727 2868 1018 2917 tranquillaeque
1055 2881 1097 2904 ac
1133 2881 1283 2918 prorsus
1312 2869 1524 2918 pacificatae
1551 2882 1640 2907 con—
