1818 3178
566 121 780 150 RESPONSIO
808 122 903 150 Αυν.
934 120 1098 148 HosmM.
1525 110 1597 148 407

69 240 173 266 suam
210 225 473 278 eloquentiam,
509 228 550 262 ut
585 224 785 262 verborum
823 223 963 262 Christi
998 223 1156 261 istorum
1194 221 1305 259 nobis
1331 219 1495 272 proferat
1522 232 1594 256 nu-

68 292 154 329 dam
191 305 234 329 ac
271 290 478 341 simplicem
515 289 621 327 iuxta
658 289 804 327 literam
841 289 960 340 ipsam
996 291 1037 326 ut
1066 290 1202 324 sonant
1230 283 1596 336 interpretationem,

67 369 182 408 quam
210 355 325 394 menti
353 354 425 405 ipsi
454 354 671 405 Scripturae
700 353 925 405 respondere
954 355 1110 391 constet.
1140 352 1226 400 (38)

659 482 920 522 Articulus
949 483 1010 520 15.

121 613 296 651 uOmnes
326 612 428 650 cibos
457 612 517 651 edi
545 616 692 663 oportet
720 612 758 649 in
788 610 927 649 Christi
955 608 1264 653 recordationem,
1289 628 1341 636 —
1360 619 1449 656 ergo
1469 610 1504 644 et
1524 606 1595 644 hoc

73 695 90 712 n
105 677 430 716 Sacramentum.''

690 738 723 777 R
734 752 753 777 e
765 752 781 777 s
792 752 814 790 p
824 750 845 776 o
857 752 882 776 n
893 738 979 776 sio.

119 871 245 920 Pergit
282 870 443 908 Alberus
480 868 558 907 suis
596 882 633 906 se
669 868 859 906 oblectare
895 864 1116 910 mendaciis,
1150 868 1193 902 ut
1221 864 1378 912 longum
1405 861 1598 900 Articulo-

68 948 151 972 rum
190 934 401 983 eatalogum
439 938 564 971 texere
597 932 729 983 possit.
785 931 978 970 Quorsum
1016 942 1104 967 vero
1131 928 1316 966 attinebat
1343 930 1382 966 in
1411 941 1451 966 re
1476 929 1599 965 mani-

65 1000 161 1037 festa
198 1000 252 1036 ita
292 998 419 1036 futiles
447 1009 623 1048 quaerere
650 994 1026 1046 argumentationes?
1081 993 1255 1031 Christus
1282 993 1438 1043 ipsemet
1466 991 1598 1029 Domi-

68 1077 138 1101 nus
176 1064 339 1100 Coenam
380 1075 482 1099 suam
519 1061 559 1098 in
597 1060 653 1098 sui
689 1058 989 1098 recordationem
1016 1071 1055 1095 se
1081 1046 1290 1095 instituisse
1317 1060 1494 1094 testatur:
1523 1068 1599 1092 non

65 1133 189 1179 potest
216 1128 331 1177 igitur
359 1127 485 1164 Coena
513 1125 604 1163 haee
631 1125 773 1176 peragi,
800 1123 876 1162 nisi
904 1123 945 1161 in
973 1123 1054 1162 eius
1080 1121 1382 1160 recordationem
1411 1126 1601 1171 utcunque

68 1192 219 1230 tandem
256 1192 340 1229 aliis
378 1189 472 1228 cibis
509 1198 713 1227 vescamur.
769 1188 851 1238 Ego
880 1200 971 1226 sane
998 1199 1129 1224 omnes
1159 1185 1278 1230 cibos,
1305 1184 1461 1236 perinde
1488 1188 1601 1235 atque

67 1256 232 1294 Coenam
277 1255 408 1305 ipsam,
455 1253 496 1292 in
541 1253 683 1291 Christi
727 1252 883 1290 Domini
926 1251 1227 1290 recordationem
1277 1250 1472 1288 ordinatos
1509 1263 1603 1294 esse,

66 1333 257 1370 nunquam
298 1332 355 1357 me
400 1318 542 1356 dixisse
581 1318 672 1357 scio.
727 1316 1021 1367 Agnoscendam
1062 1315 1214 1367 quidem
1251 1328 1343 1361 esse,
1381 1315 1469 1352 dum
1507 1315 1602 1352 cibis

65 1383 298 1435 quibuslibet
355 1383 552 1427 vescimur,
607 1381 677 1419 Dei
729 1382 769 1420 in
814 1381 927 1420 nobis
971 1380 1171 1432 pascendis
1213 1379 1517 1425 beneficentiam,
1560 1392 1603 1416 ac

65 1449 225 1500 proinde
263 1461 346 1485 cum
384 1447 627 1485 invocatione
661 1451 698 1485 et
732 1447 943 1496 gratiarum
971 1447 1122 1485 actione
1150 1445 1354 1483 sumendos
1381 1458 1473 1490 esse,
1510 1457 1604 1495 quae

67 1526 156 1551 sane
185 1512 327 1551 Christi
355 1525 503 1563 quoque
532 1512 688 1550 Domini
714 1512 934 1550 memoriam
960 1511 1000 1550 in
1029 1525 1068 1549 se
1096 1509 1368 1562 complectitur,
1386 1509 1492 1546 -id
1515 1522 1601 1547 vero

66 1591 88 1615 a
132 1591 191 1615 me
235 1590 305 1626 ego
342 1576 579 1625 do-(39)ceri
615 1576 776 1614 libenter
812 1577 947 1615 fateor.
1003 1576 1077 1614 Sed
1114 1576 1226 1625 longe
1263 1574 1366 1612 aliud
1403 1577 1461 1611 est
1497 1573 1602 1611 cibos

68 1642 238 1694 quosvis.
264 1642 309 1680 ad
340 1641 509 1692 corporis
538 1641 682 1691 alioqui
709 1641 928 1679 alimoniam
957 1641 1166 1687 ordinatos,
1195 1652 1339 1677 sumere
1363 1651 1443 1676 cum
1461 1637 1602 1675 Christi

67 1707 223 1744 Domini
258 1706 530 1750 recordatione,
574 1706 677 1743 aliud
714 1718 814 1752 vero,
850 1705 975 1744 cibum
1014 1705 1231 1755 Mystieum.
1269 1716 1345 1742 non
1381 1707 1457 1742 tam
1495 1703 1600 1754 equi-

69 1771 151 1809 dem
183 1771 348 1822 corporis
377 1771 498 1809 nostri
525 1784 627 1808 nunc
655 1770 825 1822 vitaeque
852 1770 914 1808 hic
941 1775 1091 1808 nostrae
1118 1770 1312 1821 pabulum,
1339 1781 1450 1819 quam
1476 1768 1601 1819 potius

69 1835 115 1874 ad
152 1836 360 1873 animarum
398 1835 569 1886 vitaeque
605 1839 776 1873 aeternae
819 1834 946 1873 eibum
973 1835 1047 1873 fide
1073 1833 1355 1885 percipiendum
1382 1832 1600 1870 institutum

67 1913 160 1940 esse.
215 1901 330 1938 Suum
365 1899 482 1951 ipsius
517 1899 633 1949 igitur
669 1899 920 1947 mendacium,
955 1912 1033 1938 non
1071 1903 1192 1937 autem
1234 1910 1352 1936 meam
1390 1897 1600 1935 doctrinam

72 1964 132 2003 hic
159 1968 350 2015 oppugnat
379 1963 553 2002 Alberus.

662 2093 926 2133 Articulus
954 2094 1014 2132 16.

128 2224 268 2263 uFides
298 2237 373 2262 non
402 2228 458 2262 est
487 2236 623 2269 rerum,
650 2237 745 2275 quae
775 2222 995 2270 creduntur,
1021 2221 1085 2259 sed
1113 2234 1208 2272 quae
1226 2233 1303 2258 non
1325 2220 1511 2267 videntur,
1529 2233 1601 2258 un-

75 2290 153 2327 nde
191 2289 371 2340 sequitur,
408 2289 481 2327 fide
517 2300 586 2326 nos
614 2300 692 2326 non
720 2288 854 2326 debere
883 2287 1125 2324 Sacramenta
1153 2285 1353 2338 percipere,
1389 2289 1476 2323 sunt
1503 2285 1601 2322 enim

75 2371 95 2390 n
108 2354 312 2393 visibilia.'’

703 2414 986 2468 Responsio.

125 2549 216 2586 Tria,
253 2546 449 2599 splendida
485 2545 680 2583 mendacia
718 2545 757 2583 in
794 2543 966 2583 Articulo
1004 2542 1077 2580 hoc
1114 2541 1370 2580 continentur.
1425 2541 1606 2585 Primum,

76 2614 187 2652 fidem
215 2626 293 2651 non
331 2625 411 2649 esse
448 2624 570 2648 rerum
607 2624 701 2661 quae
730 2609 946 2656 creduntur,
972 2608 1128 2646 alterum
1157 2620 1234 2645 non
1263 2607 1396 2645 debere
1422 2606 1495 2644 fide
1522 2619 1604 2657 per-

77 2677 148 2727 cipi
186 2677 442 2719 Sacramenta,
479 2674 630 2712 tertium
667 2674 911 2711 Sacramenta
945 2685 1025 2710 esse
1063 2671 1239 2710 visibilia.
1293 2671 1433 2709 Nescio
1470 2675 1605 2716 autem,

78 2742 310 2780 Alberumne
337 2741 399 2779 hic
427 2754 474 2778 an
502 2753 590 2777 vero
620 2739 786 2777 Hosium
813 2738 934 2776 malae
959 2737 1047 2776 fidei
1074 2749 1259 2776 accusem.
1314 2737 1421 2775 Certe
1449 2736 1511 2774 vix
1541 2735 1607 2773 ad-

77 2807 164 2845 duci
198 2821 352 2859 possum
392 2811 434 2845 ut
469 2806 631 2852 credam,
658 2807 745 2854 (40)
773 2805 875 2843 hunc
900 2804 1113 2843 Articulum
1142 2804 1190 2842 ab
1218 2803 1359 2842 Albero
1388 2803 1438 2840 ita
1467 2803 1607 2840 forma-

76 2877 156 2912 tum
193 2887 285 2920 esse,
323 2886 404 2911 cum
446 2872 610 2924 idipsum
641 2872 689 2910 sit
718 2871 956 2923 praecipuum
984 2871 1023 2909 in
1051 2874 1130 2909 tota
1159 2869 1231 2908 hac
1259 2868 1513 2908 controversia
1541 2881 1610 2906 no·

1389 2933 1462 2975 27*
