1818 3178
171 185 242 221 102
699 182 883 211 prs‘rom
916 181 967 207 AD
995 178 1149 206 REGEM.

171 294 243 330 iam
280 289 414 328 Christi
441 286 593 338 pedibus
620 297 683 334 per
711 284 828 319 lucem
857 279 1122 328 Euangelicam
1150 277 1335 328 Papistica
1360 276 1679 314 transubstantia-

170 358 235 395 tio.
289 355 388 391 Iacet
421 356 455 388 et
489 348 701 398 blasphema
738 345 908 383 Missaria
945 345 1001 392 ((†
1029 344 1086 389 5³²)
1122 342 1186 378 11111
1222 354 1288 391 pro
1326 339 1418 377 vivis
1455 353 1498 377 110
1524 341 1682 379 mortuis

175 418 324 460 oblatio,
358 416 505 463 eiusque
540 411 774 449 nundinatio.
829 409 931 445 Iacet
968 407 1125 457 denique
1153 405 1263 443 etiam
1289 405 1504 455 prodigiosa
1532 405 1610 450 illa,
1637 419 1683 443 ne

173 481 341 519 Ethnicis
368 478 515 528 quidem
541 476 630 525 ipsis
656 485 819 524 unquam
847 472 985 517 audita,
1012 468 1429 537 ἀρτολιιτρεὶκ.(Ἠο00
1456 483 1544 507 sane
1561 470 1684 508 iacent

172 544 293 582 omnia
327 540 501 579 ineffabili
539 538 716 576 beneficio
755 536 837 577 Dei,
863 540 898 573 et
926 535 1076 586 quidem
1102 534 1155 570 ita
1182 532 1305 570 iacent
1334 534 1551 572 conculcata
1580 547 1684 571 com-

170 618 364 658 pressaque
390 605 470 641 luce
498 601 693 651 Euangelii
721 599 871 643 Christi,
899 599 1010 636 etiam
1036 597 1076 634 in
1100 596 1334 647 Papistarum
1352 597 1518 648 ipsorum
1538 597 1687 643 animis,

172 671 202 708 si
237 683 274 706 re
308 668 416 719 paulo
451 665 663 715 diligentius
698 664 863 714 inspecta
900 675 1026 699 verum
1060 660 1169 698 fateri
1205 661 1331 706 velint,
1367 665 1408 698 ut
1434 661 1473 698 in
1501 660 1547 698 iis
1576 666 1686 712 01111111

171 735 242 771 111111
278 733 447 781 deinceps
488 743 594 767 suum
638 730 748 766 Satan
788 728 927 776 erigere
963 726 1002 763 in
1039 728 1229 762 aeternum
1266 738 1341 762 non
1370 725 1528 776 amplius
1555 725 1686 776 possit.

172 797 326 847 Reliqua
361 807 470 846 porro
508 793 645 831 caudae
682 805 767 829 suae
801 795 992 828 tortuosae
1028 789 1194 832 verbera,
1221 788 1376 825 dissidia
1402 789 1566 839 inquam,
1593 802 1688 839 quae

169 862 208 898 in
237 873 343 897 causa
372 860 438 895 hac
467 856 759 894 Sacramentaria
788 867 977 905 superesse
1005 853 1128 890 adhuc
1155 852 1337 898 videmus,
1365 857 1468 890 tanta
1489 866 1564 890 non
1589 858 1688 897 sunt,

169 929 306 975 quanta
340 922 401 959 1110
437 933 515 958 0550
548 925 658 970 atque
693 918 819 956 haberi
857 918 968 968 cupit,
1004 922 1038 954 et
1070 917 1173 954 brevi
1207 929 1272 967 per
1300 916 1371 954 Dei
1397 917 1557 966 gratiam
1585 930 1686 954 com-

167 985 338 1037 ponenda
374 998 452 1022 esse
487 997 562 1020 non
599 982 824 1020 dubitamus.
879 982 1072 1019 Certamen
1111 985 1164 1018 est
1201 993 1267 1030 pro
1306 980 1469 1018 externis
1507 981 1688 1018 duntaxat

169 1050 283 1098 signis
312 1050 644 1091 Sacramentomm,
672 1058 871 1095 eorumque
898 1044 1102 1088 elementis,
1122 1057 1215 1094 quae
1235 1043 1384 1094 quidem
1402 1043 1546 1082 minora
1568 1044 1687 1082 haud-

169 1113 281 1150 dubie
308 1125 349 1149 ac
377 1112 507 1148 viliora
534 1114 620 1147 sunt
648 1110 756 1147 etiam
783 1109 824 1146 in
852 1110 1178 1146 Sacramentorum
1206 1108 1518 1152 consideratione,
1546 1108 1577 1145 si
1605 1121 1688 1145 cum

167 1177 351 1227 mysteriis
385 1176 550 1226 ipsorum
587 1175 836 1218 conferantur,
872 1187 996 1224 quam,
1023 1177 1064 1210 ut
1091 1186 1158 1223 pro
1187 1173 1232 1210 iis
1260 1177 1365 1210 tanta
1396 1172 1597 1210 certamina
1626 1186 1688 1210 su-

171 1240 260 1291 scipi
306 1239 474 1277 debeant.
521 1239 603 1280 Sed,
639 1237 948 1289 quemadmodum
987 1237 1166 1274 hactenus
1200 1237 1237 1274 in
1275 1238 1392 1275 altum
1427 1237 1532 1275 evehi
1558 1250 1689 1287 passus

170 1307 224 1340 est
253 1301 350 1339 Deus
379 1302 466 1352 Opt.
497 1301 597 1339 Max.
626 1306 832 1338 monstrum
859 1301 954 1338 illud
979 1300 1390 1338 transubstantiationis
1412 1314 1494 1338 cum
1515 1302 1690 1339 omnibns

169 1365 432 1416 appendicibus
458 1366 584 1416 ipsius,
612 1371 651 1403 ut
678 1370 817 1415 quanto
846 1365 997 1413 gravior
1024 1364 1172 1402 demum
1199 1370 1294 1402 esset
1321 1365 1429 1402 ruina
1449 1365 1564 1409 illius,
1582 1369 1689 1403 tanto

169 1431 287 1479 magis
320 1430 503 1479 insignem
539 1430 649 1467 etiam
685 1431 724 1479 (†
752 1430 811 1478 5¹³)
852 1443 895 1467 ac
934 1430 1075 1467 celebre
1112 1429 1252 1467 Christi
1288 1443 1353 1480 per
1390 1442 1459 1467 nos
1496 1429 1691 1468 victoriam

169 1493 346 1539 redderet,
390 1494 440 1531 ita
474 1499 509 1531 et
547 1506 656 1540 nunc,
691 1498 830 1544 quanto
866 1493 985 1542 magis
1025 1493 1170 1531 intendi
1206 1494 1496 1545 exaggerarique
1523 1493 1691 1531 videmus

170 1561 331 1595 exertam
369 1558 462 1595 hanc
500 1558 790 1595 controversiam
827 1558 871 1596 de
909 1559 1232 1596 Sacramentorum
1269 1559 1387 1608 signis
1423 1559 1692 1610 elementisque

172 1621 340 1667 illorum;
378 1625 591 1672 quantoque
618 1622 757 1659 maiore
785 1626 920 1659 conatu
948 1622 1069 1659 adhuc
1098 1623 1212 1660 Satan
1238 1636 1303 1674 per
1332 1623 1470 1660 caudae
1498 1636 1583 1661 suae
1610 1637 1691 1661 ver-

174 1684 260 1721 bera
297 1685 533 1722 concordiam
567 1686 627 1722 hic
654 1691 819 1723 nostram
846 1686 1024 1723 remorari
1052 1691 1219 1733 conatur,
1246 1709 1297 1715 —
1323 1690 1429 1725 tanto
1459 1700 1547 1725 sane
1572 1687 1692 1736 magis

172 1748 373 1797 speciosam
409 1749 591 1787 illustrem
625 1763 668 1786 110
704 1750 941 1801 conspicuam
977 1751 1067 1796 fore,
1105 1751 1173 1788 hac
1210 1751 1250 1788 in
1276 1755 1392 1802 parte,
1422 1751 1585 1789 veritatis
1613 1751 1691 1789 vic-

174 1813 308 1849 toriam
336 1813 484 1850 minime
512 1814 735 1852 dubitamus.
781 1815 984 1852 Laboravit
1011 1815 1051 1852 111
1078 1815 1150 1852 1100
1178 1829 1321 1854 summo
1351 1815 1475 1853 studio
1503 1816 1559 1854 vir
1586 1829 1693 1853 sanc-

175 1880 233 1914 tae
266 1877 463 1914 memoriae
498 1882 532 1914 et
566 1877 802 1916 admirandae
837 1879 1070 1923 eruditionis,
1110 1879 1296 1918 Martinus
1324 1880 1504 1924 Bucerus,
1530 1884 1571 1918 ut
1599 1881 1694 1918 hane

178 1941 463 1978 controversiam
507 1947 751 1992 componeret.
807 1943 891 1980 Hoc
934 1944 1056 1994 ipsum
1093 1949 1248 1992 egerunt
1282 1945 1394 1982 etiam
1428 1945 1595 1995 plerique
1630 1945 1694 1982 alii

178 2004 383 2042 doctissimi
409 2005 509 2042 iuxta
536 2019 578 2043 ac
605 2007 825 2056 pientissimi
852 2008 933 2052 viri,
960 2008 1177 2060 addiditque
1203 2009 1363 2058 gratiam
1381 2022 1483 2047 suam
1499 2009 1695 2053 Dominus,

180 2071 218 2104 ut
251 2067 442 2117 primariae
479 2068 737 2106 Helvetiorum
771 2070 967 2116 Ecclesiae,
1003 2084 1097 2122 quae
1124 2076 1231 2109 antea
1261 2071 1494 2110 dissidebant
1520 2072 1618 2110 inter
1646 2086 1696 2118 se,

178 2132 335 2182 primum
377 2133 542 2170 omnium
580 2134 842 2173 consentirent.
898 2136 1027 2186 Coepit
1064 2137 1197 2175 deinde
1231 2151 1317 2175 mox
1356 2138 1468 2175 latius
1495 2138 1695 2189 propagari

183 2195 372 2234 doctrinae
409 2198 614 2243 consensio,
650 2199 794 2235 etiamsi
829 2212 905 2236 non
942 2200 1073 2238 iisdem
1101 2201 1239 2252 ubique
1267 2202 1390 2239 verbis
1417 2202 1697 2253 exprimeretur,

187 2264 221 2296 et
249 2260 292 2296 ad
321 2260 477 2298 Frisiam
505 2275 632 2312 usque,
651 2267 761 2312 atque
779 2264 866 2300 item
885 2264 931 2301 ad
952 2264 1255 2303 florentissimum
1275 2267 1346 2304 hoc
1361 2267 1522 2315 Angliae
1539 2280 1696 2316 regnum

183 2324 362 2372 pervenit,
389 2337 583 2375 manuque,
611 2327 708 2376 quod
738 2327 884 2373 dicitur,
911 2334 1066 2380 utraque
1094 2330 1250 2378 (Divino
1280 2330 1478 2378 beneficio)
1501 2331 1699 2369 retinetur.

185 2386 264 2423 Iam
302 2400 385 2423 vero
422 2389 571 2426 eandem
608 2390 725 2440 ipsam
755 2393 1032 2431 consensionem
1061 2394 1213 2444 publico
1241 2395 1378 2446 scripto
1409 2398 1615 2433 contestata
1642 2399 1698 2433 est

186 2462 263 2487 non
305 2451 355 2487 ita
390 2452 529 2501 pridem
566 2454 674 2491 etiam
713 2449 938 2494 Genevensis
975 2462 1010 2496 et
1047 2459 1315 2497 Neocomensis
1350 2459 1531 2504 Ecclesia,
1568 2463 1697 2497 autore

187 2513 329 2551 Io'anne
366 2515 529 2564 Calvi-(†
556 2520 676 2564 6²¹)no‚
711 2519 790 2556 viro
816 2521 926 2570 plane
959 2522 1256 2574 incomparabili,
1293 2524 1397 2562 cuius
1436 2524 1577 2575 alioqui
1613 2537 1696 2562 eru-

189 2578 365 2615 ditionem
403 2592 483 2616 cum
518 2582 597 2630 pari
630 2583 764 2632 pietate
793 2585 1040 2634 coniunctam,
1067 2602 1144 2626 non
1171 2594 1299 2627 nostra
1325 2589 1450 2636 modo,
1478 2590 1541 2628 sed
1568 2593 1605 2628 et
1630 2603 1697 2628 ne-

188 2647 315 2692 potum
351 2647 559 2681 nostrorum
595 2650 694 2683 aetas
728 2649 858 2686 merito
896 2650 1069 2689 admirari
1097 2653 1258 2696 debebit,
1283 2655 1433 2692 tametsi
1459 2655 1490 2691 is
1517 2667 1594 2692 non
1619 2658 1696 2692 tam

189 2708 404 2744 dissensisse
431 2713 550 2753 antea,
577 2723 685 2759 quam
714 2713 833 2750 verbis
861 2715 1081 2764 quibusdam
1107 2719 1231 2768 potius
1259 2720 1418 2757 variasse
1438 2719 1553 2757 videri
1569 2719 1700 2770 possit,

189 2784 263 2821 quo
290 2771 433 2808 facilius
460 2771 505 2808 ad
534 2774 686 2810 eandem
713 2788 799 2813 sane
825 2777 954 2827 ipsam,
984 2780 1043 2816 sed
1074 2782 1196 2819 verbis
1215 2782 1365 2820 interim
1386 2783 1560 2821 nonnihil
1579 2783 1698 2820 varia-

190 2837 276 2880 tam,
313 2836 591 2873 consensionem
627 2838 717 2875 alios
753 2854 899 2891 quoque
925 2843 1127 2883 induceret.
1183 2846 1296 2884 Quod
1325 2847 1494 2898 equidem
1522 2847 1632 2885 nobis
1658 2847 1699 2884 in

192 2902 314 2937 nostra
357 2913 455 2937 nunc
490 2900 599 2938 etiam
636 2903 852 2941 tractatione
890 2919 955 2943 usu
984 2908 1094 2947 venit.
1150 2910 1246 2948 Nam
1283 2916 1319 2949 et
1346 2925 1414 2950 nos
1442 2925 1517 2950 non
1545 2911 1699 2950 eandem
