1818 3178
191 133 220 161 X
832 135 907 163 ΓΒΔ
913 135 1073 165 EFATIO.

189 239 230 280 in
262 243 477 294 posterum
508 253 677 295 quoque
707 254 856 282 causae
888 256 1003 284 meae
1037 257 1263 287 memorem
1296 245 1402 298 fore,
1434 253 1474 288 et
1504 261 1588 289 una
1608 262 1703 291 cum

187 309 351 367 collega
380 325 469 362 suo,
500 309 566 355 Ol.
591 310 824 364 ERDMANN‚
848 313 975 357 theol.
995 314 1242 371 professore,
1264 318 1495 374 pretiosum
1517 317 1704 362 libellum

185 389 434 424 venaturam
475 397 580 434 esse3
622 408 680 416 --
711 384 744 425 si
774 384 991 441 exemplar
1021 385 1305 442 epistolarum,
1338 404 1442 445 quas
1471 389 1705 447 detegisset,

186 452 337 495 habere
361 467 574 509 cuperem,
598 469 675 496 suo
692 456 861 498 nomine
878 455 1005 499 bonas
1022 457 1063 498 in
1083 472 1131 499 ea
1148 472 1193 500 re
1209 459 1365 515 gratias
1383 459 1463 504 Oli.
1482 460 1702 504 Erdmann

183 524 474 581 implorarem3
499 526 611 583 quod
628 527 762 583 igitur
778 527 870 572 feei.
889 526 1176 571 Semiennium
1195 529 1361 574 tandem
1378 539 1470 588 post
1490 533 1561 590 (11
1583 532 1701 590 Aug.

183 596 269 654 ²63)
305 612 550 654 responsum
583 599 757 656 accipio,
792 615 877 657 quo
908 616 1001 643 cum
1033 601 1347 645 benevolentiae
1376 619 1475 646 suae
1506 612 1705 662 protesta-

179 671 292 712 tione
331 669 433 712 mihi
472 669 672 713 suadebat
710 671 1007 725 Erdmannius,
1039 688 1091 716 ne
1120 674 1162 716 in
1203 675 1357 731 scripto
1387 675 1547 720 litteras
1576 676 1701 720 Lasci

178 748 379 798 peterem.
411 740 467 785 Se
497 741 615 784 brevi
645 742 737 785 illas
763 744 974 786 editurum
997 760 1084 787 esse
1105 745 1147 787 in
1174 760 1313 802 opere,
1338 746 1450 802 quod
1469 747 1547 790 sub
1567 763 1700 792 manu

178 812 359 865 haberet,
393 812 444 856 de
474 814 514 855 vi
544 829 670 871 quam
702 814 932 858 Prutenica
963 816 1226 859 Reformatio
1255 817 1297 859 in
1320 816 1552 861 Ecclesiam
1575 819 1700 863 Polo·

176 885 313 927 nicam
359 885 581 928 effecisset:
629 886 686 928 sie
731 886 819 928 sine
848 887 938 929 ullo
969 888 1139 945 negotio
1170 903 1236 930 me
1268 890 1474 945 quaesitas
1502 890 1697 947 epistolas

174 956 216 998 in
249 966 448 1012 promptu
477 956 741 1011 habiturum3
776 960 1026 1015 praesertim
1057 975 1153 1003 cum
1186 961 1301 1018 leges
1323 961 1373 1005 de
1393 963 1612 1006 emissione
1633 980 1697 1006 co·

173 1028 311 1070 dicum
353 1029 609 1085 scriptorum
655 1046 677 1072 e
708 1030 915 1073 tabulario
947 1032 1084 1089 Regio
1117 1032 1223 1076 latae
1253 1033 1478 1077 admodum
1510 1036 1696 1080 difficiles

172 1107 308 1142 essent
327 1108 368 1142 et
387 1115 567 1144 severae.
599 1100 645 1145 Si
666 1102 939 1145 nihilominus
960 1111 1099 1147 tamen
1122 1106 1322 1162 propositi
1339 1107 1525 1150 tenacior
1541 1108 1582 1150 in
1600 1123 1695 1151 con-

171 1171 262 1214 silio
294 1172 571 1228 persisterem,
603 1173 656 1216 ad
688 1176 952 1218 autoritatem
976 1177 1164 1219 virorum
1189 1177 1397 1221 tabulario
1419 1179 1556 1237 Regio
1577 1196 1694 1238 prae-

170 1244 374 1286 fectorum
410 1245 510 1287 mihi
541 1261 628 1288 esse
659 1246 983 1292 decurrendum.
1045 1248 1199 1306 Itaque
1232 1266 1374 1293 mense
1406 1252 1596 1309 Augusti
1626 1269 1694 1311 pe-

168 1315 354 1358 titionem
375 1316 469 1358 dedi
490 1318 542 1359 ad
560 1318 699 1360 virum
715 1318 822 1363 doct.
845 1320 1157 1373 MECKELBURG,
1183 1328 1230 1364 ut
1246 1325 1348 1365 meis
1365 1324 1598 1380 sumptibus
1615 1341 1692 1369 sua

167 1388 306 1444 gratia
335 1388 524 1432 scedulas
554 1389 646 1432 illas
679 1391 995 1447 quatuordecim
1022 1392 1248 1450 descriptas
1270 1409 1420 1438 curare
1441 1396 1578 1440 vellet.
1611 1397 1692 1440 Ille

167 1464 307 1501 autem
340 1459 605 1516 respondere,
637 1477 679 1504 se
711 1463 867 1519 absque
898 1465 1013 1506 iussu
1043 1471 1083 1507 et
1114 1466 1336 1508 autoritate
1368 1467 1544 1510 ministri
1565 1468 1691 1526 Regii

167 1536 361 1586 rogatum
409 1531 508 1573 mihi
550 1531 699 1589 largiri
744 1534 863 1576 nullo
904 1536 1028 1578 modo
1061 1550 1191 1593 posse.
1254 1537 1349 1595 Ego
1380 1539 1568 1581 Berolini
1598 1555 1688 1584 rem

165 1616 299 1644 meam
339 1618 479 1659 agere,
527 1604 664 1660 gratia
695 1604 761 1649 Cl.
795 1620 849 1648 DE
879 1606 1019 1650 ans
1051 1607 1163 1665 apud
1193 1609 1406 1667 principes
1436 1611 1545 1654 viros
1576 1612 1693 1656 Ran-

165 1672 231 1724 ke,
273 1672 452 1716 Morner
493 1683 533 1716 et
562 1675 704 1728 PertZ,
739 1676 838 1720 dum
870 1677 986 1721 illam
1021 1680 1170 1723 viseret
1199 1680 1362 1734 urbem,
1397 1682 1690 1727 officiosissime

163 1743 491 1787 commendatus.
526 1746 714 1790 Tandem
745 1750 982 1805 praefectus
1015 1751 1149 1794 Arch.
1183 1752 1378 1809 Regiom.
1410 1769 1452 1796 se
1473 1756 1590 1797 iussu
1612 1757 1687 1798 mi-

162 1816 281 1858 nistri
312 1817 431 1873 regii,
474 1818 586 1874 quod
618 1821 890 1877 rogavissem,
924 1822 1191 1866 libentissime
1223 1825 1324 1867 mihi
1356 1834 1684 1882 procuraturum

163 1903 252 1930 esse
283 1888 485 1933 rescribit.
515 1890 740 1934 Promissis
770 1894 892 1946 stetit,
922 1901 962 1936 et
982 1895 1040 1937 sic
1061 1894 1241 1952 denique
1263 1897 1422 1940 factum
1444 1905 1517 1951 est,
1541 1907 1587 1941 ut
1609 1915 1685 1956 per

164 1965 222 2000 tot
252 1959 450 2017 ambages
479 1969 520 2004 et
549 1962 833 2007 irremeabiles
864 1966 1225 2010 circumflexiones
1256 1968 1307 2011 ad
1329 1969 1437 2012 diem
1462 1970 1515 2013 30
1538 1970 1687 2014 Martii

162 2045 199 2072 a.
234 2032 345 2073 1864
377 2033 571 2088 epistolas
600 2033 693 2077 illas
723 2034 1029 2092 elegantissime
1059 2037 1270 2096 planeque
1301 2040 1429 2083 nitide
1457 2042 1686 2099 exscriptas

162 2099 460 2156 Regiomontio
490 2103 738 2161 acciperem.

219 2170 393 2226 Quoties
421 2180 559 2217 autem
590 2175 641 2217 de
672 2178 850 2231 spitome
881 2180 1002 2223 doctr.
1036 2181 1147 2223 Eoel.
1180 2182 1279 2225 Phr.
1319 2184 1476 2226 Orienti.
1508 2185 1683 2227 mentio-

159 2259 268 2294 nem,
308 2261 361 2287 ne
401 2246 683 2290 obduceretur
724 2249 943 2301 oblivione,
981 2252 1220 2306 inieceram,
1264 2256 1383 2298 toties
1418 2255 1521 2298 mihi
1552 2256 1604 2299 ab
1633 2273 1684 2300 eo

159 2316 500 2371 respondebatur,
533 2319 636 2361 nihil
668 2320 869 2364 eiusmodi
900 2338 922 2363 e
954 2324 1115 2366 scriniis
1146 2326 1232 2368 suis
1263 2326 1451 2382 protrahi
1483 2328 1679 2384 potuisse,

157 2386 235 2428 nisi
275 2387 489 2431 scedulam
535 2390 814 2435 adulteratam
856 2394 954 2436 satis
983 2402 1111 2451 atque
1143 2411 1356 2440 corrosam
1387 2398 1430 2439 in
1463 2413 1547 2454 qua
1576 2399 1681 2442 nihil

159 2466 325 2514 praeter
366 2460 534 2504 titulum
574 2463 779 2519 opusculi,
823 2480 917 2507 cum
964 2469 1063 2510 anni
1112 2483 1196 2525 quo
1231 2469 1485 2512 scriberetur
1514 2471 1680 2522 indicio,

157 2529 385 2586 legendum
401 2540 501 2575 erat.
536 2533 641 2587 Quis
659 2550 814 2591 quaeso
831 2545 923 2593 post
944 2546 1003 2581 tot
1020 2546 1240 2597 tantosque
1254 2541 1393 2583 irritos
1415 2540 1539 2597 plane
1560 2557 1681 2586 cona-

154 2607 223 2643 tus
253 2617 336 2644 non
366 2618 533 2647 meeum
566 2605 785 2661 Epitomen
818 2607 933 2650 illam
966 2610 1328 2654 conclamavisset!
1361 2610 1445 2655 Sed
1476 2615 1597 2656 ecce!
1628 2613 1680 2656 ad

154 2672 291 2728 ipsum
318 2689 440 2716 mane
461 2675 499 2717 d.
525 2677 576 2718 15
597 2676 715 2734 Aug.
741 2679 854 2721 1864
876 2680 1119 2724 tabellarius
1141 2682 1356 2739 epistolam
1378 2683 1676 2739 Regiomontio

155 2742 293 2786 datam
326 2745 425 2787 mihi
456 2745 605 2799 adfert,
637 2764 721 2804 qua
743 2751 1097 2796 aestimatissimus
1118 2761 1159 2796 et
1179 2753 1310 2796 modis
1332 2753 1524 2797 omnibus
1542 2756 1592 2797 de
1611 2771 1675 2798 me

153 2816 325 2858 meritus
355 2816 425 2860 ille
458 2818 590 2861 Arch.
623 2819 731 2878 Reg.
762 2822 998 2878 praefectus
1032 2839 1097 2867 me
1129 2825 1351 2867 certiorem
1383 2825 1532 2877 reddit,
1555 2841 1674 2883 prae-

152 2893 216 2930 ter
246 2902 410 2931 omnem
443 2905 558 2948 spem
589 2897 715 2949 atque
744 2895 1096 2951 exspectationem
1128 2896 1401 2941 desideratam
1433 2896 1507 2941 diu
1527 2896 1675 2941 arden-
