1818 3178
506 60 557 132 ιζΕ
585 105 867 133 SACRAMENTIS
899 104 1113 133 ncctsssm:
1142 104 1321 134 cmus'm.
1605 98 1676 137 173

204 206 359 254 Rursus,
398 205 460 257 qui
487 207 757 257 poenitentiam
782 207 880 245 inter
906 207 1017 245 huius
1044 207 1190 257 generis
1219 210 1449 245 sacramenta
1479 221 1678 246 numerare

153 271 296 318 volunt,
332 275 625 310 commonstrent
661 272 700 310 in
736 272 800 309 illa
834 273 944 310 nobis
982 272 1093 310 etiam
1131 276 1296 310 nostram
1333 271 1604 317 diffinitionem,
1643 276 1678 310 et

151 336 322 385 protinus
348 335 423 372 illis
452 335 656 374 credemus.
686 336 758 373 Sed
789 349 856 373 nos
884 336 922 373 id
951 337 1069 373 facere
1098 349 1173 373 non
1203 349 1311 387 posse
1339 334 1493 374 omnino
1514 336 1676 386 ingenue

152 400 323 445 fatemur,
349 400 564 450 praesertim
593 414 677 438 vero
707 401 805 451 quod
835 401 880 438 ad
911 401 1058 438 visibile
1085 401 1186 437 illius
1216 401 1366 449 signum
1394 401 1540 447 attinet,
1579 401 1677 452 quod

153 464 301 514 quidem
330 463 456 501 divina
484 464 720 502 ordinatione
747 465 785 502 in
814 450 913 502 hunc
941 466 1121 503 duntaxat
1149 478 1255 502 usum
1282 465 1499 503 institutum
1527 470 1634 505 essct.

203 527 286 565 Duo
316 540 384 565 nos
412 532 557 566 tantum
584 528 700 578 igitur
730 530 967 567 Sacramenta
995 529 1035 567 in
1063 529 1205 567 Christi
1234 529 1399 567 Ecclesia
1428 530 1505 568 eius
1532 530 1678 580 generis

153 604 235 628 cum
264 592 479 640 Augustino
508 593 758 641 agnoscimus,
785 593 1098 643 quemadmodum
1125 597 1161 630 et
1188 593 1227 630 in
1255 598 1375 631 vetere
1402 594 1490 631 olim
1510 594 1677 632 Ecclesia

153 655 225 692 duo
255 655 369 692 fuisse
394 655 564 703 legimus,
592 656 727 706 quibus
757 661 883 694 nostra
911 656 1052 707 alioqui
1080 661 1334 694 successerunt
1361 670 1406 694 ex
1435 657 1575 695 Christi
1599 657 1676 695 Do-

153 719 244 756 mini
278 719 526 758 institutione.
583 719 726 758 Veteris
763 720 877 768 igitur
913 720 1101 758 Ecclesiae
1130 721 1380 765 Sacramenta,
1415 735 1506 772 quae
1533 722 1580 759 ad
1607 735 1677 760 no-

153 787 267 820 stram
297 784 451 821 classem
477 784 730 834 pertinebunt,
759 784 831 822 duo
858 784 973 822 fuisse
998 784 1169 833 legimus,
1200 799 1330 836 nempe
1359 786 1677 824 circumcisionem

151 852 186 884 et
214 847 300 896 agni
327 848 519 885 Paschalis
549 861 715 886 coenam.
769 848 931 885 Nostrae
959 861 1043 885 vero
1074 848 1276 892 Ecclesiae,
1305 863 1398 900 quae
1426 849 1500 886 illis
1529 863 1675 888 succes-

152 915 290 956 serunt,
326 911 436 948 etiam
474 911 559 954 duo,
596 924 726 962 nempe
764 911 989 961 baptismum
1027 915 1062 948 et
1100 924 1252 948 coenam
1290 911 1453 960 Do-(fol.
1483 913 1677 959 69¹³)mini‚

152 975 195 1012 de
223 989 296 1026 qua
323 975 464 1026 alioqui
491 975 727 1026 potissimum
758 975 1031 1012 controversiae
1047 978 1196 1012 exortae
1216 988 1295 1012 esse
1314 975 1498 1015 videntur.
1526 976 1572 1014 In
1593 977 1675 1014 istis

150 1041 265 1089 igitur
309 1044 469 1090 quatuor
518 1039 759 1077 sacramentis
800 1044 967 1076 nostram
1005 1039 1274 1085 diffinitionem,
1310 1044 1349 1077 ut
1392 1044 1447 1077 est
1481 1041 1676 1091 explicata,

152 1103 538 1148 commonstrahimus‚
577 1106 613 1140 et
651 1103 944 1154 unumquodque
977 1103 1126 1140 illorum
1162 1103 1293 1141 ordine
1321 1116 1385 1141 suo
1414 1104 1675 1153 explicandum

150 1168 276 1218 paucis
305 1167 558 1218 suscipiemus.

201 1232 248 1269 In
283 1231 576 1268 circumcisione
597 1231 713 1279 igitur
741 1231 907 1281 singulas
946 1231 1178 1269 diffinitionis
1216 1236 1365 1270 nostrae
1392 1237 1516 1283 partes
1546 1234 1675 1272 ordine

151 1310 216 1333 suo
254 1295 631 1333 commonstrabimus
670 1309 754 1333 cum
789 1309 914 1334 earum
951 1296 1210 1347 explicatione,
1246 1302 1286 1334 ut
1320 1311 1378 1335 res
1406 1302 1486 1336 tota
1515 1299 1611 1337 clare
1639 1303 1675 1337 et

148 1360 338 1411 perspicue
367 1359 544 1409 cognosci
570 1360 704 1410 possit.

200 1426 257 1462 Ac
291 1424 465 1475 primum,
493 1424 815 1461 circumcisionem
856 1425 971 1462 fuisse
998 1424 1068 1462 Dei
1103 1424 1218 1475 ipsius
1246 1425 1518 1464 ordinationem
1545 1427 1584 1465 in
1615 1441 1676 1465 ve-

149 1494 228 1527 tere
257 1489 435 1533 Ecclesia,
462 1490 659 1527 manifeste
687 1489 862 1526 docemur
892 1489 1078 1527 Genescos
1101 1490 1163 1530 17⁰
1192 1490 1321 1541 capite,
1348 1491 1401 1528 sic
1427 1496 1467 1529 ut
1487 1493 1587 1529 nulla
1608 1493 1676 1530 hac

151 1555 195 1592 de
225 1568 260 1591 re
289 1554 474 1591 dubitatio
503 1554 646 1604 reliqua
674 1567 753 1591 esse
779 1555 912 1604 possit.

201 1618 357 1664 Deinde,
383 1618 485 1669 quod
516 1619 747 1656 cirsumcisio
776 1619 814 1656 in
846 1618 1031 1656 Ecclesiae
1059 1619 1267 1657 ministerio
1297 1619 1406 1657 fuerit
1432 1621 1566 1670 posita,
1594 1634 1674 1659 ver-

150 1682 195 1719 ba
225 1683 302 1732 ipsa
332 1682 535 1719 clarissime
562 1686 768 1720 testantur:
800 1682 1083 1720 Circumcidetis
1104 1696 1252 1720 carnem
1265 1684 1448 1734 praeputii
1468 1685 1592 1730 vestri,
1604 1690 1674 1724 etc.

151 1747 376 1797 Quanquam
410 1751 533 1784 autem
571 1747 616 1784 de
651 1747 726 1785 ritu
762 1747 843 1798 ipso
873 1747 1182 1794 circumcisionis,
1206 1762 1271 1799 per
1299 1762 1479 1799 quosnam
1508 1754 1572 1787 aut
1600 1763 1672 1801 quo

149 1817 328 1861 apparatu
362 1811 490 1861 peragi
528 1811 774 1855 consueverit,
812 1812 900 1849 certi
934 1812 1029 1850 nihil
1064 1817 1190 1850 extare
1227 1813 1406 1858 videmus,
1443 1818 1583 1852 certum
1620 1819 1676 1852 est

147 1881 286 1920 tamen,
312 1876 479 1913 ordinem
508 1876 669 1926 aliquem
696 1876 734 1913 in
763 1876 994 1914 observanda
1024 1876 1307 1915 circumcisione
1327 1877 1563 1916 observatum
1582 1879 1675 1916 fuis-

151 1954 199 1978 se.
246 1940 343 1977 Nam
372 1953 490 1990 neque
518 1944 597 1977 tum
627 1954 715 1978 sane
743 1940 843 1978 Deus
870 1946 948 1979 erat
976 1942 1210 1980 confusionis
1238 1941 1351 1987 Deus,
1377 1946 1549 1993 extatque
1569 1957 1674 1980 man-

150 2004 233 2053 (fol.
271 2003 485 2050 70³)datum
522 2004 767 2042 clarissimum
806 2005 980 2042 Abrahae
1013 2010 1049 2043 et
1084 2006 1163 2043 eius
1207 2006 1351 2052 semini,
1388 2006 1458 2043 hoc
1494 2011 1561 2051 est,
1596 2008 1675 2045 eius

147 2067 324 2118 temporis
362 2067 550 2105 Ecclesiae
588 2067 736 2106 datum:
774 2068 822 2108 Et
860 2074 898 2106 tu
936 2082 1024 2118 ergo
1052 2074 1198 2120 pactum
1227 2069 1298 2106 hoc
1325 2083 1446 2107 meum
1476 2071 1675 2117 custodies,

148 2138 202 2178 tu,
237 2132 372 2182 inquit,
407 2137 444 2170 et
471 2145 594 2169 semen
622 2137 729 2169 tuum
755 2138 824 2172 etc.
855 2133 1049 2171 Quatenus
1078 2134 1191 2183 igitur
1218 2134 1256 2171 in
1284 2134 1473 2171 Ecclesiae
1506 2136 1673 2174 custodia

148 2197 269 2248 posita
307 2201 384 2234 erat
422 2196 716 2234 circumcisionis
750 2197 975 2243 observatio,
1011 2198 1191 2236 hactenus
1228 2211 1375 2248 quoque
1408 2198 1446 2235 in
1473 2199 1575 2237 illius
1602 2201 1672 2238 rni-

157 2262 311 2300 nisterio
339 2261 498 2312 positam
524 2261 638 2299 fuisse
668 2266 824 2300 constat.

200 2327 392 2364 Praeterea
426 2325 526 2376 quod
554 2326 603 2363 ita
632 2326 669 2363 in
701 2327 907 2364 ministerio
935 2327 1124 2365 Ecclesiae
1152 2327 1264 2364 fucrit
1289 2327 1410 2378 posita
1439 2327 1672 2367 circumcisio

148 2393 252 2436 olim,
290 2396 327 2430 ut
365 2391 410 2429 ad
446 2395 565 2429 totam
603 2391 680 2428 eius
709 2391 885 2442 temporis
913 2391 1119 2429 Ecclesiam
1157 2391 1353 2442 omniaque
1379 2391 1479 2430 illius
1506 2393 1672 2431 membra

147 2459 359 2509 pertineret,
397 2469 491 2507 quae
527 2455 637 2492 modo
675 2456 890 2505 mysterium
930 2457 1008 2493 eius
1045 2469 1121 2494 non
1149 2455 1405 2498 obscurarent.
1441 2461 1597 2495 testatur
1633 2458 1670 2495 id

148 2535 225 2560 non
266 2522 424 2559 obscure
460 2520 523 2556 illa
561 2532 635 2557 non
666 2533 752 2557 sane
779 2519 870 2557 levis
898 2519 1174 2557 interminatio:
1218 2519 1268 2557 Et
1293 2521 1546 2571 praeputiatus
1573 2535 1671 2560 mas-

151 2587 270 2631 culus,
299 2586 336 2623 in
367 2585 470 2622 cuius
500 2597 608 2621 carne
635 2583 867 2634 praeputium
897 2597 971 2621 non
999 2584 1111 2622 suerit
1139 2584 1410 2630 circumcisum,
1446 2586 1669 2624 extermina-

154 2651 255 2688 bitur
282 2650 405 2687 anima
433 2649 496 2686 illa
524 2661 543 2686 e
568 2648 703 2698 populo
733 2660 811 2693 sun,
838 2651 922 2694 etc„
939 2670 988 2676 —-
1008 2661 1050 2685 ac
1078 2648 1295 2686 mandatum
1322 2649 1413 2686 illud
1441 2649 1669 2689 universale:

151 2713 284 2753 Omnis
311 2714 498 2751 masculus
526 2716 610 2749 octo
639 2711 781 2749 dierum'
809 2711 1096 2750 circumcidatur
1122 2712 1162 2750 in
1187 2712 1491 2762 generationibus
1526 2715 1672 2763 vestris,

150 2779 227 2817 sive
254 2792 380 2824 verna,
407 2778 483 2816 sive
511 2777 700 2828 emptitius
727 2780 812 2822 etc.,
839 2777 1019 2815 foemellis
1047 2777 1230 2816 duntaxat
1256 2777 1418 2830 exceptis
1442 2775 1484 2827 ¹).

194 2865 220 2905 ¹)
244 2864 322 2898 Gen.
347 2864 397 2900 17.
