1818 3178
173 164 244 197 220
518 166 568 193 nn
596 162 878 192 SACRAMENTIS
909 161 1125 188 nocensne
1152 160 1330 189 CHRISTI.

169 284 250 309 reas
292 271 476 312 versatur,
517 266 617 317 quod
662 265 708 302 ad
746 263 994 302 substantiam
1030 261 1113 310 (fol.
1152 263 1260 309 126³)
1297 274 1423 299 earum
1459 260 1615 308 attinet3
1661 264 1698 300 et

172 334 416 374 substantiam
460 332 578 382 ipsam
625 328 791 379 corporis
838 327 976 364 Christi
1021 327 1062 363 in
1099 339 1165 363 sua
1200 326 1320 377 Qpecie
1357 339 1570 377 corpoream
1609 340 1697 365 sane

170 399 452 447 sensibilemque
487 399 522 432 et
558 394 741 431 visibilem
784 392 876 429 adeo
920 391 1132 441 Scripturae
1167 391 1380 428 testimonio
1418 403 1497 428 esse
1536 394 1697 430 constat.

168 463 225 499 Ex
254 462 310 498 his
338 473 422 497 vero
451 459 625 496 omnibus
654 461 823 494 constare
850 457 924 494 iam
951 456 1124 498 arbitror,
1153 455 1265 492 verba
1293 468 1440 498 coenae,
1466 455 1572 493 iuxta
1587 468 1697 493 usum

168 527 369 577 scripturae
405 524 585 574 exposita,
622 522 674 560 sic
711 525 750 559 ut
788 520 974 558 unanimis
1011 520 1214 570 scripturae
1251 533 1453 558 consensus
1481 521 1698 562 retineatur.

167 589 282 638 magis
318 602 384 639 pro
421 592 545 626 nostra
584 586 754 624 doctrina
795 586 937 626 facere,
973 597 1083 635 quam
1118 596 1185 634 pro
1223 584 1372 622 illorum
1409 585 1596 629 doctrina,
1631 586 1696 636 qui

166 668 241 692 sese
274 654 423 690 illorum
461 652 611 689 nomine
645 655 838 702 tantopere
865 650 1006 700 alioqui
1035 649 1289 690 venditabant,
1328 649 1463 687 nedum
1491 654 1533 687 ut
1560 650 1694 688 iustam

165 719 277 755 ullam
315 730 460 754 causam
497 715 697 753 habuerint
734 727 802 752 nos
837 714 888 751 ita
925 713 1087 762 graviter
1120 712 1353 758 traducendi,
1389 713 1498 764 quasi
1527 714 1693 751 veritatis

164 782 361 819 verborum
387 780 497 818 fidem
525 780 705 828 abrogare
733 779 992 816 voluissemus.

214 847 295 883 Nos
331 846 427 883 enim
464 846 560 882 clare
595 849 631 882 et
665 844 858 895 perspicue
891 841 1238 893 interpretationem
1265 844 1432 879 nostram
1461 841 1498 878 in
1529 842 1694 880 eiusdem

161 911 306 960 generis
342 909 626 961 loquutionibus
661 922 725 959 per
762 908 909 956 singula
948 910 1177 944 sacramenta
1216 905 1347 943 ordine
1376 919 1443 943 suo
1471 907 1696 958 approbavi-

161 988 243 1012 mus
270 975 372 1012 iuxta
401 974 615 1024 scripturas.
664 972 906 1009 Ostendimus
933 971 1035 1014 item,
1060 971 1163 1008 illam
1194 983 1278 1007 cum
1308 973 1443 1007 natura
1472 984 1515 1008 ac
1541 971 1695 1009 institu-

160 1038 261 1076 tione
305 1037 471 1075 omnium
516 1041 831 1074 sacramentorum
878 1035 1109 1079 consentire,
1146 1041 1183 1072 et
1232 1034 1456 1084 respondere
1502 1035 1605 1073 omni
1650 1049 1696 1073 ex

159 1107 262 1153 parte
297 1102 490 1151 analogiae
516 1101 615 1146 fidei,
651 1113 761 1151 quam
803 1099 941 1137 Paulus
968 1099 1008 1136 in
1039 1098 1140 1136 omni
1168 1098 1477 1149 interpretatione
1504 1099 1696 1137 observari

159 1167 342 1218 imprimis
374 1166 489 1204 iubet.
552 1166 659 1203 Quae
695 1164 843 1202 interim
879 1164 1006 1201 omnia
1041 1164 1081 1201 in
1117 1163 1276 1201 istorum
1323 1162 1696 1214 interpretationibus

165 1236 201 1270 et
229 1231 340 1269 variis
364 1236 402 1268 et
430 1230 550 1274 novis,
579 1229 735 1280 denique
763 1233 798 1266 et
826 1228 964 1266 coactis
993 1228 1160 1277 cogimur
1188 1227 1410 1266 desiderare.

216 1295 348 1332 Varias
385 1308 464 1332 esse
499 1307 538 1331 re
570 1294 650 1344 ipsa
685 1292 937 1336 ostendimus,
972 1295 1008 1329 et
1046 1305 1138 1342 quas
1166 1291 1317 1329 interim
1344 1292 1515 1329 adhiberi
1544 1305 1695 1331 necesse

166 1364 233 1405 est,
260 1360 291 1397 si
319 1359 528 1397 doctrinam
555 1371 660 1395 suam
687 1371 731 1395 ex
761 1370 896 1395 coenae
923 1357 1048 1394 verbis
1077 1356 1252 1406 colligere
1281 1357 1407 1394 velint.
1439 1357 1524 1405 (fol.
1554 1360 1667 1405 12612)

217 1425 345 1462 Novas
390 1436 468 1461 esse
510 1422 680 1463 dicimus,
716 1421 1018 1472 quandoquidem
1055 1433 1182 1458 earum
1219 1420 1386 1471 exempla
1422 1421 1462 1458 in
1500 1421 1695 1471 scripturis

165 1489 268 1527 nulla
295 1487 476 1525 videmus.

216 1552 266 1589 Et
301 1550 448 1589 coactas
484 1563 672 1596 vocamus,
706 1549 806 1600 quod
840 1549 951 1598 longe
978 1548 1103 1586 absint
1131 1562 1152 1586 a
1179 1561 1264 1586 vera
1292 1562 1335 1586 ac
1360 1548 1528 1598 legitima
1555 1562 1688 1588 vocum

166 1616 452 1666 significatione,
480 1616 565 1652 dum
594 1615 630 1652 et
656 1616 696 1652 in
723 1615 946 1665 pronomine
975 1614 1280 1661 demonstrativo,
1307 1617 1370 1652 aut
1399 1626 1505 1651 casus
1535 1614 1692 1661 variant,

166 1686 228 1719 aut
255 1685 440 1729 ἔλλειψιν
471 1680 716 1721 constituunt,
743 1683 779 1717 et
806 1680 961 1717 verbum
992 1679 1102 1716 '‘est’'
1129 1679 1212 1716 aliis
1240 1679 1364 1716 verbis
1394 1682 1638 1718 commutant.

218 1745 332 1783 Quod
359 1749 483 1782 autem
508 1744 601 1781 istae
626 1757 752 1781 eorum
780 1743 1105 1794 interpretationes
1123 1756 1208 1780 cum
1226 1747 1358 1781 natura
1376 1747 1691 1782 sacramentorum

166 1824 242 1849 non
280 1810 530 1854 consentiant,
567 1809 655 1846 inde
691 1809 799 1846 facile
826 1811 988 1859 apparet,
1023 1808 1110 1858 quia
1137 1808 1176 1845 in
1205 1808 1288 1845 aliis
1317 1808 1559 1845 sacramentis
1588 1821 1667 1846 com

165 1876 366 1913 monstrari
393 1875 495 1912 nulla
524 1874 667 1911 ratione
694 1878 865 1924 possunt.

215 1941 264 1977 Et
300 1939 401 1991 quod
436 1939 525 1977 fidei
560 1938 766 1987 Analogiae
802 1951 877 1975 non
914 1937 1176 1988 respondeant,
1213 1938 1299 1975 inde
1335 1951 1424 1975 sane
1449 1937 1687 1989 perspicuum

163 2010 230 2047 est.
265 2004 367 2055 quod
402 2004 648 2041 substantiam
687 2002 852 2053 corporis
889 2002 1029 2039 Christi
1061 2002 1172 2039 nobis
1211 2002 1257 2039 ab
1294 2002 1360 2039 illo
1390 2001 1522 2039 donari
1551 2002 1686 2040 docent

165 2070 233 2107 sub
269 2068 434 2119 corporis
470 2068 645 2110 nomine,.
669 2080 752 2104 cum
787 2080 868 2104 eam
897 2067 1066 2104 Christus
1095 2066 1280 2104 Dominus
1307 2080 1328 2104 a
1354 2066 1465 2104 nobis
1493 2067 1688 2118 acceperit,

165 2147 239 2171 non
275 2136 398 2171 autem
434 2132 544 2170 nobis
581 2132 742 2174 donarit,
776 2131 815 2168 id
851 2130 950 2181 quod
986 2130 1058 2167 iam
1095 2131 1135 2168 in
1164 2131 1418 2181 superioribus
1446 2131 1595 2169 abunde
1623 2131 1688 2169 de-

164 2201 412 2234 monstratum
438 2209 516 2234 esse
544 2200 728 2246 putamus.

216 2261 363 2299 Quodsi
398 2274 466 2298 nos
503 2260 548 2297 ad
584 2259 879 2311 amplectendam
915 2272 996 2298 eam
1033 2260 1077 2297 de
1111 2260 1203 2298 reali
1227 2259 1443 2297 istiusmodi
1477 2260 1687 2310 praesentia

164 2339 207 2363 ac
241 2325 504 2362 distributione
532 2325 696 2375 corporis
726 2325 865 2362 Christi
892 2324 1113 2370 doctrinam,
1148 2326 1207 2363 vel
1232 2325 1433 2362 necessitas
1460 2325 1585 2373 gravis
1615 2325 1685 2362 ali-

164 2403 235 2440 qua
262 2389 435 2438 adigeret,
462 2390 519 2426 vel
546 2389 686 2427 utilitas
716 2390 789 2426 ulla
816 2389 1003 2433 invitaret,
1029 2393 1125 2427 esset
1151 2389 1282 2440 utique
1310 2402 1374 2426 cur
1400 2402 1468 2440 pro
1495 2389 1559 2426 illa
1587 2403 1684 2428 non-

163 2455 258 2493 nihil
295 2458 526 2499 certaremus,
561 2467 680 2505 neque
715 2453 886 2504 protinus
914 2454 977 2491 alii
1006 2453 1066 2491 hic
1093 2454 1176 2492 aliis
1205 2454 1429 2491 cederemus.
1485 2454 1571 2498 Sed,
1600 2468 1681 2492 cum

163 2532 282 2569 neque
326 2518 524 2555 necessitas
567 2519 641 2555 ulla
678 2518 867 2556 doctrinae
903 2519 1012 2556 huius
1049 2519 1215 2565 omnino,
1250 2531 1370 2569 neque
1404 2518 1494 2556 item
1528 2519 1684 2561 utilitas,

165 2582 446 2621 commonstrari
473 2583 511 2619 in
540 2583 729 2633 scripturis
758 2584 961 2631 (fol.127a)
989 2585 1280 2634 possit,--imo‚
1309 2596 1393 2620 cum
1420 2583 1530 2621 facile
1558 2583 1683 2622 doceri

163 2648 292 2700 possit,
326 2646 532 2684 doctrinam
568 2644 664 2683 hanc
700 2660 774 2684 non
806 2635 922 2684 'modo
951 2660 1028 2685 non
1055 2661 1134 2686 esse
1160 2648 1304 2693 utilem,
1331 2661 1378 2685 ne
1406 2647 1524 2684 dicam
1554 2661 1682 2686 neces-

163 2714 309 2755 sariam,
347 2711 409 2749 sed
444 2711 561 2747 multa
593 2715 779 2760 praeterea
816 2725 939 2758 secum
975 2712 1119 2750 adferre
1150 2712 1388 2750 incommoda
1416 2712 1538 2754 etiam,
1565 2714 1680 2750 multa

162 2778 247 2815 item
292 2774 452 2814 absurda
488 2775 640 2824 gignere
675 2779 710 2812 et
744 2789 886 2826 pugnas
922 2782 1110 2827 praeterea
1145 2777 1184 2814 in
1221 2777 1413 2828 scripturis
1447 2777 1680 2816 inevitabiles

163 2854 292 2885 serere,
313 2862 359 2869 —
386 2853 443 2877 res
470 2839 636 2890 profecto
663 2839 756 2876 mira
783 2853 1004 2890 prorsusque
1032 2841 1191 2879 dolenda
1217 2845 1285 2887 est,
1312 2841 1412 2892 quod
1439 2854 1520 2879 eam
1547 2854 1568 2879 a
1595 2842 1680 2892 qui·

164 2903 318 2941 busdam
361 2902 414 2940 ita
456 2901 644 2940 mordicus
676 2902 825 2939 retineri
863 2907 1037 2954 tantaque
1074 2905 1275 2954 pertinacia
1316 2905 1462 2942 defendi
1500 2905 1682 2950 videmus,
