1818 3178
746 129 988 158 PRAEFATIO.
1556 128 1627 158 cxl

99 232 336 288 Receperat
366 246 439 274 eos
469 232 626 289 inclyta
658 233 771 284 urbs,
805 234 1003 276 domicilii
1032 234 1096 275 ius
1117 233 1165 275 iis
1187 232 1410 284 obtulerat,
1444 232 1625 289 denique

99 311 364 346 concesserat
395 303 515 345 albae
548 305 722 360 virginis
756 305 1000 358 Ecclesiam,
1032 306 1072 347 in
1107 321 1190 361 qua
1211 320 1477 362 congregare
1500 306 1626 348 ritus-

100 389 181 430 que
212 390 308 417 suos
338 389 547 431 peragere
577 386 758 431 possent,
794 378 870 418 hac
892 376 1183 418 tantummodo
1202 377 1355 419 iniecta
1376 376 1625 427 conditione,

98 463 152 490 ne
174 448 235 490 uti
253 448 534 504 Augustanae
552 446 835 491 Confessionis
857 448 1106 491 excederent
1129 449 1292 493 limites.
1326 448 1471 501 Quum
1494 449 1628 506 igitur

97 518 444 561 Lutlieranorum
478 519 675 568 fautores,
707 521 866 562 arctius
897 520 986 561 eius
1018 521 1290 563 confessionis
1319 522 1421 563 fines
1444 521 1626 563 eircum-

96 589 336 642 scribentes,
372 605 497 646 quam
532 590 694 633 fecisset
725 592 811 647 ipse
833 589 1156 640 Melanchthon,
1187 592 1519 649 peregrinorum
1541 591 1624 634 Ec-

97 661 266 705 clesiam
311 662 497 720 maligne
539 663 802 706 dissensionis
833 662 884 705 ab
917 663 1174 719 Augustana
1208 664 1481 706 Confessione
1512 663 1625 721 apud

95 749 308 777 summum
354 734 658 792 Magistratum
702 735 968 786 accusabant,
1011 735 1272 779 breviculam
1313 738 1500 793 primum
1530 735 1627 778 fidei

97 821 197 849 suae
229 805 545 850 Confessionem
580 806 656 848 sub
678 806 876 863 epistolae
899 807 1057 849 formae
1080 807 1353 864 Magistratui
1375 808 1622 851 obtulerunt

98 879 348 935 peregrinae
379 878 594 921 Ecclesiae
624 886 825 935 pastores,
859 894 965 934 quae
995 879 1209 936 ipsissimis
1239 883 1514 938 Augustanae
1536 897 1628 924 ver-

97 950 158 993 bis
189 958 234 993 ut
264 951 501 1007 plurimum
533 950 835 1007 comprehensa
869 959 959 993 erat
979 951 1026 1007 ¹).
1062 952 1168 994 Mox
1198 959 1336 994 tamen
1370 954 1626 1010 experientia

98 1022 265 1073 edoctis,
297 1038 321 1064 a
353 1021 617 1078 Magistratu
649 1023 852 1064 eiusmodi
885 1023 1043 1065 nudam
1067 1023 1384 1068 Confessionem
1408 1027 1623 1082 vilipendi,

98 1102 359 1149 compertum
401 1093 450 1134 iis
498 1093 590 1145 fuit,
637 1093 688 1135 de
720 1093 925 1137 industria
954 1111 1073 1137 suam
1105 1110 1202 1137 cum
1237 1096 1495 1153 Augustana
1525 1113 1624 1140 con-

95 1165 330 1207 sensionem
374 1165 537 1221 prolixe
583 1172 624 1206 et
653 1165 862 1207 efficacius
891 1166 1191 1222 perhibendam
1225 1167 1329 1219 fore,
1363 1168 1441 1209 nisi
1471 1168 1627 1210 vellent

98 1252 149 1278 ex
179 1236 284 1278 urbe
314 1236 418 1278 eiici.
469 1235 820 1279 conscribendae*
843 1245 982 1279 autem
1017 1238 1222 1281 eiusmodi
1256 1239 1495 1295 Apologiae
1526 1255 1623 1296 pro-

98 1308 278 1350 vinciam
319 1308 457 1350 Lasco
499 1316 643 1350 nostro
685 1308 904 1359 dederunt,
948 1311 1019 1365 qui
1051 1310 1198 1352 lubens
1228 1327 1320 1353 eain
1352 1312 1546 1367 suscepit,
1584 1320 1627 1355 ut

99 1380 310 1423 Ecclesiae
352 1381 426 1422 sibi
469 1381 707 1423 carissimae
749 1397 826 1437 pro
865 1383 976 1424 virili
1017 1392 1285 1425 succurreret
1316 1392 1356 1426 et
1388 1393 1626 1442 opportune

97 1451 223 1494 simul
254 1450 435 1494 oblatam
469 1468 544 1494 suo
576 1467 746 1508 quoque
778 1454 937 1495 nomini
967 1455 1249 1511 prospiciendi
1279 1457 1489 1512 arriperet
1510 1472 1626 1501 occa-

95 1524 269 1567 sionem.
303 1524 453 1580 Itaque
486 1524 642 1579 duplex
674 1525 893 1567 consilium
927 1534 965 1567 et
995 1526 1036 1567 in
1061 1526 1139 1568 hoc
1161 1526 1303 1569 libello
1325 1528 1624 1571 conscribendo

96 1596 356 1652 propositum
376 1596 412 1638 ei
430 1596 524 1638 fuit:
548 1596 732 1651 primum
752 1604 798 1638 ut
817 1596 1050 1639 Ecclesiam
1069 1599 1397 1654 peregrinorum
1420 1608 1624 1656 purgaret
1652 1604 1659 1609 “

94 1683 118 1710 a
149 1667 382 1719 calumniis,
412 1667 594 1709 alterum
625 1674 670 1709 ut
694 1668 861 1724 publice
885 1683 1026 1711 coram
1050 1669 1277 1726 Tlieologis
1297 1679 1336 1712 et
1357 1670 1624 1727 Principibus

101 1756 218 1783 suam
251 1755 349 1782 cum
385 1741 639 1796 August-ana
672 1740 944 1783 Confessione
977 1757 1119 1784 veram
1154 1750 1422 1785 attestaretur
1453 1759 1623 1786 consen-

95 1814 266 1855 sionem.
300 1813 448 1855 Totius
480 1813 698 1856 ministerii
729 1814 901 1856 nomine
931 1814 1036 1856 haec
1065 1816 1268 1871 purgatio
1300 1816 1340 1857 in
1373 1817 1530 1873 scripto
1547 1815 1622 1860 Se-

97 1884 213 1926 natui
244 1884 381 1926 oblata
412 1892 472 1926 est
502 1884 553 1926 ad
587 1884 626 1926 d.
661 1887 711 1927 21
737 1884 935 1928 Octobris
955 1902 994 1930 a.
1022 1887 1147 1938 1556,
1172 1902 1304 1943 quum
1326 1888 1414 1944 ipse
1436 1888 1460 1930 ὲ.
1481 1888 1622 1931 Lasco

96 1956 385 2000 Francofurto
423 1957 504 1999 iam
548 1957 640 1999 vale
686 1957 861 2008 dixerat,
905 1964 946 2000 et
977 1957 1107 2000 libelli
1138 1959 1372 2002 excutiendi
1404 1961 1622 2017 negotium

95 2029 366 2072 mandaverat
396 2027 585 2084 collegae
616 2043 693 2070 suo
727 2028 973 2070 Valerando
1007 2029 1200 2072 Pollano.
1264 2030 1355 2073 Nec
1386 2038 1524 2074 tamen
1558 2048 1620 2074 re·

96 2102 234 2145 censio
267 2101 390 2142 huius
418 2099 560 2151 libelli,
585 2115 690 2154 qnae
716 2098 893 2143 Senatui
913 2099 1050 2143 oblata
1072 2108 1146 2152 est,
1169 2116 1344 2157 prorsus
1366 2117 1462 2145 cum
1481 2118 1623 2146 recen-

95 2172 210 2214 sione
241 2170 351 2227 typis
382 2168 600 2225 divulgata
629 2170 836 2213 convenit.
885 2168 1138 2213 Ostenderat
1167 2171 1276 2213 enim
1308 2171 1332 2213 a
1362 2171 1499 2215 Lasco
1530 2174 1620 2216 eius

95 2242 310 2298 exemplar
343 2241 521 2284 Calvino
553 2248 593 2283 et
625 2241 958 2290 Melanclithoni‚
990 2249 1037 2283 ut
1067 2243 1297 2284 censoriam
1322 2243 1363 2284 in
1387 2258 1481 2286 euin
1507 2252 1619 2287 uter-

96 2330 178 2371 que
219 2313 574 2356 animadverteret
619 2312 829 2369 virgulam
876 2321 916 2355 et
959 2328 1065 2368 quae
1107 2313 1282 2355 delenda
1315 2315 1620 2372 corrigendave

97 2385 344 2427 viderentur
376 2383 506 2426 libere
538 2384 722 2425 indicare
754 2399 835 2426 non
869 2392 1167 2441 gravarentur.
1202 2386 1320 2428 Hinc
1342 2388 1492 2442 partim
1510 2402 1620 2444 quae

98 2456 384 2499 vehementius
430 2455 541 2496 dicta
587 2461 735 2503 essent,
767 2457 915 2511 pressit
948 2467 1088 2498 noster
1119 2464 1191 2499 aut
1223 2459 1478 2509 extenuavit,
1513 2474 1619 2513 quae

95 2529 233 2570 minus
265 2534 384 2570 caute
416 2533 457 2568 et
487 2526 729 2568 festinanter
759 2527 939 2579 definita,
973 2529 1157 2570 correxit
1187 2528 1323 2584 adque
1364 2545 1511 2572 eorum
1544 2545 1620 2572 nu·

95 2607 183 2642 tum
215 2599 465 2650 emendavit,
499 2604 541 2640 et
562 2598 619 2640 sic
641 2598 820 2654 denique
843 2599 1025 2655 priorem
1050 2602 1351 2653 recensionem,
1371 2603 1618 2658 priusquam

92 2671 303 2722 ederetur,
338 2670 596 2727 recognovit,
631 2677 675 2711 ut
707 2671 746 2711 et
779 2668 960 2712 Calvino
990 2673 1033 2713 et
1064 2672 1386 2716 Melanchthoni
1414 2674 1548 2716 editus
1573 2675 1619 2716 li-

92 2743 260 2787 libellus
307 2742 359 2785 ab
409 2742 522 2784 omni
574 2749 691 2797 parte
744 2741 1063 2797 approbaretur.
1125 2743 1285 2787 Narrat
1336 2745 1413 2787 hoc
1456 2746 1543 2802 ipse
1573 2746 1616 2790 in

132 2905 155 2944 ¹)
179 2904 310 2946 Legitur
333 2914 378 2942 ea,
405 2903 506 2934 LAscr
532 2903 641 2944 Opera,
667 2902 735 2934 Vol.
761 2903 804 2935 ΙΙ,
830 2913 859 2944 p.
884 2902 955 2940 719,
978 2903 1071 2946 epist.
1097 2904 1143 2937 n⁰.
1169 2905 1240 2941 115.
