1818 3178
634 117 746 146 punc.
779 118 868 146 nux.
898 119 1092 148 FRANCOF.
1556 112 1628 149 249

102 218 167 271 qui
211 219 464 258 Christianam
511 219 783 259 fraternitatem
829 221 1088 260 Confessionis
1128 225 1290 272 August.
1326 221 1480 267 finibus,
1515 222 1630 261 veluti

103 285 277 323 cancellis
312 286 398 334 (ll)
435 284 671 335 quibusdam,
707 286 759 324 ita
798 287 1102 326 circumscribere
1138 292 1335 335 conantur,
1369 292 1424 334 ut,
1459 288 1629 339 quinon

101 349 274 401 protinus
301 349 338 388 in
368 349 480 387 verba
507 349 609 388 iHius
636 350 772 396 iurent,
799 365 862 390 eos
891 365 967 389 non
994 352 1261 391 Ecclesiastica
1288 352 1415 398 modo,
1443 352 1507 390 sed
1533 352 1632 404 poli-

100 415 175 452 tica
203 427 351 466 quoque
379 414 553 453 societate
580 416 793 455 excludant.
832 417 919 454 Hoc
946 417 1045 456 enim
1072 430 1149 455 non
1176 418 1249 455 alio
1279 421 1446 469 spectare
1472 417 1632 463 videtur,

102 491 213 529 quam
247 482 289 516 ut
326 478 552 530 Papisticam
589 480 839 530 tyrannidem,
879 494 956 519 non
984 485 1060 520 tam
1095 482 1267 533 equidem
1295 482 1494 527 sublatam,
1520 495 1633 534 quam

103 543 173 580 sub
202 542 401 593 Euangelii
427 544 539 582 titulo
567 545 691 596 potius
718 550 902 584 mutatam
929 546 1144 586 habeamus.
1190 547 1370 586 Libenter
1396 552 1520 586 tamen
1548 561 1632 586 eum

102 607 282 645 honorem
318 621 472 659 eamque
507 610 745 648 autoritatem
783 610 981 659 detulimus
1018 625 1162 663 semper
1199 618 1309 663 atque
1336 613 1540 651 etiamnum
1567 613 1632 651 de-

101 672 268 718 ferimus,
299 672 458 724 denique
493 678 529 712 et
567 674 701 713 deferri
738 675 786 713 ab
814 675 990 714 omnibus
1021 678 1051 724 ¹)
1080 681 1266 727 optamus,
1292 679 1454 726 August.
1484 678 1633 716 confes-

101 736 210 782 sioni,
245 741 286 776 ut
318 751 399 776 eam
425 743 636 778 reverenter
662 744 871 789 agnoscant
899 752 1040 788 omnes,
1067 741 1204 792 aliique
1231 742 1314 780 aliis
1341 743 1501 781 invicem
1530 758 1632 782 com-

100 801 278 840 mendent
311 806 348 840 et
383 802 559 841 adversus
585 804 702 856 ipsius
729 805 961 843 adversarios
989 806 1215 845 unanimiter
1235 820 1364 845 omnes
1383 813 1634 859 propugnant,

99 869 143 902 ut
171 866 350 917 cuiusque
377 868 522 905 vocatio
559 868 598 906 id
625 870 657 916 ²)
684 869 860 920 postulat,
886 891 937 898 —
964 874 1234 921 praeterquam,
1270 872 1390 909 sicubi
1417 873 1500 923 quis
1528 874 1633 911 verbi

100 931 243 982 alioqui
270 931 317 970 D.
346 932 545 970 autoritate
575 933 800 984 compulsus,
827 933 873 970 ad
902 933 1199 972 dissentiendum
1225 935 1272 972 ab
1300 935 1377 981 illa,
1404 940 1467 974 aut
1482 936 1529 973 ad
1551 950 1631 975 eam

101 1008 249 1046 quoque
285 996 624 1048 reprehendendam
665 998 917 1036 conscientiae
955 1012 1040 1037 suae
1082 1000 1296 1038 testimonio
1324 1000 1364 1038 in
1391 1001 1545 1040 lenitate
1571 1002 1632 1040 in·

100 1060 209 1098 terim
237 1073 280 1098 ac
310 1061 490 1099 modestia
521 1062 733 1100 Christiana
762 1067 928 1112 cogatur.

152 1126 286 1177 Neque
321 1127 421 1165 enim
456 1126 508 1165 ita
536 1131 599 1165 aut
624 1127 861 1166 immemores
891 1131 1139 1177 su·(12)mus,
1166 1133 1230 1168 aut
1258 1130 1369 1168 etiam
1396 1131 1546 1181 ingrati,
1573 1131 1632 1169 in-

100 1190 224 1239 gentis
257 1190 360 1228 illius
396 1191 568 1229 beneficii
604 1191 686 1238 Dei,
724 1192 825 1243 quod
861 1193 923 1230 ille
951 1193 990 1231 in
1016 1194 1258 1245 propellenda
1285 1208 1305 1233 a
1332 1195 1441 1233 nobis
1469 1196 1634 1247 Papismi

99 1254 298 1304 tyrannide
332 1268 397 1306 per
433 1255 511 1293 eius
541 1255 798 1294 Confessionis
835 1261 983 1295 autores
1020 1271 1063 1295 ac
1098 1261 1292 1309 patronos,
1330 1272 1406 1297 non
1435 1260 1634 1309 insigniter

100 1319 226 1364 modo,
254 1319 318 1356 sed
345 1320 455 1371 plane
482 1320 702 1358 mirabiliter
729 1321 854 1366 etiam,
879 1321 1019 1359 mundo
1047 1322 1224 1360 universo
1252 1323 1489 1369 reclamante,
1504 1337 1634 1375 opera-

98 1386 158 1420 tus
185 1387 261 1427 est,
288 1387 328 1421 ut
356 1396 433 1421 non
460 1383 522 1421 hic
547 1386 746 1435 perpetuae
775 1389 925 1424 nostrae
951 1386 1194 1435 gratitudinis
1222 1400 1265 1424 ac
1293 1387 1550 1426 observantiae
1570 1389 1632 1426 de-

97 1447 218 1485 bitum
264 1460 346 1485 cum
391 1460 479 1497 erga
524 1448 734 1487 doctrinam
771 1449 903 1500 ipsam,
950 1454 1030 1488 tum
1067 1463 1156 1500 erga
1193 1454 1339 1489 autores
1377 1465 1419 1489 ac
1456 1457 1632 1503 patronos

96 1515 258 1562 August.
305 1512 552 1551 confessionis
598 1513 758 1552 libenter
803 1528 1051 1564 agnoscamus
1096 1516 1450 1567 agnoscendumque
1495 1531 1515 1554 a
1560 1518 1632 1568 piis

101 1577 278 1614 omnibus
314 1590 392 1615 esse
432 1590 659 1617 censeamus.
714 1581 771 1616 Ac
804 1579 962 1630 proinde
1001 1592 1079 1617 earn
1118 1593 1266 1631 quoque
1302 1581 1547 1619 dissensionis
1584 1582 1631 1620 ab

98 1641 162 1678 illa
197 1646 347 1679 nostrae
385 1642 634 1692 suspicionem
673 1642 826 1680 minime
863 1643 973 1681 nobis
1009 1643 1180 1681 alendam
1209 1657 1287 1682 esse
1324 1644 1473 1682 silentio
1501 1649 1630 1683 nostro

97 1706 323 1756 putavimus,
351 1720 423 1758 qua
450 1711 555 1758 parte
581 1720 601 1745 a
630 1708 770 1745 nostris
798 1707 1020 1746 adversariis
1049 1721 1280 1748 accusamur.
1336 1710 1480 1747 Testati
1507 1714 1632 1748 autem

97 1771 171 1809 iam
207 1772 347 1822 pluries
384 1785 512 1810 sumus
551 1772 706 1823 privatis
744 1773 893 1824 scriptis
920 1773 1073 1820 nostris,
1110 1786 1179 1811 nos
1207 1774 1251 1812 de
1280 1774 1419 1813 Christi
1447 1774 1493 1814 D.
1524 1789 1631 1826 prae-

98 1836 218 1874 sentia
253 1837 293 1874 in
331 1850 396 1875 sua
435 1850 550 1875 coena
586 1838 747 1887 August.
785 1838 1012 1876 confessioni
1039 1839 1224 1877 assentiri.
1280 1839 1353 1876 Sed
1383 1852 1465 1876 cum
1493 1839 1631 1890 scripta

96 1902 160 1939 illa
196 1901 333 1953 partim
370 1915 446 1940 non
483 1902 732 1940 satisfecerint
762 1903 951 1948 omnibus,
978 1903 1115 1954 partim
1143 1916 1228 1941 vero
1258 1904 1333 1941 sint
1360 1904 1471 1941 etiam
1499 1904 1630 1955 depra-

96 1970 194 2011 vata,
229 1970 270 2003 ut
307 1966 431 2011 audio,
466 1966 587 2004 visum
623 1970 678 2004 est
715 1966 947 2015 <le-(13)an
986 1967 1057 2005 hoc
1093 1968 1214 2018 ipsum
1241 1967 1365 2005 adhuc
1392 1968 1524 2013 facere,
1562 1981 1631 2005 no-

98 2034 288 2080 stramque
322 2029 383 2067 1110
409 2030 666 2068 innocentiam
692 2030 847 2082 publico
878 2031 950 2068 hoc
978 2031 1116 2082 scripto
1144 2031 1216 2082 piis
1244 2031 1419 2069 omnibus
1447 2032 1631 2083 approba-

99 2107 150 2139 re,
176 2093 330 2144 perinde
358 2097 469 2145 atque
497 2094 529 2132 si
556 2094 653 2132 nihil
680 2094 834 2133 omnino
863 2095 974 2132 huius
1002 2094 1183 2133 hactenus
1210 2095 1426 2144 egissemus.

153 2157 208 2195 Ut
242 2161 364 2195 autem
404 2164 441 2195 et
475 2158 773 2196 adversariorum
811 2163 1025 2197 nostrorum
1055 2160 1212 2206 vanitas,
1239 2164 1274 2197 et
1301 2163 1429 2197 nostra
1457 2159 1545 2198 item
1570 2160 1630 2198 in-

100 2222 275 2259 nocentia
319 2222 496 2260 omnibus
535 2223 735 2274 conspicua
771 2224 859 2270 fiat,
893 2236 1120 2275 exponemus
1157 2224 1331 2275 primum,
1365 2237 1438 2275 quo
1480 2224 1632 2262 nomine

99 2285 336 2334 potissimum
366 2287 400 2323 1.
427 2285 475 2322 ab
504 2287 725 2335 Augustana
764 2286 1009 2325 Confessione
1037 2287 1081 2324 de
1109 2286 1250 2324 Christi
1277 2286 1324 2325 D.
1351 2287 1391 2324 in
1421 2299 1535 2324 coena
1566 2300 1631 2325 sua

99 2350 311 2401 praesentia
340 2349 537 2388 dissentire
565 2350 745 2390 dicamur.
775 2354 811 2390 2.
840 2351 985 2389 Deinde
1013 2365 1098 2390 vero
1127 2351 1368 2390 recitabimus
1395 2352 1511 2403 ipsius
1532 2353 1631 2390 Con·

100 2415 276 2453 fessionis
305 2415 417 2453 verba
444 2415 483 2453 in
512 2429 554 2453 eo
582 2416 664 2467 ipso
692 2421 923 2466 argumento.
954 2420 988 2455 3.
1017 2417 1150 2455 Postea
1177 2421 1300 2455 autem
1328 2421 1477 2456 nostrae
1503 2417 1632 2455 eadem

99 2481 145 2519 de
182 2494 221 2519 re
258 2480 450 2519 doctrinae
487 2481 759 2520 confessionem
795 2482 1085 2532 subiungemus,
1121 2487 1163 2520 ut
1192 2482 1242 2520 ita
1272 2482 1420 2520 demum
1446 2487 1633 2534 appareat,

98 2560 191 2584 num
229 2548 473 2596 Augustanae
511 2546 739 2585 confessioni
775 2547 845 2585 hac
879 2548 921 2585 in
955 2551 1061 2598 parte
1087 2547 1333 2586 assentiamur
1359 2551 1423 2586 aut
1449 2561 1632 2599 repugne-

103 2624 198 2650 mus.
252 2615 289 2650 4.
336 2611 396 2649 Ad
443 2615 650 2649 extremum
685 2615 808 2650 autem
844 2613 1086 2663 proferemus,
1122 2626 1217 2663 quae
1252 2612 1428 2650 adversus
1466 2617 1631 2650 nostram

106 2675 216 2722 hanc,
242 2688 352 2726 quam
379 2676 609 2727 profitemur,
637 2689 720 2714 cum
748 2678 909 2725 August.
939 2676 1173 2715 confessione
1201 2677 1483 2715 consensionem
1510 2676 1634 2714 adhuc

102 2739 240 2778 adduci
268 2741 299 2787 ³)
327 2740 513 2787 audimus,
542 2753 623 2777 cum
652 2740 755 2778 brevi
783 2741 931 2778 illorum
960 2741 1197 2779 refutatione.
1226 2742 1310 2789 (14)

143 2828 168 2866 ¹)
192 2827 270 2859 Cod.
294 2827 458 2859 Francofl:
482 2827 519 2858 ab
542 2827 679 2859 omnibus
701 2827 832 2870 dfferrz'.
918 2827 944 2867 ²)
970 2827 1032 2860 Ib.:
1057 2827 1204 2873 cuiusque
1226 2827 1262 2859 id
1282 2826 1412 2861 vocatio.

143 2881 171 2921 ⁸)
194 2880 260 2914 Ib.:
283 2881 402 2913 adduci
423 2881 536 2915 adhuc.
