1818 3178
1529 102 1600 138 351

79 209 227 260 quidem
264 210 380 247 videri
414 222 523 260 posse
560 210 700 260 aliquid
735 213 770 248 et
809 210 948 248 habent
985 223 1069 248 suas
1096 213 1192 248 artes
1228 211 1354 249 tuendi
1391 214 1604 261 usurpatam

79 274 317 324 tyrannidem
360 274 670 325 impediendique,
706 276 738 312 si
773 275 864 325 quid
900 275 938 313 in
976 289 1013 313 se
1050 276 1164 313 statui
1199 275 1360 314 videant.
1424 275 1496 312 Sed
1532 275 1605 312 sibi

79 339 238 391 ipsimet‘
265 352 339 377 non
376 342 571 385 constant3
609 352 727 390 neque
754 339 853 377 enim
881 339 1035 377 dubium
1062 343 1130 386 est,
1156 340 1252 378 inter
1279 339 1381 390 ipsos
1408 339 1604 387 late-(Ure

78 405 273 455 plerosque
301 403 541 448 Nimdemos,
568 404 631 455 qui
659 418 733 442 non
762 417 899 454 magno
929 405 1084 454 negocio
1113 405 1158 442 ad
1187 405 1390 449 Christum,
1418 405 1474 442 vel
1490 408 1604 442 noctu

79 469 211 506 deduci
237 473 400 519 possent,
429 469 546 506 donee
573 470 752 520 paulatim
789 470 970 507 firmiores
998 470 1207 522 evaderent,
1236 470 1266 507 si
1292 470 1404 507 modo
1431 469 1604 519 tyranni-

79 534 159 570 dem
186 534 288 570 illam
316 547 334 571 e
363 547 552 583 synagoga
581 535 752 572 eiiciendi
781 535 965 572 sublatam
995 535 1177 573 viderent.
1232 535 1293 579 Et,
1320 539 1362 572 ut
1390 535 1483 572 nulli
1510 535 1603 573 tales

78 598 165 642 sint,
200 602 310 648 atque
346 611 474 639 omnes
501 600 610 649 plane
639 599 751 636 veluti
780 599 981 636 coniuratis
1010 599 1144 637 animis
1175 599 1323 637 Christo
1353 599 1517 637 Domino
1546 613 1604 637 re-

80 661 236 698 clamare
273 666 465 706 conentur,
503 676 686 713 nusquam
715 676 802 700 sane
830 663 965 707 minus,
992 676 1104 713 quam
1132 663 1228 708 istic,
1256 668 1293 700 et
1319 663 1416 701 vires
1445 668 1480 701 et
1507 669 1604 701 artes

77 725 240 775 ipsorum
279 727 399 764 valere
432 732 601 777 possunt,
638 727 784 764 tametsi
824 727 861 764 in
901 727 972 763 hoc
998 727 1064 765 tali
1091 727 1254 764 adventu
1283 727 1422 765 Christi
1451 728 1604 765 Domini

79 789 174 826 nihil
210 803 302 840 opus
339 796 394 827 est
433 791 514 828 aliis
550 792 659 841 plane
686 791 773 828 ullis
801 790 978 828 adversus
1006 792 1098 830 istos
1128 791 1306 837 consiliis,
1334 805 1444 842 quam
1471 797 1513 830 ut
1541 805 1604 829 ve-

79 858 195 891 strum
233 855 389 905 quisque
425 855 574 892 Christo
611 854 771 892 Domino
811 854 960 891 obviam
990 858 1089 892 certa
1116 854 1251 891 fiducia
1280 859 1315 892 et
1344 868 1428 892 cum
1454 855 1604 906 publica

76 919 338 967 gratulatione,
364 932 431 969 pro
461 925 601 957 vestrae
629 919 837 956 vocationis
863 919 1020 962 ratione,
1048 923 1229 957 occurrat.
1259 919 1380 956 Tanta
1402 924 1457 957 est
1474 919 1605 957 videli-

80 988 136 1021 eet
174 984 313 1021 Christi
351 984 503 1021 Domini
539 985 575 1022 in
614 984 717 1033 regio
753 984 915 1022 adventu
950 983 1068 1034 ipsius
1106 983 1161 1020 vis
1199 997 1241 1020 ac
1276 984 1443 1034 potentia
1471 984 1517 1021 ad
1546 998 1604 1022 re-

78 1048 311 1097 purgandum
345 1050 521 1098 templum
558 1048 689 1099 ipsius,
721 1053 774 1093 ut,
809 1049 878 1086 etsi
915 1048 1149 1086 sacerdotum
1175 1048 1362 1098 principes
1389 1049 1606 1099 scribaeque

78 1118 113 1149 et
151 1112 339 1150 Pharisaei
375 1126 503 1155 omnes
540 1113 717 1150 adventui
744 1113 875 1164 ipsius,
902 1117 1085 1163 quantum
1113 1113 1267 1150 omnino
1291 1117 1461 1163 possunt,
1488 1114 1605 1150 recla-

78 1181 192 1222 ment,
227 1182 336 1227 atque
372 1191 392 1214 a
428 1177 555 1228 templi
590 1177 712 1228 ipsum
749 1178 806 1214 sui
842 1178 1012 1226 ingressu
1040 1189 1163 1214 arcere
1190 1177 1311 1214 modis
1339 1177 1513 1214 omnibus
1542 1190 1605 1214 co-

78 1245 224 1286 nentur,
250 1262 300 1268 —
327 1241 450 1278 veniat
476 1245 599 1278 tamen
628 1241 872 1280 nihilominus
898 1241 978 1291 ipse
1003 1241 1259 1291 templumque
1286 1241 1409 1291 ipsum
1436 1242 1538 1289 regia
1566 1242 1605 1278 in

80 1304 143 1340 illo
187 1305 384 1342 autoritate
425 1318 501 1349 sua,
537 1305 663 1342 eiectis
699 1305 874 1343 omnibus
909 1304 1216 1353 Pharisai-(S)ois
1252 1305 1607 1349 nundinationibus,

77 1381 228 1418 prorsus
265 1373 449 1418 repurget,
485 1373 521 1406 et
557 1368 604 1406 ad
640 1369 850 1408 obturanda
886 1369 1185 1407 adversariorum
1221 1369 1387 1406 omnium
1425 1383 1501 1414 ora,
1529 1383 1606 1408 non

80 1434 348 1485 discipulorum
394 1434 506 1471 modo
550 1447 820 1486 puerorumque
865 1447 907 1471 ae
942 1433 1062 1485 plebis
1097 1433 1331 1485 promiscuae
1364 1434 1506 1478 turbas,
1542 1434 1606 1472 sed

77 1498 156 1549 ipsa
193 1512 340 1549 quoque
378 1511 466 1536 saxa
502 1503 604 1536 muta
640 1511 683 1536 ac
720 1499 829 1536 bruta
865 1498 1069 1536 animantia
1098 1498 1201 1548 loqui
1229 1503 1263 1535 et
1293 1498 1451 1535 clamare
1479 1497 1605 1536 faeiat.

78 1564 137 1601 Ne
172 1563 287 1612 igitur
323 1568 358 1601 te
394 1568 551 1615 tuosque
576 1569 762 1608 moveant,
789 1568 852 1601 aut
881 1577 946 1601 vos
973 1563 1051 1600 ullo
1079 1563 1191 1600 modo
1221 1563 1403 1600 sollicitos
1433 1562 1607 1605 habeant,

78 1642 165 1679 opes
192 1629 359 1679 potentia
393 1634 503 1680 atque
530 1634 628 1667 artes
655 1629 951 1668 adversariorum
980 1628 1066 1666 istie
1094 1628 1234 1665 Christi
1259 1628 1398 1678 pariter
1425 1628 1605 1666 omnium.

80 1694 336 1731 Contieeseere
369 1694 455 1731 illos
492 1694 648 1745 denique
683 1700 720 1732 et
747 1694 874 1732 cedere
901 1707 1052 1745 prorsus
1080 1697 1226 1744 oportet
1255 1693 1403 1730 Christo
1431 1692 1608 1738 Domino,

80 1758 168 1795 dum
200 1758 262 1795 ille
298 1771 381 1795 cum
415 1758 564 1809 publico
608 1758 872 1809 discipulorum
900 1770 1099 1809 puerorum
1118 1751 1170 1795 'ac
1198 1757 1329 1794 turbae
1357 1756 1536 1807 applausu
1559 1756 1606 1793 ad

78 1822 353 1872 repurgandum
395 1823 574 1873 templum
611 1836 719 1861 suum
756 1822 880 1860 venire
918 1823 1106 1871 dignatur.
1163 1822 1235 1859 Sed
1271 1826 1377 1859 tuum
1411 1821 1492 1867 erit,
1526 1820 1607 1858 Rex

81 1887 322 1925 elementiss.!
352 1900 479 1925 omnes
505 1892 547 1924 ut
574 1887 681 1936 regni
707 1888 761 1925 tui
789 1892 916 1938 portas
945 1887 1162 1925 adventanti
1189 1886 1353 1924 Domino
1381 1885 1522 1934 gloriae
1541 1899 1608 1936 pa-

79 1957 167 1998 tere,
203 1951 301 2002 quod
323 1952 378 1995 ,in
413 1955 450 1989 te
486 1956 553 1998 est,
590 1951 717 1997 facias,
752 1952 931 2002 illumque
966 1951 1070 1989 iuxta
1108 1951 1317 1989 doctrinam
1345 1950 1605 2001 Prophetieam

83 2016 238 2067 supplex
273 2016 498 2053 exosculeris
526 2016 564 2054 in
594 2016 763 2054 doctrina
793 2016 848 2054 sui
877 2016 1089 2066 Euangelii,
1117 2016 1222 2054 cuius
1251 2017 1436 2066 fulgorem
1465 2016 1606 2066 alioqui

78 2081 201 2131 palam
237 2080 374 2117 exoriri
412 2080 558 2130 ubique,
595 2080 713 2118 inrito
742 2093 784 2117 ac
811 2080 1015 2118 reluctante
1041 2080 1182 2118 mundo
1213 2081 1400 2123 universo,
1429 2080 1607 2126 videmus,

80 2159 125 2182 ne
159 2158 232 2195 quo
270 2144 379 2181 modo
413 2145 490 2190 fiat,
525 2149 566 2181 ut
602 2144 655 2181 ita
682 2145 797 2195 ips1us
825 2144 1021 2182 adversum
1049 2149 1084 2182 te
1111 2148 1147 2182 et
1174 2157 1332 2194 regnum
1360 2148 1466 2181 tuum
1493 2143 1607 2181 veluti

79 2209 179 2259 ignis
216 2209 363 2245 flamma
401 2208 601 2259 depascens
637 2208 762 2246 omnia
799 2208 1028 2247 exardescat.
1082 2209 1190 2246 Tunc
1227 2208 1325 2245 enim
1363 2208 1491 2245 beatos
1527 2208 1606 2244 fore

80 2273 304 2323 pronunciat
341 2273 539 2323 Propheta,
576 2286 652 2310 non
689 2272 858 2323 equidem
897 2275 956 2320 (9)
993 2286 1069 2318 eos,
1103 2273 1168 2323 qui
1204 2273 1413 2310 Pharisaeis
1449 2271 1606 2323 Papisve

78 2337 218 2375 addicti
254 2338 419 2387 adeoque
457 2341 492 2375 et
527 2337 639 2374 iurati
673 2341 809 2383 essent,
846 2337 909 2374 sed
936 2337 1021 2374 illos
1050 2336 1244 2381 duntaxat,
1272 2337 1336 2387 qui
1363 2349 1450 2374 vero
1479 2336 1606 2373 Zionis

79 2401 168 2450 regi,
205 2401 352 2439 Christo
381 2401 535 2452 inquam
563 2401 741 2447 Domino,
769 2414 852 2439 vera
879 2401 1105 2452 minimeque
1132 2401 1365 2452 hypocritica
1394 2402 1466 2439 fide
1495 2405 1605 2452 atque

77 2466 313 2504 observantia
349 2466 617 2505 adhaesissent.

129 2531 275 2568 Horum
312 2535 348 2568 te
376 2530 425 2568 ita
461 2531 660 2568 admonere
697 2530 810 2575 volui,
847 2531 925 2568 Rex
952 2530 1228 2582 potentissime!
1265 2544 1330 2582 pro
1367 2531 1441 2569 fide
1475 2531 1605 2569 obscr-

80 2595 278 2646 vantiaque
306 2609 397 2641 mea,
424 2595 488 2646 qui
515 2601 615 2633 tuam
644 2595 783 2646 alioqui
811 2595 1031 2645 dignitatem
1059 2596 1169 2633 istam
1195 2596 1335 2644 regiam
1356 2609 1438 2633 cum
1455 2601 1605 2634 aeterna

80 2659 196 2696 salute
223 2672 266 2696 ac
294 2659 399 2708 regni
428 2658 595 2696 coelestis
623 2659 742 2707 gloria
766 2659 1001 2696 coniunctam
1029 2672 1109 2697 esse
1136 2659 1307 2710 optarim,
1336 2664 1370 2697 et
1398 2664 1438 2697 ut
1468 2659 1604 2696 Maies-

83 2724 170 2761 tatis
197 2728 281 2762 tuae
308 2724 525 2762 excellentia
554 2737 574 2761 a
601 2723 884 2761 Pharisaeorum
912 2724 1008 2767 istic,
1035 2723 1189 2773 indigna
1224 2728 1260 2762 te
1295 2726 1474 2775 profecto,
1500 2729 1606 2761 tanto

86 2788 197 2837 Rege,
241 2789 439 2838 tyrannide
484 2789 596 2826 semel
637 2789 837 2839 aliquando
882 2789 1103 2827 vindicetur.
1158 2788 1236 2826 Oro
1276 2795 1312 2826 te
1356 2793 1491 2834 autem,
1527 2788 1606 2826 Rex

86 2852 391 2892 clementissime!
420 2857 461 2891 ut
488 2866 610 2891 meum
639 2853 710 2890 hoe
739 2852 916 2899 studium,
943 2866 1016 2904 quo
1044 2856 1080 2891 te
1116 2853 1155 2891 in
1192 2853 1355 2891 Domino
1377 2864 1608 2904 prosequor,
