1818 3178
138 109 210 144 200
489 114 540 140 nn
569 110 851 139 sAcRAMEN'rrs
880 108 1094 136 motusue
1124 109 1305 137 cnms'rr.

146 219 224 254 arte
257 217 343 254 fuco
375 216 566 266 praetextu
601 216 664 250 aut
699 211 898 261 tyrannide
933 210 1080 248 invecta
1114 213 1260 261 recepta
1289 209 1560 261 observataque
1589 222 1670 249 esse

148 284 302 318 constet.
329 279 368 316 Is
395 290 480 315 vero
506 276 678 327 princeps
707 279 761 314 est
787 275 1026 313 tenebrarum
1056 274 1237 320 omnium,
1263 278 1304 312 ut
1332 275 1379 313 ab
1408 274 1475 312 illo
1495 274 1671 312 tenebras

149 357 277 382 omnes
303 341 443 380 offundi
469 354 515 378 ne
541 340 765 383 dubitemus,
791 343 827 378 et
852 340 953 377 illius
981 351 1093 390 opera
1121 352 1189 377 nos
1216 340 1376 378 retinere
1403 338 1674 388 intelligamus,

149 408 236 445 dum
271 405 403 443 offusas
439 404 684 454 undecunque
717 404 758 441 in
796 403 963 441 Ecclesia
1001 402 1142 440 Christi
1177 407 1280 441 extra
1316 403 1422 441 verbi
1458 402 1514 440 sui
1553 401 1672 440 divini

146 472 263 508 lucem
298 469 481 513 tenebras,
517 468 594 505 sive
627 468 668 506 in
704 467 886 513 doctrina,
920 467 997 505 sive
1030 466 1071 503 in
1105 465 1241 504 ritibus
1280 465 1553 505 Ecclesiasticis
1579 465 1678 522 reti-³

147 546 287 572 nemus.

195 597 281 634 Scio
317 596 428 634 simul
462 607 505 632 ac
539 598 690 646 repente
724 607 801 633 non
837 608 945 647 posse
977 594 1060 632 tolli
1096 594 1233 641 omnia,
1268 607 1362 646 quae
1387 595 1502 644 longo
1530 595 1671 646 alioqui

144 674 211 700 usu
239 661 332 698 altas
359 661 432 697 iam
458 659 601 697 radices
629 660 748 709 egisse
775 659 962 698 videntur.
1019 657 1149 710 Neque
1176 658 1237 696 hic
1265 658 1402 696 damno
1431 672 1506 706 eos,
1534 659 1599 711 qui
1625 663 1669 697 ut

144 725 393 763 Ecclesiarum
428 724 734 774 tranquillitatem
771 728 978 768 tuerentur,
1013 724 1195 775 quaedam
1230 723 1302 761 sibi
1329 723 1375 761 ad
1402 728 1548 775 tempus
1573 724 1669 762 tole-

146 789 260 827 randa
286 801 364 826 esse
392 788 663 826 existimarunt.
693 789 765 826 Sed
793 788 894 825 aliud
922 792 989 835 est,
1015 788 1205 832 tolerasse,
1233 800 1326 838 quae
1353 800 1431 825 non
1456 787 1605 839 probes,
1630 788 1670 826 in

139 854 290 891 lenitate
305 856 340 890 et
358 851 539 890 modestia
559 852 771 890 Christiana
789 856 940 903 propter
957 852 1267 904 tranquillitatem
1286 851 1485 894 Ecclesiae.
1501 873 1551 880 --
1569 851 1671 889 aliud

142 930 226 955 vero
261 920 328 963 est,
363 930 538 955 excusare
575 929 617 954 ac
652 916 812 954 retinere
847 916 930 964 (fol.
960 919 1069 964 102³)
1106 917 1198 954 velle
1226 916 1337 953 etiam
1363 916 1403 953 in
1432 916 1601 953 doctrina
1628 929 1673 953 ac

140 983 242 1020 cultu
269 981 349 1027 Dei,
376 995 470 1033 quae
496 982 669 1020 tenebras
696 995 775 1020 esse
803 995 938 1031 negare
974 995 1050 1019 non
1088 994 1300 1032 possumus,
1336 985 1520 1032 quatenus
1559 980 1672 1018 verbo

144 1046 211 1083 Dei
247 1045 445 1097 approbari
481 1059 555 1083 non
593 1051 762 1096 possunt,
798 1046 870 1083 nisi
898 1046 930 1083 si
956 1050 1059 1083 extra
1090 1046 1278 1083 Christum
1307 1058 1350 1082 ac
1378 1045 1588 1083 doctrinam
1614 1044 1672 1095 ip-

143 1111 218 1148 sius
252 1111 372 1147 lucem
408 1110 568 1160 aliquam
608 1110 805 1148 salutarem
841 1123 910 1147 nos
946 1110 1082 1148 habere
1109 1123 1217 1161 posse
1246 1122 1326 1147 cum
1355 1109 1571 1147 Pharasaeis
1598 1109 1673 1146 illis

141 1179 322 1226 putemus,
348 1174 392 1212 ad
422 1187 514 1226 quos
543 1175 712 1212 Christus
740 1175 837 1225 apud
864 1175 1048 1213 Ioannem
1077 1175 1149 1212 ait:
1181 1175 1221 1212 Si
1249 1174 1347 1212 caeci
1374 1174 1516 1216 essetis,
1541 1186 1674 1224 pecca-

141 1244 221 1277 tum
249 1252 324 1277 non
354 1238 538 1277 haberetis
565 1242 635 1277 etc.

188 1304 237 1341 Et
265 1317 347 1341 cum
375 1317 452 1341 non
479 1304 629 1342 aliunde
656 1317 785 1341 omnes
813 1303 1076 1355 proculdubio,
1102 1308 1179 1342 tam
1208 1304 1248 1341 in
1277 1303 1460 1348 doctrina,
1489 1316 1600 1353 quam
1632 1302 1670 1340 in

140 1369 275 1407 ritibus
303 1368 502 1412 Ecclesiae,
527 1369 715 1413 tenebras,
743 1369 819 1406 sive
845 1369 1079 1407 Pharisaicas
1108 1369 1210 1412 olim,
1239 1369 1315 1406 sive
1344 1381 1443 1406 nunc
1471 1368 1672 1418 papisticas

139 1433 353 1484 provenisse
380 1434 540 1471 sciamus
565 1434 668 1471 iuxta
695 1434 889 1484 ipsiusmet
917 1433 1058 1472 Christi
1080 1434 1233 1471 Domini
1262 1433 1533 1479 testimonium,
1563 1446 1673 1483 quam

141 1497 252 1548 quod,
280 1497 423 1535 abiecta
451 1497 618 1535 mandati
646 1497 764 1535 divini
792 1498 1019 1541 obedientia,
1045 1498 1228 1535 humanae
1258 1497 1481 1535 traditiones
1509 1496 1677 1547 inlprae-

146 1562 198 1598 tio
234 1574 313 1599 esse
341 1565 553 1612 coeperunt,
589 1561 759 1612 equidem
787 1562 861 1599 sibi
889 1561 949 1599 hic
976 1562 1235 1600 invertendam
1263 1575 1342 1600 esse
1368 1561 1543 1612 paginam
1580 1560 1678 1598 hanc

146 1626 366 1675 intelligent,
394 1626 605 1677 quicunque
633 1626 774 1664 Christi
801 1626 955 1664 Domini
984 1627 1188 1678 cooperarii
1215 1627 1256 1664 in
1284 1626 1361 1663 eius
1387 1625 1556 1663 Ecclesia
1575 1638 1678 1663 nunc

148 1691 275 1728 haberi
303 1691 442 1735 volunt,
476 1704 618 1742 nempe,
646 1695 684 1728 ut
722 1691 877 1729 obiectis
916 1692 1086 1730 humanis
1123 1692 1403 1737 traditionibus,
1439 1704 1532 1741 quae
1570 1690 1676 1728 verbi

148 1755 265 1793 divini
300 1755 497 1793 autoritate
535 1755 770 1806 comprobari
806 1768 882 1793 non
920 1759 1082 1807 queunt,
1119 1757 1246 1793 oculos
1284 1759 1397 1806 atque
1423 1755 1590 1792 animum
1616 1759 1676 1792 to·

146 1823 223 1855 tum
261 1817 438 1855 adiiciant
471 1817 518 1855 ad
545 1818 828 1856 instaurandam
855 1818 1055 1869 puritatem
1084 1818 1322 1856 obedientiae
1348 1804 1454 1855 (serbi
1483 1817 1565 1863 Dei,
1599 1821 1676 1855 tam

147 1883 184 1919 in
222 1882 392 1920 doctrina
427 1882 605 1920 Ecclesiis
631 1882 826 1927 tradenda,
853 1896 964 1934 quam
991 1883 1030 1921 in
1059 1883 1199 1922 rituum
1229 1883 1578 1920 Ecclesiasticorum
1607 1882 1677 1919 ob-

149 1947 376 1990 servatione,
414 1947 476 1985 sed
522 1947 689 1985 omnium
727 1948 886 1986 maxime
923 1948 962 1985 in
999 1962 1071 1986 usu
1109 1949 1449 1986 Sacramentorum.
1505 1947 1677 1986 Quorum

148 2012 408 2063 profanatione
454 2024 537 2049 eum
581 2024 624 2050 eo
658 2011 861 2064 impietatis
899 2026 941 2050 ac
986 2013 1136 2060 de-(fol.
1175 2013 1452 2060 102b)mentiae
1486 2013 1680 2063 prolapsos

150 2089 227 2114 esse
261 2077 425 2128 papistas
453 2076 655 2119 videamus,
680 2078 722 2114 ut
749 2089 816 2127 pro
847 2077 1001 2115 crimine
1027 2078 1226 2129 plusquam
1248 2077 1478 2128 parricidiali
1507 2077 1682 2125 habeant,

151 2153 275 2177 veram
300 2140 449 2177 illorum
477 2139 696 2190 dignitatem
718 2141 811 2180 velle
830 2141 1011 2188 adserere,
1028 2145 1192 2180 metuere
1212 2146 1247 2179 et
1267 2154 1336 2179 nos
1355 2142 1522 2192 profecto
1540 2141 1680 2179 iustum

155 2203 221 2240 Dei
246 2203 427 2241 iudicium
455 2203 642 2244 debemus.
671 2204 702 2242 si
720 2209 864 2255 praeter
885 2205 1025 2244 Christi
1046 2206 1188 2244 domini
1207 2206 1449 2252 voluntatem,
1466 2209 1679 2244 assumenta

154 2266 199 2303 iis
233 2267 356 2304 nescio
385 2280 478 2318 quae
503 2271 632 2306 nostra
659 2268 794 2306 addere
820 2269 988 2308 velimus.
1044 2270 1167 2308 Quasi
1194 2283 1280 2307 vero
1309 2270 1383 2316 ille,
1410 2273 1473 2306 aut
1500 2282 1577 2306 non
1603 2272 1679 2306 tam

154 2329 315 2380 prudens
342 2331 464 2378 fuerit,
490 2345 599 2382 quam
628 2345 698 2370 nos
726 2334 854 2377 simus,
880 2333 919 2370 in
948 2335 1068 2371 forma
1095 2333 1383 2385 praescribenda
1411 2346 1499 2370 suae
1524 2332 1679 2370 institu-

156 2393 282 2438 tionis,
328 2397 392 2431 aut
429 2408 497 2433 nos
524 2395 586 2433 hic
614 2409 652 2434 se
678 2397 837 2434 maiores
863 2411 944 2436 esse
970 2398 1143 2444 vol-uerit,
1169 2402 1210 2437 ut
1238 2399 1285 2436 ab
1312 2399 1393 2449 ipso
1421 2398 1678 2449 praetermissa

157 2457 420 2507 suppleremus.

208 2523 258 2558 At
286 2534 369 2558 vero
398 2534 481 2559 cum
509 2523 681 2562 dominus
706 2525 786 2576 ipse
811 2526 950 2564 tradito
978 2527 1154 2566 mandato
1173 2527 1240 2565 illo
1264 2527 1356 2565 ahoe
1376 2527 1514 2564 facite'’
1532 2539 1681 2565 omnem

159 2588 321 2622 nostram
347 2585 580 2635 prudentiam
608 2601 829 2640 omnemque
855 2591 1094 2629 autoritatem
1123 2591 1322 2629 concludat
1350 2591 1418 2629 sub
1448 2591 1605 2641 exempli
1626 2590 1683 2628 sui

159 2647 429 2693 obedientiam;
468 2661 550 2686 cum
584 2651 721 2690 Paulus
758 2654 846 2691 item
885 2667 960 2692 non
991 2655 1091 2692 aliud
1121 2656 1168 2693 sit
1195 2669 1304 2693 ausus
1332 2655 1477 2693 tradere
1506 2655 1582 2692 suis
1611 2655 1684 2692 Co-

158 2713 321 2759 rinthiis,
357 2726 467 2764 quam
496 2715 595 2764 quod
632 2730 652 2753 a
681 2717 831 2756 domino
859 2720 1073 2771 accepisset,
1100 2742 1149 2749 -—
1177 2720 1419 2758 subiiciamus
1455 2725 1490 2758 et
1518 2733 1587 2757 nos
1623 2719 1685 2758 hic

161 2782 327 2815 nostram
364 2790 510 2816 omnem
553 2780 786 2829 prudentiam
823 2796 1044 2835 omnemque
1078 2789 1243 2823 nostram
1290 2785 1530 2823 autoritatem
1567 2784 1684 2822 divini

161 2840 269 2880 huius
295 2841 474 2898 mandati*
489 2841 732 2888 obedientiae,
758 2846 951 2897 valereque
971 2848 1125 2885 omnino
1144 2848 1325 2886 faciamus
1343 2847 1560 2900 papisticam
1583 2848 1685 2885 illam
