1818 3178
177 137 220 172 58
626 136 676 161 1113
705 132 868 159 CHRISTI
897 129 1214 160 INCARNATIONE.

174 242 344 281 stantiam
380 238 532 280 refertis,
567 235 629 272 scd
666 233 711 270 ad
749 232 869 270 carnis
906 244 1052 269 sensum
1081 245 1143 269 seu
1169 236 1343 278 mentem,
1371 233 1423 270 sic
1450 233 1549 270 enim
1575 233 1677 271 illam

175 311 277 343 vocat
304 305 446 344 Paulus,
472 305 511 337 ut
539 299 597 335 hic
625 298 670 334 sit
698 297 800 334 iuxta
828 309 891 333 vos
921 297 1116 333 verborum
1143 296 1281 335 Christi
1309 310 1457 335 sensus:
1477 297 1592 335 Quod
1609 311 1677 335 na-

172 376 247 407 tum
284 374 335 405 est
371 379 413 403 011
452 376 570 404 0111110,
607 362 676 398 1100
713 367 778 405 est,
806 360 903 410 quod
933 360 1113 407 originem
1142 373 1244 397 suam
1272 374 1316 398 ex
1345 361 1526 398 humanae
1555 361 1676 399 carnis

172 431 372 469 substantia
406 427 530 468 traxit,
567 438 649 462 caro
687 428 752 468 est,
787 424 856 460 hoc
897 429 962 468 est,
1000 423 1120 460 carnis
1149 437 1257 461 sensu
1284 429 1346 462 aut
1372 428 1494 462 mente
1522 425 1675 472 regitur.

171 500 219 532 At
256 506 337 530 vero
374 492 482 538 longe
509 490 616 526 aliam
646 501 723 525 esse
752 487 890 524 Christi
919 487 988 523 hoc
1014 487 1097 523 1000
1127 492 1297 532 mentem,
1325 489 1436 525 verba
1463 489 1554 539 ipsa,
1582 502 1676 539 quae

169 558 448 605 subsequuntur,
480 552 678 590 declarant.
734 551 886 588 Confert
922 550 1020 587 enim
1059 550 1227 587 Christus
1262 550 1443 589 Dominus
1479 553 1676 589 efficaciam

169 621 390 670 corruptelae
420 622 564 655 nostrae
593 630 675 653 eum
700 617 866 667 potentia
895 616 1065 665 Spiritus,
1092 619 1126 652 ct
1156 615 1262 653 docet
1289 620 1435 653 tantam
1455 630 1533 654 esse
1554 617 1675 654 carnis

169 688 311 722 nostrae
348 682 602 732 corruptelam,
641 685 689 725 ut,
717 680 802 717 dum
828 680 883 716 illi
911 679 1159 729 obsequimur,
1187 679 1226 716 in
1254 692 1295 716 ea
1323 679 1437 730 ipsius
1467 681 1675 731 corruptela

166 753 335 799 perpetuo
364 747 586 783 haereamus.
632 745 746 781 Porro
775 745 890 792 legem
921 743 1026 780 huius
1056 743 1282 792 corruptelae
1308 743 1360 780 ita
1387 744 1567 781 efficacem
1595 758 1674 782 0550

166 814 200 849 111
239 811 357 856 1101115,
394 814 432 846 ut
468 822 534 846 nos
570 809 617 846 ab
651 821 691 845 ea
728 809 786 845 lue
822 820 1025 857 expurgare
1060 807 1129 856 ipsi
1166 806 1449 857 haudquaquam
1478 807 1676 857 possimus,

163 879 413 924 praeterquam
448 873 478 909 si
514 885 577 922 per
613 872 792 922 Spiritum
830 877 995 908 sanctum
1032 870 1271 916 innovemur3
1308 876 1386 907 tum
1415 871 1513 907 enim
1543 871 1676 908 virtute

164 941 258 977 illius
288 939 322 975 id
352 939 453 982 effici,
483 943 520 974 ut
546 937 720 973 adversus
742 937 861 973 caruis
883 940 1031 972 nostrae
1050 947 1195 971 sensum
1215 939 1398 971 certamen
1418 934 1673 985 suscipiamus.

163 1002 482 1042 Quemadmodum
510 1002 624 1050 igitur
651 1013 691 1037 ea
719 1004 774 1037 est
803 999 1029 1049 corruptelae
1057 1003 1204 1035 nostrae
1233 997 1298 1041 vis,
1328 1004 1367 1034 ut·
1395 1010 1463 1034 nos
1491 998 1528 1034 in
1558 997 1673 1035 servi-

161 1073 236 1104 tute
263 1080 327 1104 5011
355 1065 521 1109 retineat,
548 1064 664 1100 donec
693 1078 712 1099 a
739 1062 793 1109 (K
819 1063 908 1110 iiiia)
938 1062 1077 1112 Spiritu
1106 1067 1232 1098 sancto
1262 1061 1492 1104 innovemur,
1519 1061 1570 1098 ita
1599 1061 1674 1111 spi-

159 1132 250 1168 ritus
278 1142 423 1180 quoque
450 1141 528 1165 eam
557 1141 682 1164 rursus
710 1127 904 1163 efficaciam
934 1139 1025 1169 esse,
1051 1130 1091 1162 ut
1118 1138 1186 1162 1105
1214 1126 1410 1162 innovatos
1429 1126 1563 1162 excitet
1581 1125 1676 1162 assi-

161 1194 228 1231 due
254 1194 300 1230 ad
328 1192 594 1229 obluctandum
625 1192 747 1228 sensui
776 1190 896 1227 01111115
926 1194 1086 1234 nostrae,
1116 1202 1159 1226 ne
1186 1189 1288 1226 illum
1318 1188 1491 1239 deinceps
1521 1201 1674 1237 regnare

161 1259 198 1296 in
227 1259 334 1295 nobis
362 1256 623 1306 quoquomodo
650 1255 844 1306 patiamur.
874 1255 967 1299 Iam,
995 1255 1025 1292 si
1052 1268 1071 1291 e
1100 1254 1240 1304 Spiritu
1269 1260 1396 1291 saneto
1427 1261 1552 1290 natum
1581 1266 1674 1297 0550,

159 1322 258 1359 aliud
295 1321 404 1369 longe
442 1325 495 1357 est
532 1320 600 1356 hoc
636 1319 731 1363 loeo,
766 1332 875 1368 quam
905 1331 949 1355 ex
978 1318 1076 1354 illius
1105 1318 1312 1354 substantia
1341 1317 1459 1354 nostri
1488 1317 1672 1365 originem

159 1386 326 1427 traxisse,
363 1398 448 1422 sane
484 1390 519 1421 et
552 1397 570 1420 e
607 1396 715 1420 earne
751 1390 878 1420 natum
914 1395 1004 1427 esse,
1041 1382 1140 1419 aliud
1169 1383 1216 1419 sit
1244 1394 1392 1419 necesse
1420 1388 1486 1425 est,
1514 1395 1623 1431 quam
1653 1395 1673 1418 e

159 1448 373 1498 parentibus
409 1448 509 1484 iuxta
549 1450 700 1482 naturae
727 1445 845 1493 legem
873 1450 1117 1495 propagatum
1144 1456 1234 1482 esse.
1287 1443 1348 1488 Et,
1376 1457 1457 1481 cum
1486 1457 1505 1481 e
1533 1443 1673 1494 Spiritu

160 1518 284 1549 natum
313 1524 401 1554 0550,
430 1510 524 1546 idem
554 1510 601 1546 sit
629 1509 698 1545 hoc
725 1509 821 1551 loco,
857 1508 956 1558 quod
985 1508 1142 1557 Spiritus
1172 1508 1306 1544 virtute
1333 1507 1564 1550 innovatum,
1591 1520 1673 1557 per-

159 1576 324 1626 spicuum
352 1580 406 1612 051
430 1574 550 1618 01111111,
578 1578 705 1610 natum
732 1585 810 1609 esse
837 1585 882 1609 ex
908 1584 1028 1616 carne,
1056 1572 1154 1608 aliud
1185 1585 1260 1608 non
1288 1584 1379 1615 0550,
1402 1584 1511 1621 quam
1528 1585 1547 1607 a
1564 1584 1674 1608 sensu

161 1638 279 1675 carnis
316 1637 538 1688 provenisse,
570 1649 721 1686 eamque
749 1649 826 1672 csse
856 1635 1049 1672 verborum
1080 1635 1218 1672 Christi
1246 1635 1487 1672 sententiam:
1517 1635 1675 1673 Carnem

161 1715 248 1745 esse,
276 1702 346 1738 hoc
372 1707 437 1744 est,
463 1715 482 1737 a
509 1701 627 1737 01111115
656 1713 763 1736 5011511
790 1699 880 1747 regi,
907 1699 1086 1749 quidquid
1113 1711 1155 1736 ex
1186 1711 1295 1736 carne
1322 1704 1450 1736 natum
1477 1702 1585 1744 esset,
1603 1698 1675 1736 hoc

161 1774 227 1811 est,
263 1782 281 1803 a
320 1779 426 1803 sensu
465 1765 584 1802 carnis
619 1764 860 1815 provenisset,
895 1764 1205 1814 quemadmodum
1242 1763 1401 1813 Spiritus
1429 1768 1525 1801 esset
1550 1763 1674 1810 etiam,

162 1831 232 1868 hoe
267 1836 332 1875 est,
369 1830 526 1880 Spiritus
556 1829 688 1866 virtute
715 1834 911 1877 regeretur,
938 1828 1038 1878 quod
1065 1841 1110 1865 ex
1139 1828 1280 1878 Spiritu
1307 1834 1436 1865 natum
1464 1831 1572 1873 esset,
1602 1827 1673 1865 hoc

162 1900 227 1938 est,
254 1894 353 1944 quod
382 1893 539 1944 Spiritus
567 1898 714 1930 sanctus
742 1893 865 1929 affiatu
892 1892 1017 1929 divino
1046 1905 1112 1929 suo
1141 1893 1366 1930 innovasset.
1397 1892 1526 1929 Utitur
1552 1896 1674 1930 autem

164 1959 222 1995 hie
251 1958 430 1995 Dominus
460 1957 632 1994 nascendi
659 1957 886 2007 metaphora,
914 1961 964 2003 ut,
991 1956 1090 2007 quod
1118 1956 1230 1993 alicui
1256 1956 1308 1994 rei
1331 1969 1478 1994 causam
1497 1956 1673 2002 (101111,οΧ

162 2035 203 2060 eo
240 2027 363 2059 natam
389 2034 466 2058 esse
494 2020 602 2066 dicat,
629 2020 937 2070 quemadmodum
965 2027 999 2058 et
1027 2033 1095 2057 nos
1123 2033 1264 2057 errores
1292 2033 1336 2058 ex
1363 2020 1566 2066 erroribus,
1591 2020 1675 2057 lites

163 2151 342 2195 volumus,
377 2162 516 2186 errores
543 2149 742 2193 erroribus,
769 2149 852 2186 lites
878 2149 1020 2192 litibus,
1049 2149 1144 2186 bella
1173 2148 1279 2186 bellis
1307 2149 1538 2186 occasionem
1566 2161 1674 2199 prae-

164 2215 298 2252 buisse.
328 2213 428 2252 Quid
455 2219 576 2251 autem
606 2213 693 2250 haec
720 2214 766 2250 ad
795 2214 967 2263 Spiritus,
993 2220 1054 2251 aut
1083 2214 1204 2250 earnis
1233 2213 1514 2251 substantiam?
1542 2227 1587 2251 ne
1616 2213 1674 2250 di-

165 2292 255 2322 cam,
282 2279 325 2315 ad
356 2278 514 2316 hominis
541 2291 586 2315 ex
614 2278 762 2316 homine
776 2279 1107 2329 propagationem?
1137 2279 1222 2316 Quo
1241 2284 1347 2329 pacto
1366 2291 1450 2316 vero
1473 2278 1674 2316 consistere

164 2344 296 2394 poterit
323 2348 384 2380 tua
409 2344 482 2380 loci
510 2343 617 2380 huius
645 2344 911 2394 interpretatio,
940 2344 1117 2394 siquidem
1146 2345 1248 2381 illam
1275 2344 1521 2395 recipiamus?
1560 2344 1618 2381 Tu
1634 2343 1673 2381 id

166 2407 298 2444 videris
326 2408 428 2451 velle,
456 2414 493 2444 ut
520 2407 619 2456 quod
646 2421 664 2444 e
693 2408 812 2445 carnis
840 2408 1048 2445 substantia
1074 2408 1240 2456 genitum
1269 2412 1334 2453 est,
1354 2421 1430 2445 non
1449 2408 1566 2458 possit
1585 2420 1675 2453 esse,

165 2471 235 2508 nisi
265 2483 361 2516 carc,
394 2471 463 2507 hoc
490 2477 554 2516 est,
581 2485 655 2509 non
684 2472 800 2522 possit
829 2473 900 2509 nisi
927 2486 946 2509 a
975 2473 1094 2510 carnis
1123 2486 1232 2510 sensu
1258 2473 1337 2521 regi
1359 2472 1405 2510 ad
1432 2472 1674 2523 peccandum.

167 2534 333 2572 Christus
361 2540 481 2571 autem
510 2534 690 2572 Dominus
720 2537 825 2573 docet
852 2537 970 2573 nostri
997 2537 1296 2586 abnegationem,
1321 2536 1466 2574 etiamsi
1492 2549 1537 2573 ex
1565 2548 1674 2573 carne

167 2609 370 2634 nascamur.
401 2597 515 2633 Docet
544 2598 612 2634 hoc
639 2598 717 2648 ipso
744 2599 827 2635 loeo
858 2612 989 2636 novam
1017 2614 1035 2637 e
1063 2600 1230 2651 supernis
1259 2600 1501 2643 nativitatem,
1527 2604 1563 2636 01
1590 2599 1673 2650 qui-

167 2659 246 2696 dem
275 2673 413 2703 corum,
441 2661 502 2710 qui
530 2674 573 2697 ex
603 2674 708 2698 carne
739 2663 814 2699 nati
841 2669 973 2701 essent.
1005 2663 1052 2701 Et
1080 2664 1215 2701 Paulus
1235 2668 1403 2707 testatur,
1421 2676 1488 2700 nos
1507 2663 1545 2699 in
1566 2675 1674 2699 carne

167 2730 361 2769 versantes,
391 2738 464 2762 non
492 2725 691 2762 secundum
720 2739 864 2764 carnem
894 2727 1137 2765 nihilominus
1165 2729 1366 2769 ambulare.
1392 2732 1439 2772 et,
1466 2739 1559 2777 quae
1585 2726 1672 2763 infi-

168 2787 243 2825 nita
273 2789 311 2826 111
339 2788 529 2840 scripturis
557 2789 595 2826 in
623 2789 717 2829 hanc
745 2791 962 2830 senteutiam
991 2792 1194 2831 habentur:
1223 2792 1300 2832 Qui
1327 2791 1367 2830 iu
1395 2803 1503 2830 carne
1525 2804 1675 2829 versan-
