1818 3178
1585 103 1656 142 317

131 212 360 257 distribuere,
403 212 471 249 hoc
507 217 570 258 esc,
607 224 742 261 corpus
779 218 812 250 et
847 213 1065 262 sanquinem
1102 226 1207 251 suum
1261 225 1453 262 negamus.
1484 212 1660 250 Fatemur

131 278 226 315 dare
262 279 300 314 in
334 277 548 314 alimoniam
586 278 782 315 Ecclesiae
821 291 911 315 suae
939 290 1020 315 cum
1044 292 1146 327 pane
1174 284 1207 316 et
1257 281 1295 316 et
1331 291 1473 329 semper
1498 278 1660 328 professi

129 342 227 380 vino,
278 342 346 378 Ille
382 341 594 378 Ecclesiam
632 355 737 379 suam
775 344 943 391 alli'yavz't
977 356 1043 380 sno
1078 343 1201 386 verbo,
1255 342 1660 388 sumus,CoenamDo·

130 406 360 442 ordinatione
395 411 428 441 et
461 406 638 443 mandato
675 408 729 443 ad
762 407 978 444 sumendum
1012 420 1149 456 panem
1177 414 1211 444 et
1261 406 1356 444 mini
1384 407 1529 445 duabus
1547 407 1659 445 rebus

129 471 264 514 vinum,
308 475 339 506 et
383 481 465 506 cum
492 469 548 506 his
583 481 720 518 corpus
753 477 786 507 et
821 471 1039 518 sanquinem
1087 483 1205 508 suum.
1260 472 1441 515 constare,
1467 473 1660 507 terrenaet

1255 533 1427 571 coelesti:
1448 546 1579 584 nempe
1594 546 1658 571 ex-

1257 601 1365 635 terno
1410 611 1454 635 ac
1490 598 1659 636 sensibili

1263 661 1408 700 Coenae
1437 662 1559 711 signo,
1593 675 1658 700 ex-

1256 729 1362 763 terna
1389 726 1476 774 (fol.
1507 727 1572 774 78)
1599 726 1658 764 in—

130 801 239 838 quam
268 801 311 825 ac
331 787 499 826 sensibili
517 788 624 838 panis
642 791 678 825 et
692 787 817 838 poculi
838 787 981 825 Coenae
1000 787 1299 838 participatione,
1319 790 1465 839 qualem
1488 789 1658 827 Christus

127 852 305 898 instituit,
333 853 420 890 dum
448 853 520 890 ait:
553 869 571 886 n
585 852 672 889 Hoc
698 851 848 895 facite'',
868 855 904 888 et
922 850 1069 888 interna
1087 864 1151 902 per
1170 851 1282 889 fidem
1300 852 1340 890 in
1359 853 1500 891 nostris
1521 854 1657 891 animis

129 917 270 968 Spiritu
323 921 452 954 sancto
497 922 627 955 autore
682 916 848 967 corporis
884 920 921 953 et
966 916 1158 965 sanguinis
1197 916 1337 955 Christi
1381 919 1656 958 communione.

129 980 202 1017 Sed
237 994 430 1030 negamus,
462 994 527 1032 per
562 993 695 1031 panem
724 981 870 1018 Coenae
896 992 939 1017 ac
965 979 1141 1031 poculum
1169 980 1293 1031 ipsum
1321 981 1497 1020 distribui
1525 996 1657 1034 corpus

124 1047 247 1097 ipsum
283 1052 320 1084 et
356 1046 576 1096 sanguinem
605 1044 765 1083 Christi:
794 1045 865 1081 hoc
891 1044 991 1082 enim
1018 1057 1095 1082 non
1124 1044 1282 1082 habetur
1308 1045 1348 1083 in
1377 1045 1518 1084 Christi
1544 1047 1657 1085 insti-

126 1111 284 1149 tutione.
337 1110 449 1148 Hane
484 1110 600 1159 igitur
635 1122 700 1160 per
735 1121 869 1159 panem
897 1121 961 1146 seu
988 1108 1028 1146 in
1055 1121 1163 1159 pane,
1191 1109 1267 1146 sive
1295 1109 1364 1147 sub
1390 1123 1487 1161 pane
1513 1113 1570 1159 (re
1596 1111 1657 1149 in-

127 1188 237 1225 quam
273 1175 437 1221 terrena)
463 1173 515 1210 rei
544 1172 726 1218 coelestis,
754 1185 886 1222 nempe
915 1172 1083 1223 corporis
1112 1172 1266 1217 Christi,
1292 1173 1465 1211 manibus
1492 1174 1657 1213 ministri

127 1238 432 1275 distributionem
469 1237 602 1288 probet
630 1235 882 1287 Westphalus‚
908 1235 940 1273 si
969 1235 1176 1274 doctrinam
1205 1250 1310 1274 suam
1338 1238 1544 1289 approbare
1570 1240 1660 1277 velit

125 1302 399 1353 particulasque
442 1314 526 1352 per
561 1304 596 1338 et
633 1313 734 1337 oum
769 1313 848 1338 non
886 1300 1107 1339 confundat.
1160 1301 1316 1353 Alioqui
1352 1303 1450 1341 nihil
1486 1304 1575 1341 facit
1610 1304 1658 1341 ad

126 1367 318 1404 doetrinae
353 1379 441 1403 suae
477 1365 814 1409 confirmationem,
848 1365 891 1410 si,
918 1364 1018 1415 quod
1046 1378 1238 1416 nunquam
1267 1367 1496 1416 negavimus.
1525 1381 1658 1419 corpus

124 1435 161 1468 et
198 1430 419 1479 sanguinem
447 1428 588 1466 Christi
616 1441 700 1465 cum
726 1441 822 1479 pane
850 1432 886 1465 et
913 1428 1001 1465 vino
1031 1427 1176 1466 Coenae
1205 1428 1396 1467 Ecclesiae
1424 1443 1530 1468 verae
1559 1444 1658 1476 suae,

126 1495 197 1532 hoc
242 1500 309 1539 est,
345 1494 512 1532 fidelium
550 1493 671 1532 coetui
708 1493 789 1530 dari
826 1492 1006 1531 dicamus.
1061 1493 1159 1530 Item
1206 1493 1238 1530 si
1273 1493 1470 1541 fateamur,
1503 1494 1548 1532 de
1583 1508 1656 1546 quo

126 1573 319 1610 nunquam
347 1558 615 1604 dubitavimus,
641 1571 774 1608 nempe
802 1557 920 1595 filium
948 1557 1020 1596 Dei
1046 1558 1099 1596 ita
1126 1557 1300 1608 alligasse
1326 1572 1432 1596 suam
1449 1559 1656 1598 Ecclesiam

126 1623 172 1662 ad
214 1623 447 1662 sumemdum
474 1635 607 1673 panem
635 1626 671 1659 et
698 1622 824 1659 vinum
856 1622 1002 1659 Coenae
1031 1634 1117 1659 suae
1145 1621 1335 1671 mysticae,
1362 1622 1475 1660 verbo
1504 1622 1656 1661 ordina·

124 1689 229 1726 tione
273 1692 310 1726 et
355 1686 530 1725 mandato
568 1699 651 1729 suo,
685 1691 724 1724 ut
771 1699 853 1723 cum
891 1685 949 1723 his
993 1685 1105 1723 simul
1142 1686 1251 1723 etiam
1289 1690 1411 1724 sumat
1445 1699 1511 1738 per
1545 1687 1657 1725 fidem

125 1754 248 1805 ipsum
285 1766 417 1803 eorpus
444 1756 480 1790 et
508 1751 729 1801 sanguinem
764 1751 895 1802 ipsius.
951 1750 1042 1788 Non
1070 1750 1169 1788 enim
1199 1750 1366 1797 efficitur,
1394 1754 1446 1797 ut,
1475 1751 1506 1789 si
1533 1751 1571 1788 id
1599 1751 1656 1789 fa-

124 1823 280 1861 teamur,
309 1816 600 1868 Westphalicam
627 1815 738 1853 simul
766 1815 891 1863 etiam,
919 1815 997 1853 sive
1022 1815 1194 1862 localem,
1222 1815 1298 1853 sive
1325 1815 1547 1853 immensam
1573 1828 1657 1853 cor-

125 1883 226 1935 poris
262 1882 402 1920 Christi
437 1881 476 1919 in
511 1894 607 1932 pane
642 1884 705 1919 aut
743 1881 811 1918 sub
849 1894 945 1932 pane
973 1881 1121 1919 Coenae
1147 1881 1397 1931 praesentiam
1424 1884 1461 1918 et
1489 1893 1656 1918 commu-

126 1962 212 1987 nem
246 1948 318 1999 piis
353 1946 492 1998 pariter
525 1951 635 1996 atque
662 1945 785 1997 impiis
814 1946 894 1983 eius
920 1945 1245 1996 participationem
1273 1945 1446 1996 protinus
1473 1959 1656 1995 agnosca-

126 2027 222 2051 mus.
276 2011 467 2049 Nimirum
502 2010 650 2048 faoilius
687 2014 742 2047 est
777 2009 1010 2061 Westphalo,
1045 2023 1139 2060 quae
1176 2013 1263 2047 sunt
1301 2009 1485 2055 confessa,
1510 2023 1658 2059 urgere,

125 2091 237 2129 quam
266 2082 506 2114 controversa
532 2074 704 2126 probare,
732 2087 790 2117 ne,
816 2073 886 2112 etsi
914 2074 1010 2112 nihil
1036 2078 1135 2124 agat,
1163 2074 1258 2111 nihil
1285 2073 1438 2121 interim
1464 2087 1573 2123 agere
1601 2075 1656 2113 vi-

127 2142 271 2180 deatur.

631 2206 692 2241 30.
1272 2203 1407 2241 Ioan.
1436 2202 1459 2241 ὲ,
1487 2202 1655 2243 Lasco.

500 2267 828 2318 Westphalus.
1289 2267 1378 2305 Non
1491 2268 1655 2306 delassa-

179 2334 412 2373 Calnmniose
439 2333 554 2382 z‘9z'tur
581 2330 751 2380 La-(fol.
771 2333 924 2379 79)scus
944 2345 1011 2369 nos
1030 2339 1198 2375 accusat,
1251 2335 1312 2369 tur
1399 2331 1654 2370 maledicendo

124 2414 233 2438 usum
243 2412 380 2438 coenae
391 2399 546 2446 alliqari
556 2410 579 2434 a
592 2398 693 2434 nobis
703 2398 885 2435 elementis
895 2397 1062 2435 terrenis.
1074 2396 1196 2446 Auget
1247 2396 1414 2447 Erinnys
1426 2396 1654 2448 Westphali-

124 2467 234 2503 etiam
265 2466 484 2502 sceleratam
520 2462 756 2506 calumniam,
799 2462 886 2498 dum
905 2463 1014 2509 falso
1043 2461 1201 2509 adfinqit
1253 2474 1308 2506 ca,
1352 2465 1388 2499 et
1425 2462 1482 2499 sui
1515 2462 1654 2500 similes

124 2530 361 2573 exclusivam,
410 2541 478 2565 nos
524 2528 749 2564 solummodo
802 2527 962 2575 alliyare
1005 2527 1198 2563 elementis.
1251 2525 1369 2563 videri
1393 2538 1520 2564 omnes
1541 2526 1652 2576 cupit.

125 2595 211 2631 Non
257 2595 350 2631 enim
394 2594 566 2642 ponimus
603 2591 842 2629 Sacramenti
876 2603 981 2627 usum
1018 2591 1057 2627 in
1089 2591 1202 2627 solius
1256 2590 1424 2641 Cumque
1507 2591 1650 2628 nullum

120 2659 236 2708 panis
272 2664 304 2696 et
329 2658 406 2695 vini
430 2658 648 2705 sumptione,
675 2668 741 2692 nec
770 2655 915 2704 quidem
942 2655 983 2692 in
1010 2656 1090 2692 sola
1118 2667 1202 2692 cor·
1254 2654 1652 2693 mentiendicalumni-

120 2724 251 2772 porali
283 2723 584 2767 manducatione,
618 2721 685 2758 sed
718 2721 941 2767 conjunctim
977 2721 1016 2756 in
1042 2720 1087 2757 iis
1105 2719 1205 2767 fide·
1257 2719 1420 2770 andique
1438 2719 1651 2764 omnia‚ne-

125 2788 206 2825 liter
234 2787 439 2835 faciendis,
475 2799 571 2835 quae
605 2785 793 2822 Dominus
825 2785 964 2833 facere
990 2785 1119 2832 jussit,
1145 2785 1203 2822 di·
1255 2797 1326 2834 que
1352 2783 1517 2830 modum,
1533 2797 1654 2834 neque

125 2863 233 2890 cens:
278 2851 447 2901 Accipite
483 2851 588 2896 edite,
616 2850 684 2887 laeoc
711 2856 764 2887 esc
792 2861 931 2899 corpus
959 2862 1101 2895 meum,·
1129 2850 1196 2887 lzoc
1250 2850 1362 2887 finem
1390 2848 1536 2895 habeat,
1563 2861 1652 2894 ean-
