1818 3178
750 123 994 157 PRAEFATIO.
1553 123 1633 156 XCV

117 255 139 281 n
166 247 304 290 neque
337 229 464 274 ali-um
501 245 754 288 quemquam
789 233 880 276 vult
902 240 1043 290 petere
1066 239 1138 275 aut
1160 230 1436 290 agnoscere.'’
1457 231 1488 288 ¹)
1523 229 1640 284 Quid

112 306 156 348 in
189 321 236 348 re
266 311 352 348 tam
384 305 608 361 perspicua
639 305 802 355 addam,
835 304 1027 360 equidem
1060 306 1213 348 nescio.

172 376 211 420 b.
272 377 387 419 Inter
418 381 600 418 auctores
621 378 829 431 principes
860 378 945 433 eqit
969 382 1126 430 partes.
1189 375 1365 420 Constat
1401 375 1642 418 certissimis

112 449 371 500 testimoniis,
404 454 592 505 pastores
623 448 848 497 Emdanos,
882 448 1136 505 simulatque
1167 448 1217 490 de
1248 448 1537 506 recognitione
1559 447 1642 491 Ca-

110 521 313 573 techismi,
361 535 488 576 quam
540 520 707 563 Gellius
758 520 1048 573 meditaretur,
1086 522 1244 563 mentio
1274 521 1316 563 in
1350 527 1473 564 coetu
1504 520 1639 572 fieret,

117 591 244 635 Lasci
287 592 522 635 etiamnum
554 592 594 634 in
629 592 791 649 Anglia
822 592 1026 635 versantis
1056 591 1107 633 de
1137 608 1185 635 ea
1217 593 1450 635 mutatione
1479 599 1642 635 senten-

110 665 210 707 tiam
242 665 409 707 scitatos
439 680 540 707 esse.
573 664 669 721 Ipse
700 665 723 706 a,
753 664 891 706 Lasco
923 663 962 705 id
995 663 1107 705 hisce
1137 663 1189 706 ad
1220 664 1520 721 Bullingeruin
1554 679 1645 706 ver-

112 736 172 778 bis
205 744 371 781 narrat:
408 759 428 784 ss
448 737 510 779 Eo
540 751 670 793 porro
701 736 920 793 recognito
951 734 1137 777 suboluit
1167 735 1382 792 plerisque
1414 736 1549 789 fucus,
1582 742 1642 779 at·

114 832 136 858 η
162 824 244 865 que
287 809 344 852 ita
386 809 576 851 unanimi
616 817 948 865 symmystarum
995 808 1183 850 omnium
1226 809 1267 850 in
1308 816 1429 851 coetu
1474 807 1645 865 publico

116 903 138 929 n
163 881 336 924 consilio
375 880 720 931 constituebatur,
764 895 816 921 ne
863 881 1107 937 recognitus
1147 879 1218 923 ille
1263 879 1555 924 catechismus
1584 882 1644 924 in-

117 974 138 1001 1!
163 952 428 1010 vulgaretur,
463 953 702 1008 priusquam
744 954 801 994 ad
828 967 886 994 me
916 956 1148 994 mineo-etur
1179 968 1343 1008 meaque
1374 956 1422 995 de
1452 955 1525 996 illo
1555 969 1644 997 sen-

116 1047 138 1074 η
163 1027 293 1068 tentia
322 1025 578 1067 baberetur?
614 1026 646 1080 ²)
703 1025 807 1066 Mox
839 1025 925 1081 ipse
955 1024 1139 1066 Frisiam
1175 1025 1403 1081 ingressus,
1440 1025 1645 1083 11posco”,

112 1098 170 1140 sic
199 1097 338 1153 pergit
368 1103 510 1139 noster
541 1117 564 1140 n
584 1111 607 1138 a
639 1097 908 1153 recognitore
941 1094 1271 1146 Cateehismum,
1303 1097 1424 1140 cuius
1444 1113 1542 1154 pars
1562 1099 1646 1140 iam

113 1190 135 1218 lt
160 1169 310 1212 excudi
341 1176 558 1226 coeperat;
597 1169 750 1212 adnoto
782 1185 890 1226 quae
922 1170 1024 1212 mihi
1056 1185 1140 1212 nou
1172 1170 1482 1227 probabantur;
1502 1179 1645 1229 postea

116 1264 138 1291 ῃ
161 1242 399 1284 convocatis
431 1241 620 1298 collegis,
653 1242 703 1283 de
736 1249 897 1285 mutata
927 1241 1118 1284 doctrina
1151 1258 1247 1285 cum
1282 1244 1551 1301 recognitore
1581 1260 1650 1287 ex·

119 1335 141 1361 n
167 1312 361 1370 postulo;
396 1328 548 1355 moneo
580 1328 632 1355 ne
664 1314 705 1355 in
737 1313 918 1356 editione
948 1313 1144 1370 pergat.”
1165 1316 1197 1370 3)
1232 1315 1284 1357 Et
1304 1315 1648 1373 indignabundus

115 1385 203 1428 fere
234 1385 283 1427 ad
318 1384 698 1442 Hardenbergium
729 1386 787 1428 sic
816 1385 980 1428 scribit:
1018 1409 1039 1434 ss
1059 1386 1145 1429 Ubi
1175 1387 1490 1440 intellexissem,
1512 1404 1647 1446 genus

117 1481 139 1507 η
163 1457 377 1501 doctrinae
407 1458 450 1500 in
482 1457 626 1500 libello
658 1464 868 1501 mutatum
901 1474 1001 1508 esse,
1034 1466 1157 1513 atque
1188 1459 1277 1502 illic
1308 1459 1428 1512 tradi,
1452 1475 1560 1516 quae
1581 1477 1648 1504 me

117 1552 139 1579 n
164 1530 233 1573 hic
263 1537 481 1586 praesente
513 1529 769 1586 reprehensa
800 1545 969 1586 semper
1001 1530 1176 1573 fuerunt
1290 1534 1444 1588 faeere
1467 1549 1542 1587 pro
1560 1535 1649 1590 fide

117 1624 139 1651 η
164 1619 210 1645 ae
256 1604 455 1657 diqnz'tace
500 1603 577 1645 mei
621 1604 842 1645 ministerii
886 1619 962 1645 non
995 1604 1131 1657 potui,
1165 1604 1266 1658 quin
1300 1603 1425 1646 huius
1456 1604 1646 1648 Gellium

118 1696 140 1722 η
164 1675 272 1718 serio
302 1673 574 1717 admonerem
698 1683 739 1717 et
771 1690 836 1717 me
869 1682 1065 1732 oportere
1098 1675 1298 1718 adversus
1329 1692 1425 1719 euni
1448 1677 1646 1730 scribere,

119 1769 141 1796 η
165 1748 199 1789 si
243 1747 410 1789 libellus
456 1746 698 1789 ederetur.''
731 1747 763 1804 ⁴)
827 1748 862 1789 E
902 1747 1029 1789 Lasci
1076 1748 1207 1805 igitur
1239 1749 1461 1791 autoritate
1507 1751 1646 1793 omnia

117 1818 196 1861 hac
226 1819 267 1860 in
299 1833 345 1860 re
367 1825 538 1875 peracta
569 1835 670 1872 esse,
694 1818 810 1861 ultro
831 1818 1044 1861 Emdanos
1066 1828 1253 1875 pastores
1273 1819 1400 1863 Lasci
1421 1822 1645 1865 auctorita-

117 1898 201 1933 tem
232 1891 357 1932 etiam
390 1890 570 1933 absentis
603 1891 837 1949 agnovisse,
872 1892 1130 1947 minimeque
1152 1892 1408 1935 haesitanter
1438 1909 1558 1936 suam
1580 1895 1647 1936 ad-

119 1978 264 2006 versus
305 1961 495 2005 Gellium
544 1963 838 2006 auctoritatem
885 1963 1074 2006 Lascum
1123 1964 1436 2021 interposuisse,
1483 1981 1505 2007 e
1538 1966 1647 2010 hisce

119 2034 256 2077 verbis
287 2042 381 2090 apte
411 2035 492 2077 iam
525 2034 791 2091 intelligitur.
825 2034 994 2087 Quibus
1026 2043 1370 2090 consentaneum,
1405 2037 1536 2080 Gellii
1566 2037 1649 2080 edi-

117 2105 272 2147 tionem
306 2119 382 2146 suo
413 2105 504 2146 iure
525 2104 750 2161 interrupit
772 2113 812 2146 et
833 2104 992 2147 distulit
1014 2108 1067 2162 ⁵):
1101 2105 1405 2162 presbyterium
1426 2108 1646 2163 permovit,

119 2184 167 2218 ut
213 2175 344 2219 Gellii
391 2175 692 2229 Catechismus,
736 2177 815 2219 nisi
857 2184 1029 2219 aeterua
1074 2177 1224 2219 obduci
1256 2187 1394 2235 posset
1424 2179 1646 2234 oblivione,

120 2254 358 2291 mutaretur
401 2247 546 2290 saltem
594 2248 635 2290 in
666 2249 716 2291 iis
747 2249 860 2301 locis,
894 2250 965 2305 qui
996 2265 1096 2292 suae
1127 2250 1342 2293 doctrinae
1372 2253 1555 2295 maxime
1586 2253 1646 2295 of-

122 2322 296 2365 ficerent
328 2321 387 2378 ⁶):
421 2319 590 2363 tandem
624 2329 669 2363 ut
700 2329 810 2365 totus
844 2331 1110 2379 premeretur
1141 2324 1279 2366 effecit
1313 2327 1359 2380 ⁷),
1393 2331 1433 2367 et
1464 2331 1549 2368 tota
1579 2325 1648 2368 de-

122 2395 250 2451 nique
282 2394 361 2436 hac
391 2408 437 2436 re
460 2395 686 2450 consopita,
710 2403 931 2451 postquam
957 2396 1169 2438 novissimi
1193 2396 1371 2439 Emdani
1396 2396 1647 2441 catechismi

163 2581 188 2621 ¹)
212 2581 314 2612 IaAscx
340 2580 450 2622 Opera,
473 2580 543 2613 Vol.
567 2581 611 2613 II.
636 2591 667 2623 p.
691 2580 762 2614 712.

164 2637 192 2676 Ξ)
215 2636 351 2675 Ibidem,
374 2637 446 2669 Vol.
469 2637 514 2669 II.
537 2647 569 2678 p.
594 2636 664 2670 711.

167 2693 193 2733 3)
217 2693 351 2726 Ibidem.

163 2749 191 2789 ⁴)
214 2748 347 2788 Ibidem,
371 2748 441 2781 Vol.
466 2749 510 2780 11.
534 2759 564 2790 p.
589 2749 660 2779 695.

163 2806 191 2846 ¹⁵)
214 2805 348 2844 Ibidem,
372 2805 443 2837 Vol.
467 2806 512 2838 ΙΙ.
532 2816 563 2847 p.
586 2806 658 2837 696.

163 2861 190 2901 ὃ)
214 2860 348 2900 Ibidem,
374 2860 442 2893 Vol.
467 2861 509 2892 ΙΙ.
534 2871 565 2902 p.
589 2859 660 2893 712.

163 2918 190 2958 7')
213 2917 348 2957 Ibidem,
372 2916 443 2951 Vol.
466 2916 509 2948 11.
533 2928 563 2958 p.
589 2916 658 2949 (290,
