1818 3178
736 116 795 144 ΕΡ.
824 117 970 145 noers.
1547 110 1618 146 513

89 214 154 252 sed
184 213 431 263 Euangelium
457 214 679 253 testificatur
709 216 819 255 nobis
847 217 894 255 de
921 217 993 256 Dei
1018 217 1289 264 misericordia,
1315 231 1380 270 per
1407 232 1519 270 quam
1538 232 1615 257 ser-

87 293 230 327 vamur,
263 279 364 318 unde
399 284 436 318 et
471 293 492 318 a
531 280 676 319 Ioanne
703 282 949 319 testimonium
977 283 1184 333 appellatur
1211 288 1247 321 et
1283 283 1456 322 Christus
1485 283 1615 321 Euan-

85 343 175 392 gelii
201 357 404 395 praecones
433 348 549 382 teste-⁹
579 351 697 385 vocat.
747 346 811 384 Sic
839 347 1074 385 circumcisio
1101 347 1361 386 testimonium
1389 352 1469 386 erat
1496 347 1615 386 divini

85 407 245 445 foederis
281 407 348 445 icti
376 420 459 445 cum
492 408 710 447 Abrahamo
738 415 775 448 et
802 410 978 449 universo
1005 411 1085 449 eius
1114 412 1266 458 semine,
1292 416 1328 450 et
1354 412 1531 463 quoniam
1558 418 1615 451 te-

84 471 300 510 stimonium
329 472 452 510 verbis
478 473 716 523 potissimum
745 479 906 521 constat,
933 482 1166 515 sacramenta
1193 490 1281 515 vero
1299 477 1444 515 adnexa
1476 478 1616 516 habent

85 535 250 573 visibilia
292 536 478 586 symbola,
513 537 596 575 ideo
633 541 852 589 σφραγῖδες
880 539 992 578 etiam
1031 546 1224 588 vocantur,
1258 543 1359 593 quod
1386 556 1463 581 non
1491 544 1612 582 solum

85 599 229 636 vocalia
256 598 344 644 slat,
372 601 437 638 sed
465 601 629 639 visibilia
657 603 841 653 quaedam
868 608 905 641 et
930 605 1135 655 palpabilia
1159 618 1307 656 quoque
1333 607 1548 645 testimonia
1576 611 1612 645 et

84 664 197 702 veluti
224 665 521 714 obsignationes.
568 667 712 718 Estque
740 668 801 705 hic
829 669 916 707 finis
942 670 1165 721 praecipuus
1193 671 1362 709 omnium
1391 673 1612 710 Sacramen-

80 732 206 765 torum
235 729 312 767 sive
332 730 464 768 veteris
484 731 562 769 sive
581 745 700 771 novae
731 732 930 779 Ecclesiae,
957 738 998 772 ut
1025 735 1102 772 sint
1119 738 1335 787 σφραγῖδες
1355 736 1504 775 divinae
1522 749 1611 787 ergo

82 805 152 830 nos
181 793 471 842 misericordiae,
497 796 536 834 in
564 798 881 847 promissionibus
909 799 1026 838 veluti
1053 800 1271 851 diplomatis
1298 802 1526 852 quibusdam
1546 816 1612 840 no-

82 855 139 894 bis
167 857 328 898 oblatae.
356 860 417 897 Ab
448 860 518 898 hoc
545 862 619 899 fine
648 862 858 913 dependent
887 863 952 901 alii
978 865 1072 902 fines
1101 877 1244 904 omnes.
1274 865 1353 904 Qui
1380 867 1478 904 enim
1500 866 1610 905 fidem

79 921 373 971 promissionum
399 924 441 962 in
468 925 593 963 animo
623 940 689 964 suo
710 940 781 965 usu
804 934 1122 967 sacramentorum
1142 943 1207 980 per
1227 931 1410 981 Spiritum
1432 932 1613 970 Sanctum

78 985 275 1034 obsignari
302 988 428 1035 sentit,
448 989 479 1026 is
499 991 751 1041 proculdubio
782 992 966 1042 cogitabit
995 993 1107 1031 etiam
1135 995 1402 1045 praestandum
1430 996 1504 1033 sibi
1531 1010 1611 1034 esse

78 1050 260 1101 quidquid
289 1059 609 1093 sacramentorum
636 1057 827 1106 mysteriis
856 1057 932 1095 sive
960 1058 1152 1107 allegoriis
1180 1059 1413 1109 designatur.
1482 1061 1611 1099 Quare

79 1129 126 1154 ex
154 1116 227 1154 hoc
253 1118 491 1168 potissimum
518 1121 592 1158 fine
620 1128 941 1160 sacramentorum
969 1137 1038 1160 nos
1067 1136 1217 1162 omnem
1244 1130 1419 1163 naturam
1446 1130 1482 1163 et
1505 1139 1610 1164 usum

79 1181 375 1226 aestimabimus,
401 1187 437 1220 et
464 1184 623 1222 Paulum
653 1185 802 1235 sequuti
828 1191 1062 1224 sacramenta
1094 1190 1321 1239 σφραγῖὲιις
1341 1202 1420 1226 esse
1448 1189 1612 1228 dicemus

78 1247 346 1297 acceptationis
376 1252 527 1287 nostrae
554 1249 595 1287 in
623 1250 785 1299 gratiam
812 1250 897 1296 Dei,
925 1252 1030 1289 verbi
1059 1252 1178 1290 divini
1205 1254 1521 1304 promissionibus
1543 1246 1611 1293 no*-

80 1310 137 1347 bis
164 1311 280 1349 veluti
309 1312 511 1362 diplomate
538 1314 702 1363 quodam
730 1315 892 1359 oblatae,
919 1315 1190 1368 obsignarique
1216 1317 1363 1360 animos
1397 1332 1468 1357 usu
1487 1332 1610 1357 sacra-

77 1378 291 1413 mentorum
328 1377 368 1414 in
404 1377 478 1415 fide
504 1378 813 1428 promissionum,
838 1385 881 1418 ut
908 1394 1000 1432 quas
1028 1383 1143 1419 semel
1170 1383 1499 1434 apprehendimuS,
1526 1398 1610 1436 per-

77 1443 187 1489 petuo
224 1440 361 1478 animis
398 1442 539 1480 nostris
575 1443 774 1494 impressas
810 1448 1015 1484 teneamus,
1073 1447 1135 1484 Sic
1168 1447 1270 1498 ignis
1304 1449 1394 1487 olim
1431 1450 1477 1487 de
1505 1450 1609 1487 coelo

76 1503 295 1553 perveniens
323 1505 580 1557 sacrificiaque
608 1511 731 1545 vetera
761 1521 998 1555 consumens,
1025 1511 1254 1561 obsignabat
1281 1513 1428 1551 animos
1457 1513 1609 1552 illorum

77 1566 116 1604 in
154 1567 227 1605 fide
253 1573 427 1638 acceptae
453 1571 732 1621 promissionis,
759 1586 892 1625 nempe
921 1575 1122 1613 contritam
1151 1589 1232 1614 esse
1259 1578 1448 1616 Sathanae
1475 1584 1609 1630 poten·

75 1629 165 1667 tiam
194 1630 233 1667 in
261 1631 320 1676 iis,
347 1645 508 1682 quorum
538 1633 720 1672 saciificia
751 1635 851 1673 Deus
881 1637 970 1675 dato
998 1639 1199 1676 manifesto
1227 1641 1371 1689 gratiae
1392 1654 1479 1679 suae
1500 1641 1608 1690 siguo

76 1698 318 1745 acceptasset.
360 1697 423 1733 Sic
450 1697 517 1735 iris
546 1697 751 1737 etiamnum
783 1701 962 1750 obsignat
989 1703 1136 1741 animos
1164 1710 1316 1743 nostros
1344 1705 1383 1743 in
1411 1706 1484 1743 fide
1513 1706 1609 1744 divi-

76 1772 145 1798 nae
181 1761 453 1810 promissionis,
490 1763 668 1801 nimirum
703 1778 910 1817 numquam
937 1768 1018 1806 fore
1046 1773 1086 1807 ut
1112 1783 1230 1818 genus
1258 1770 1463 1809 humanum
1492 1772 1608 1809 inter-

76 1823 226 1863 nicione
266 1831 404 1876 pereat.
459 1828 522 1865 Sic
566 1833 602 1866 et
638 1830 679 1867 in
717 1831 893 1869 Abrahae
929 1832 1071 1871 familia
1108 1834 1337 1885 obsignabat
1373 1836 1607 1876 circumcisio

74 1888 220 1926 animos
256 1890 426 1928 omnium
462 1891 502 1929 in
539 1892 612 1930 fide
648 1894 728 1932 eius
764 1896 1038 1946 promissionis,
1074 1912 1145 1949 qua
1174 1913 1212 1938 se
1240 1900 1340 1938 Deus
1369 1901 1544 1940 Abrahae
1572 1906 1608 1941 et

75 1954 227 1992 seminis
264 1955 320 1993 sui
355 1956 523 1994 universi
552 1957 672 1996 Deum
700 1960 779 1998 fore
806 1962 1061 2012 promittebat.
1115 1964 1165 2003 Et
1193 1966 1282 2015 agni
1309 1967 1496 2017 paschalis
1523 1982 1608 2006 esus

76 2019 124 2056 ad
161 2019 325 2058 eundum
354 2021 508 2060 modum
533 2023 646 2061 etiam
673 2024 898 2064 Iudaeorum
928 2028 1072 2066 animos
1101 2030 1142 2067 in
1169 2030 1242 2069 fide
1270 2031 1420 2070 divinae
1446 2034 1608 2083 promis-

74 2083 193 2122 sionis
220 2085 461 2135 obsignabat,
488 2101 560 2138 qua
585 2088 686 2127 Deus
705 2090 795 2137 illis,
823 2105 868 2130 ex
896 2094 1074 2145 Aegypto
1102 2095 1257 2143 eductis,
1279 2110 1317 2135 se
1336 2110 1464 2136 eorum
1488 2098 1607 2137 Deum

73 2152 111 2186 et
145 2149 248 2200 ipsos
284 2152 466 2202 populum
505 2166 614 2191 suum
650 2155 731 2193 fore
766 2156 1028 2207 pollicebatur.
1086 2160 1193 2198 Haec
1229 2164 1270 2198 ut
1299 2161 1399 2199 clara
1428 2166 1529 2208 sunt,
1555 2164 1607 2201 ita

75 2227 161 2252 vera
188 2228 268 2253 esse
294 2216 406 2255 etiarn
435 2231 494 2256 res
521 2218 603 2269 ipsa
630 2223 802 2265 testatur,
823 2222 1007 2273 siquidem
1034 2237 1232 2275 sequamur
1259 2227 1368 2265 Pauli
1396 2227 1606 2266 doctrinam

74 2283 110 2316 et
144 2278 232 2316 fidei
259 2281 472 2330 analogiam
500 2282 728 2325 intueamur.
781 2286 898 2324 Nunc
925 2287 971 2326 de
997 2289 1200 2337 generibus
1227 2295 1263 2329 et
1290 2305 1444 2330 numero
1474 2293 1606 2331 Sacra-

76 2347 287 2382 mentorum
316 2345 497 2386 dicemus.

318 2476 332 2524 §
362 2477 421 2514 14.
476 2478 535 2516 De
557 2480 753 2528 ,qeneribus
781 2487 818 2520 et
845 2496 991 2523 numero
1019 2488 1353 2529 Sao-ramentorum.

126 2603 240 2643 Varia
277 2607 392 2645 statui
428 2613 581 2659 possent
620 2611 949 2652 sacramentorum
982 2629 1133 2665 genera,
1170 2618 1232 2656 sed
1270 2631 1413 2668 eorum,
1438 2634 1532 2673 quae
1559 2623 1606 2661 ad

75 2667 293 2709 institutum
322 2676 493 2712 nostrum
520 2676 720 2725 pertinent,
750 2678 823 2716 duo
852 2684 999 2718 tantum
1027 2695 1164 2731 genera
1191 2697 1389 2735 ponemus.
1435 2688 1607 2726 Alterum

74 2734 191 2784 quod,
227 2736 298 2774 etsi
335 2737 457 2776 Deum
501 2739 623 2790 ipsum
661 2747 832 2782 autorem
870 2745 1017 2794 habeat,
1046 2761 1167 2799 neque
1192 2754 1319 2788 tamen
1346 2752 1467 2790 estin
1495 2752 1608 2790 mini·

77 2799 190 2837 sterio
235 2800 426 2842 Ecclesiae
463 2809 500 2842 et
535 2806 750 2846 adiunctam
788 2809 861 2847 sibi
897 2811 1030 2850 salutis
1071 2814 1327 2854 conditionem
1365 2830 1441 2854 non
1482 2817 1607 2858 habet.

75 2863 201 2903 Huius
236 2868 384 2916 generis
423 2875 510 2910 sunt
546 2871 625 2918 iris,
661 2887 773 2925 quam
810 2875 911 2915 Deus
947 2877 985 2916 in
1014 2880 1179 2920 nubibus
1224 2882 1318 2920 coeli
1347 2883 1545 2922 constituit
1572 2887 1607 2922 et

127 2928 163 2972 I.
1406 2951 1455 2989 34
