1818 3178
1544 88 1618 123 323

88 207 133 232 ex
159 207 235 245 quo
261 193 325 231 ille
351 196 475 231 tamen
502 192 679 232 adversus
707 207 777 232 nos
804 194 1071 232 nihilomnino
1091 195 1256 245 proferre
1271 197 1406 246 potest.
1435 196 1614 244 Agnosco

89 270 207 296 meam
241 257 600 308 interpretationem,
627 259 692 296 sed
718 272 796 297 non
823 272 869 297 ex
895 259 1036 310 meipso
1066 261 1276 306 confictam,
1301 259 1614 310 quemadmodum

88 323 160 361 iste
193 323 376 374 impostor
412 322 587 367 somniat,
623 336 751 362 verum
786 337 832 362 ex
866 324 1062 374 ipsiusmet
1089 324 1221 374 Cyrilli
1248 324 1372 362 verbis
1399 324 1552 376 petitam
1579 329 1615 362 et

95 387 301 433 collectam,
335 386 472 437 quibus
509 387 572 425 ille
607 388 770 439 seipsum
804 388 979 439 explicat,
1014 389 1104 425 dum
1129 389 1260 426 eodem
1285 389 1367 439 ipso
1393 389 1477 426 loco
1504 389 1615 440 paulo

89 456 174 502 post
209 451 332 490 verbis
368 452 554 502 expressis
589 456 760 499 testatur,
795 466 875 491 eam
913 452 1053 490 Christi
1080 453 1278 490 nobiscum
1305 453 1619 498 communionem,

90 516 195 552 iuxta
234 528 344 566 quam
382 515 423 554 in
458 516 569 554 nobis
597 517 927 568 corporaliter
955 517 1117 554 carnis
1144 517 1622 570 etiam000mmunione

89 578 247 625 habitat,
284 584 456 617 constare
492 580 733 630 potissi-(fol.
763 583 934 628 88)mum
970 584 1126 618 naturae
1153 576 1305 619 nos’trae
1330 582 1616 621 identitate.

90 642 171 679 Iam
200 643 230 680 si
265 647 417 694 propter
445 649 600 682 naturae
627 649 778 682 nostrae
804 645 1120 683 identitatem
1148 646 1481 696 corporaliter
1509 647 1619 684 Chri-

88 710 167 743 stus
202 707 242 744 in
271 707 379 745 nobis
408 708 566 755 habitat,
595 713 630 746 et
666 712 821 746 naturae
846 708 886 747 in
914 709 1064 747 Christo
1093 713 1242 747 nostrae
1269 710 1514 749 identitas
1542 724 1616 748 non

87 771 160 808 alia
192 785 231 809 re
273 777 431 818 constat,
457 787 570 824 quam
601 774 739 812 verbi
766 774 1136 821 incarnatione,
1163 775 1478 825 quemadmodum
1504 776 1621 814 Ioan-

88 848 153 873 nes
175 835 282 874 docet
298 859 349 867 —
374 854 392 871 a
407 838 439 874 V
452 851 498 875 er
510 838 614 875 bum
634 839 872 876 incarnatum
891 842 947 876 est
963 842 998 876 et
1016 838 1247 877 domicilium
1260 849 1324 878 seu
1335 840 1617 879 tabernaculum

90 913 198 937 suum
221 902 416 940 constituit
443 902 491 940 in
519 902 685 940 nobis''
702 924 754 933 —
772 902 945 940 ostendat
968 902 1221 953 Westphalus,
1238 916 1310 954 qua
1326 907 1430 954 parte
1449 917 1469 941 a
1487 918 1547 946 me
1563 905 1620 942 lo-

89 976 153 1001 cus
188 964 248 1001 hic
287 965 416 1015 Cyrilli
453 966 684 1016 depravetur.
739 967 816 1003 Aut
852 965 948 1003 enim
988 979 1124 1015 negare
1150 967 1259 1004 illum
1286 971 1446 1018 oportet,
1473 968 1617 1006 fontem

88 1028 375 1068 identitatis
413 1034 568 1068 naturae
604 1036 754 1068 nostrae
788 1031 828 1068 in
866 1031 1014 1069 Christo
1061 1031 1172 1069 situm
1209 1045 1288 1070 esse
1323 1032 1363 1069 in
1397 1033 1534 1071 verbi
1561 1033 1622 1071 in-

89 1093 317 1140 carnatione,
353 1094 452 1145 quod
489 1094 640 1145 quidem
676 1094 822 1145 Erinny
866 1107 952 1132 suae
986 1095 1251 1145 permittimuS.
1304 1096 1393 1142 Aut,
1420 1097 1452 1134 si
1477 1097 1517 1134 id
1544 1110 1622 1135 non

88 1162 211 1206 neget,
237 1162 315 1196 tum
345 1172 433 1196 sane
461 1172 566 1196 suam
593 1160 674 1210 ipse
700 1159 919 1197 mendacem
944 1159 1216 1210 impudentiam
1242 1160 1388 1210 prodet,
1416 1160 1506 1198 dum
1523 1174 1544 1197 a
1560 1174 1620 1198 me

86 1221 208 1260 locum
249 1223 381 1272 Cyrilli
419 1223 612 1274 depravari
648 1225 817 1269 affirmat,
853 1224 953 1274 quia,
990 1224 1091 1274 quod
1131 1224 1194 1261 ille
1223 1229 1377 1262 naturae
1403 1225 1443 1263 in
1471 1225 1620 1263 Christo

88 1290 239 1325 nostrae
264 1287 528 1326 identitati
564 1288 699 1326 diserte
725 1289 872 1335 tribuit,
898 1289 937 1326 id
964 1301 1034 1338 ego
1063 1289 1299 1327 referendum
1326 1303 1407 1327 esse
1433 1290 1550 1328 doceo
1575 1292 1621 1328 ad

89 1350 232 1389 fontem
268 1351 392 1402 ipsum
430 1352 540 1391 huius
580 1353 899 1400 identitatis,
936 1353 1057 1405 ipsam
1101 1354 1256 1405 inquam
1289 1355 1428 1393 verbi
1466 1355 1623 1394 incar-

86 1415 352 1456 nationem.

595 1486 656 1523 35.
1240 1483 1374 1523 Ioan.
1402 1483 1425 1522 ὲ,
1452 1484 1621 1526 Lasoo.

460 1547 792 1599 Westphalus.
1128 1571 1137 1581 ·
1244 1548 1294 1586 Et
1319 1549 1393 1596 hic,
1411 1550 1499 1600 quia
1516 1554 1622 1588 utro-

141 1615 349 1664 Perspicue
382 1615 474 1652 satis
502 1627 526 1650 a
559 1613 694 1661 Cyrillo
723 1614 864 1663 scripta
895 1615 940 1651 de
966 1614 1160 1651 Euchari-
1213 1626 1285 1664 que
1312 1614 1482 1664 sequenti
1507 1615 1621 1653 Para-

92 1682 164 1718 stia
193 1681 456 1728 detorquentur
484 1678 531 1715 ab
559 1679 640 1726 ipso
668 1679 722 1715 ad
749 1680 825 1716 eius
852 1679 1162 1716 incarnationem.
1216 1678 1359 1729 grapho
1388 1678 1433 1716 de
1450 1679 1535 1716 loco
1551 1680 1626 1730 Cy-

90 1744 250 1792 Cyrinus
286 1744 380 1780 enim
416 1755 491 1779 non
517 1743 681 1791 loquitur
708 1743 753 1780 de
775 1743 1068 1792 participatione
1097 1756 1166 1779 na·
1218 1741 1295 1779 rilli
1329 1742 1460 1780 eodem
1498 1744 1623 1794 loqui·

87 1810 213 1849 turali,
251 1821 326 1857 qna
366 1807 530 1845 Christus
555 1809 687 1854 factus
715 1814 767 1844 est
789 1809 983 1856 particeps
1011 1814 1161 1845 nostrae
1213 1811 1287 1854 tur,
1328 1807 1375 1844 ad
1420 1812 1621 1860 utrumque

88 1879 261 1914 naturae,
308 1883 391 1907 cum
434 1884 542 1908 verus
576 1871 682 1908 homo
718 1877 829 1908 natus
865 1878 918 1908 est
952 1884 996 1908 ex
1033 1873 1164 1908 Maria
1219 1871 1451 1909 simuletiam
1464 1885 1620 1923 respon-

87 1938 243 1985 vimine,
279 1937 324 1973 de
361 1948 437 1984 qua
466 1937 666 1983 Apostolus
693 1936 769 1973 ait:
799 1935 980 1974 Christum
1009 1948 1171 1972 commu·
1226 1935 1335 1974 debo.
1365 1936 1622 1983 Ostendiiam,

93 2002 241 2037 nicasse
282 2000 394 2036 carni
428 2006 460 2036 et
486 2000 675 2047 sanyuz‘ni,
702 2001 769 2036 sed
795 2001 839 2036 de
859 2000 1167 2048 participatione,
1222 2000 1416 2049 cyrillum,
1442 2001 1482 2038 in
1500 2002 1620 2052 expli·

91 2077 167 2113 qua
204 2074 270 2100 nos
306 2065 362 2100 illi
396 2064 658 2111 coniungimur
695 2069 727 2100 et
755 2064 833 2111 ipse
860 2065 899 2099 in
927 2064 1030 2099 nobis
1057 2064 1164 2100 Jzabi-
1219 2063 1338 2100 canda
1391 2063 1621 2113 Euangelica

87 2136 152 2167 tat.
204 2129 293 2167 Non
320 2128 412 2176 quid
438 2126 574 2164 Christi
600 2129 824 2172 incarnatio,
852 2129 918 2165 sed
946 2129 1036 2177 quid
1062 2141 1162 2165 com-
1215 2128 1281 2164 illa
1298 2128 1383 2165 vitis
1402 2132 1438 2166 et
1457 2129 1618 2178 (fol.89)

90 2194 213 2230 munio
249 2194 419 2241 corporis
456 2199 488 2229 et
523 2193 718 2241 sanquinis
757 2194 901 2238 Christi,
931 2206 1026 2241 quae
1053 2195 1166 2230 suini·
1219 2193 1416 2243 palmitum
1444 2193 1618 2232 similitu-

89 2271 169 2295 mus
196 2259 234 2294 in
261 2257 523 2300 Eucharistia,
549 2257 588 2293 in
615 2257 719 2294 nobis
749 2257 903 2305 efficiat,
930 2258 1047 2295 docet.
1224 2256 1322 2303 dine,
1387 2258 1618 2308 corporalem

595 2322 655 2358 36.
1216 2320 1357 2358 Christi
1414 2320 1454 2359 in
1507 2323 1617 2360 nobis

140 2386 229 2422 Non
273 2385 373 2429 dicit,
418 2397 485 2420 nos
521 2397 657 2422 coenae
694 2385 896 2422 testimonio
933 2385 1071 2432 doceri,
1106 2398 1171 2422 nos
1223 2384 1508 2432 habitationem,
1526 2400 1618 2437 qua-

93 2449 236 2487 Christo
282 2449 497 2486 coniunctos
541 2461 618 2486 esse
654 2455 687 2486 et
721 2449 822 2485 illum
858 2450 1018 2486 vicissim
1063 2449 1168 2486 nobis
1219 2452 1329 2487 tenus
1354 2449 1459 2487 illam
1477 2450 1523 2488 ad
1545 2464 1616 2488 no-

89 2521 252 2551 naturae
277 2514 464 2550 humanae
488 2514 794 2561 participatione,
818 2514 885 2550 scd
901 2514 1066 2550 virtutem
1087 2525 1163 2560 my-
1217 2516 1314 2551 strae
1331 2513 1372 2551 in
1383 2514 1533 2552 Christo
1550 2529 1617 2553 na-

90 2579 206 2615 sticae
250 2578 511 2615 benedictionis
553 2578 686 2624 facere
729 2578 976 2625 corporaliter
1022 2590 1166 2626 qnoque
1192 2566 1195 2568 ι
1217 2580 1324 2615 turae
1381 2577 1613 2617 identitatem

62 2651 66 2655 ’
93 2642 275 2681 Christum
311 2644 640 2680 communicatione
677 2643 806 2679 carnis
848 2643 887 2678 in
922 2643 1026 2679 nobis
1054 2643 1162 2679 liabi—
1185 2674 1191 2677 .
1213 2642 1338 2688 refert,
1372 2642 1501 2680 eadem
1528 2658 1616 2682 sane

90 2715 191 2753 tare,
233 2721 300 2745 suo
336 2720 492 2756 corpore
526 2721 596 2756 per
631 2708 919 2744 communionem
963 2710 1154 2755 mysticam
1207 2720 1320 2758 opera
1333 2708 1614 2760 adipsamquo-

90 2773 278 2810 credentes
323 2773 546 2813 benedicere.
593 2779 626 2809 et
660 2784 782 2809 secum
817 2772 913 2808 inter
950 2784 1016 2808 nos
1051 2785 1164 2809 unum
1217 2784 1288 2822 que
1316 2771 1419 2809 verbi
1438 2773 1613 2812 incarna-

89 2848 225 2887 corpus
252 2836 480 2886 esficere‚—
500 2837 590 2886 quia
617 2849 730 2874 unum
757 2848 879 2874 omnes
896 2848 1035 2885 panem
1052 2849 1161 2873 man-
1212 2836 1353 2874 tionem
1433 2838 1614 2885 retulisse,

1391 2900 1465 2940 21*
