1818 3178
131 144 202 183 172
479 149 529 175 DE
558 143 837 174 sAcRAMEN‘rrs
867 141 1078 169 EchEsIAE
1106 142 1283 170 enaisri.

177 252 348 290 Diximus
375 261 514 299 semper
540 250 576 285 et
601 259 701 283 nunc
728 244 896 290 dicimus,
931 243 1144 281 adiunctam
1170 256 1249 281 esse
1277 244 1395 292 signis
1426 255 1635 281 sacramen-

127 316 264 353 talibus
298 315 335 351 in
371 311 535 361 legitimo
573 313 882 347 sacramentorum
923 320 994 344 usu
1029 306 1329 355 obsignationem
1367 310 1516 344 nostrae
1552 319 1635 344 cum

128 380 273 418 Christo
316 377 475 414 Domino
514 373 798 415 communionis,
831 385 907 409 non
942 374 1089 409 tantum
1125 371 1355 421 praeteritae,
1388 371 1494 421 quasi
1527 371 1638 408 semel

128 443 245 479 delata
280 444 342 477 aut
376 438 448 475 iam
487 437 636 474 cessarit
669 439 732 472 aut
763 433 983 484 interrumpi
1011 433 1094 481 (fol.
1124 435 1207 480 682)
1233 433 1273 471 in
1302 433 1441 471 Christi
1469 433 1637 471 Ecclesia

126 504 253 556 possit,
281 502 341 540 sed
368 501 570 552 praesentis
599 512 752 550 semper,
777 503 818 535 ut
843 498 907 535 illa
934 510 1018 535 vere
1045 496 1092 534 ad
1120 502 1285 534 nostram
1313 499 1468 535 salutem
1497 511 1639 548 semper

126 569 245 610 etiam,
271 566 436 604 omnium
463 568 586 602 autem
614 562 954 611 significantissime
980 562 1018 598 in
1038 574 1108 598 usu
1127 561 1293 610 legitimo
1315 563 1638 600 Saeramentorum

125 633 299 675 fruamur,
324 630 498 679 illiusque
525 627 834 678 complementum
862 629 897 663 et
923 625 1215 662 illustrationem
1243 626 1312 663 sub
1341 639 1415 677 spe,
1432 630 1474 664 ut
1497 626 1637 664 dictum

124 700 190 738 est,
218 693 420 732 certissima
448 695 692 743 expectemus.

177 759 247 796 Sed
282 759 335 795 ita
370 770 449 795 esse
482 756 696 793 adiunctam
725 754 893 798 dicimus,
919 758 954 791 et
982 766 1125 804 semper
1152 752 1326 798 diximus,
1352 766 1432 791 eam
1460 753 1637 803 obsigna-

123 825 260 863 tionem
297 822 413 872 signis
449 822 783 864 Sacramentorum,
819 819 889 856 hoc
924 822 989 864 est,
1023 818 1218 855 institutae
1253 831 1273 855 a
1305 818 1464 856 Domino
1496 819 1638 856 formae

123 890 294 924 externae
321 898 383 922 seu
411 883 637 922 ceremoniae
663 883 826 925 illorum,
853 894 930 918 non
959 885 997 918 111
1025 880 1141 930 signis
1168 879 1258 931 ipsis
1278 893 1450 918 eorumve
1479 881 1639 918 elemen-

122 952 170 989 tis
197 950 342 988 realiter
369 948 631 1000 quoquomodo
658 947 872 984 includatur
899 959 941 983 ae
967 945 1070 990 insit,
1096 958 1217 995 neque
1243 945 1332 982 item
1357 958 1422 996 per
1450 945 1556 993 signa,
1581 946 1639 996 ip-

125 1030 175 1059 sa,
202 1014 363 1052 ministri
388 1013 540 1063 inquam
567 1025 657 1062 opus
687 1015 973 1061 χειροποίητον,
1004 1010 1240 1059 signorumve
1263 1010 1441 1047 elementa
1464 1010 1637 1047 exhibea-

123 1084 184 1117 tur
219 1078 436 1129 praebeatur
472 1089 513 1113 ac
548 1076 760 1127 porrigatur
797 1074 874 1122 (his
910 1074 1008 1111 enim
1047 1073 1199 1111 vocibus
1235 1074 1430 1124 plerosque
1455 1074 1511 1111 uti
1538 1074 1640 1111 vide-

124 1143 236 1189 mus),
275 1141 338 1178 sed
363 1144 405 1178 ut
431 1139 613 1177 institutis
641 1152 660 1176 a
689 1135 766 1176 Deo
796 1137 926 1187 signis,
953 1138 1052 1175 velut
1079 1137 1286 1175 involucris
1314 1137 1550 1188 quibusdam,
1578 1138 1640 1175 de-

124 1206 268 1254 signata
302 1217 367 1255 per
402 1203 573 1254 spiritum
609 1206 779 1240 sanctum
816 1201 951 1239 animis
987 1201 1098 1239 simul
1127 1202 1266 1239 nostris
1293 1201 1345 1239 ita
1372 1202 1565 1251 infigatur,
1601 1206 1640 1239 ut

125 1283 192 1308 nos
227 1269 266 1306 in
300 1268 464 1317 legitimo
507 1268 830 1304 Sacramentorum
865 1279 936 1303 usu
973 1278 1056 1303 vere
1091 1266 1138 1302 ad
1176 1266 1332 1303 salutem
1371 1270 1537 1303 nostram
1571 1266 1639 1302 ob·

125 1333 264 1382 signari
297 1333 336 1370 in
371 1332 509 1369 nostris
537 1331 710 1368 cordibus
739 1330 941 1368 sentiamus
967 1329 1007 1367 in
1036 1334 1163 1367 nostra
1191 1342 1275 1366 cum
1303 1329 1450 1367 Christo
1479 1329 1640 1367 Domino

125 1397 403 1434 communione:
432 1396 632 1433 sentiamus
658 1395 747 1432 item
775 1407 843 1431 nos
871 1394 933 1431 illa
963 1407 1046 1431 vere
1074 1394 1148 1431 frui
1174 1393 1222 1430 ad
1249 1393 1362 1431 vitam
1390 1397 1576 1431 aeternam
1605 1398 1641 1432 01

124 1462 201 1499 eius
229 1462 391 1498 futuram
417 1460 536 1497 adhuc
562 1459 848 1497 illustrationem
877 1458 1090 1496 indubitato
1119 1462 1366 1509 expectemus.

176 1526 279 1564 Haec
313 1539 423 1576 porro
458 1525 522 1575 qui
548 1525 644 1562 intra
673 1537 751 1561 sese
778 1537 862 1561 vere
889 1523 1055 1561 sentiunt
1082 1524 1164 1571 (fol.
1195 1524 1281 1571 68¹³)
1312 1524 1406 1560 circa
1434 1536 1543 1560 usum
1573 1524 1640 1559 Sa-

126 1593 405 1632 cramentorum,
440 1589 548 1626 facile
582 1588 810 1637 intelligunt,
845 1600 913 1625 nos
942 1588 1032 1625 satis
1062 1591 1269 1625 reverenter
1296 1591 1332 1624 et
1360 1587 1466 1637 loqui
1494 1592 1530 1624 et
1557 1600 1640 1624 sen-

124 1654 192 1691 tire
220 1655 263 1691 de
291 1667 360 1690 usu
387 1653 551 1702 legitimo
580 1657 615 1690 et
643 1653 759 1702 signis
789 1654 1125 1690 Sacramentorum.

176 1718 256 1754 Iam
283 1730 368 1754 vero
396 1716 599 1754 observatis
626 1716 728 1754 hisce
755 1717 929 1754 omnibus
955 1717 995 1753 in
1024 1715 1255 1753 Sacramenti
1276 1715 1506 1761 diffinitione,
1533 1716 1643 1754 facile

126 1781 283 1819 discerni
315 1794 422 1832 posse
455 1785 627 1831 putamus
662 1795 779 1830 genus
814 1781 885 1818 hoc
922 1782 1257 1826 Sacramentorum,
1294 1781 1338 1818 (10
1374 1793 1446 1831 quo
1476 1786 1641 1818 nostram

126 1845 186 1881 hic
217 1845 476 1882 tractationem
509 1845 759 1882 instituimus:
798 1858 906 1895 posse
942 1846 1031 1882 item
1067 1845 1240 1894 intelligi,
1268 1845 1330 1881 ubi
1357 1845 1505 1895 pondus
1532 1858 1642 1882 omne

127 1909 459 1946 controversiarum
494 1909 532 1945 in
562 1922 599 1945 re
628 1909 920 1946 Sacramentaria
950 1910 1142 1952 consistat,
1180 1914 1215 1947 et
1241 1910 1341 1947 unde
1366 1910 1548 1960 imprimis
1575 1923 1640 1947 ex-

125 1978 226 2010 ortae
253 1987 330 2010 esse
358 1973 543 2011 videntur.
591 1974 763 2024 Superest
790 1974 875 2018 iam,
904 1978 956 2015 111,
984 1974 1186 2012 constituto
1218 1976 1551 2012 Sacramentorum
1576 1988 1640 2023 ge-

126 2051 210 2075 nere
246 2038 359 2075 veluti
396 2039 509 2075 classe
544 2038 716 2088 quadam,
752 2038 795 2076 de
823 2053 977 2076 numero
1007 2039 1178 2090 deinceps
1204 2040 1355 2077 illorum
1383 2053 1556 2088 agamus.
1598 2044 1639 2077 ut

126 2107 287 2138 nostram
325 2102 431 2145 hanc,
467 2103 517 2138 ita
554 2106 594 2138 ut
621 2106 676 2138 est
703 2103 897 2152 explicata,
934 2103 1191 2147 diffinitionem
1219 2108 1254 2141 et
1281 2107 1403 2154 partes
1430 2104 1530 2141 illius
1559 2117 1639 2140 om·

127 2179 189 2202 nes
226 2166 263 2202 111
300 2166 455 2214 singulis
491 2166 567 2204 eius
600 2167 745 2215 generis
783 2169 1029 2205 Sacramentis
1066 2169 1197 2206 ordine
1234 2182 1297 2206 suo
1345 2176 1640 2207 commonstrare

124 2230 319 2278 possimus.

177 2294 305 2342 Neque
340 2294 553 2341 ignoramus
591 2307 762 2343 magnam
789 2298 824 2332 et
853 2295 912 2332 hio
938 2309 1017 2333 esse
1043 2296 1287 2347 interpretum
1314 2296 1545 2341 varietatem,
1576 2296 1639 2333 sed

125 2370 192 2394 nos
228 2370 268 2393 ca
303 2361 447 2393 tantum
486 2358 721 2396 Sacramenta
759 2359 798 2395 111
836 2364 1000 2397 nostram
1038 2360 1134 2398 hanc
1172 2361 1326 2398 classem
1356 2360 1567 2411 recipimus,
1600 2360 1638 2398 in

125 2420 259 2470 quilius
286 2426 411 2456 nostra
440 2420 528 2457 haec
555 2421 736 2465 diffinitio,
764 2423 865 2459 verbi
893 2423 1031 2474 alioqui
1058 2424 1175 2461 divini
1203 2425 1404 2461 autoritate
1433 2424 1506 2460 iam
1537 2436 1636 2460 com-

124 2483 290 2533 probata,
316 2487 507 2532 partesque
533 2484 631 2521 illius
659 2498 798 2529 omneS‚
825 2486 869 2523 ad
900 2501 1012 2524 unum
1040 2493 1148 2538 atque
1176 2488 1330 2525 eundem
1358 2487 1512 2524 modum
1537 2500 1638 2524 00111-

123 2546 324 2583 monstrari
353 2552 500 2596 queant.
896 2546 899 2549 ’

176 2612 265 2648 Cum
301 2611 417 2658 igitur
443 2625 464 2647 a
490 2611 587 2661 Papa
616 2613 782 2651 Romano
811 2620 947 2665 septem
976 2617 1213 2654 Sacramenta
1241 2617 1428 2654 numerari
1455 2618 1638 2661 audimus,

124 2689 252 2725 nempe
292 2674 519 2724 Baptismum
557 2677 881 2717 Confirmationem
919 2681 1198 2719 Confessionem
1231 2681 1411 2719 Ordinem
1440 2683 1522 2730 (fol.
1553 2686 1636 2729 69³)

124 2739 348 2787 Coniugium
377 2739 537 2775 Coenam
576 2739 725 2784 Domini
760 2747 794 2779 et
827 2748 1039 2789 extremam,
1076 2759 1186 2795 quam
1214 2751 1360 2786 vocant,
1389 2746 1633 2789 Unctionem,

121 2802 362 2851 postulamus,
399 2805 441 2838 ut
475 2801 514 2838 in
552 2801 705 2849 singulis
740 2804 813 2840 illis
851 2811 977 2843 nostra
1016 2808 1124 2845 nobis
1162 2809 1331 2846 diffinitio
1361 2810 1405 2846 ad
1434 2823 1549 2846 unum
1577 2813 1635 2847 at-

122 2878 192 2915 quc
218 2864 374 2902 cundem
400 2864 552 2902 modum
581 2872 901 2906 commonstretur.
938 2870 1018 2907 Nos
1046 2871 1083 2908 in
1113 2872 1258 2910 duobus
1287 2873 1480 2919 duntaxat,
1509 2887 1638 2923 nempe

120 2930 158 2966 in
187 2929 376 2979 Baptismo
404 2932 440 2967 et
469 2930 590 2967 Coena
619 2930 781 2977 Domini,
810 2936 1093 2972 commonstrari
1119 2949 1227 2986 posse
1254 2937 1432 2976 videmus.
