1818 3178
197 161 325 190 LXXVI
828 149 1066 180 PRAEFATIO.

185 263 394 306 calculum
437 272 599 316 quoque
629 254 775 298 adiecit
807 253 873 298 Cl.
907 250 1110 295 Hofstede
1140 249 1190 292 de
1221 249 1358 293 Groot
1389 249 1435 307 ³),
1467 255 1514 292 ut
1544 264 1689 294 verum

187 336 328 383 fatear,
361 328 611 389 gravissimis
641 325 741 368 mihi
771 325 965 367 videntur
996 322 1174 364 obnoxia
1202 337 1290 363 esse
1323 319 1469 370 dubiis,
1502 320 1689 363 minime-

182 421 263 461 que
305 404 344 445 id
384 402 555 448 efficere,
603 397 714 454 quod
745 396 986 439 sustinuerit
1015 393 1227 436 Vinkius:
1275 393 1382 434 hanc
1412 406 1561 447 nempe
1592 407 1616 434 a
1645 407 1689 434 se

150 502 156 508 -
185 475 385 532 prolatam
408 470 701 513 confessionem
735 483 862 510 unam
889 479 1059 523 prorsus
1085 463 1345 518 eandemque
1375 477 1463 504 esse
1495 478 1593 504 cum
1622 478 1684 513 ea,

183 559 303 600 quam
323 541 515 597 Longius
535 545 679 581 narrat
710 554 746 580 a.
772 539 881 580 1551
901 538 941 578 in
969 550 1089 577 usum
1117 533 1450 589 Peregrinorum
1475 533 1687 575 Ecclesiae

180 615 362 658 Londini
394 613 514 654 fuisse
547 611 712 654 editam.
763 610 956 651 LONGms
987 607 1082 648 dicit
1113 621 1205 648 eam
1236 605 1391 647 editam
1422 605 1547 647 fuisse
1576 604 1691 647 Lon-

180 685 262 726 dini
304 699 340 726 a.
383 683 513 724 1551:
545 688 688 722 contra
719 679 946 735 exemplar,
980 677 1090 733 quod
1133 677 1242 718 eruit
1273 675 1472 726 Vinkius,
1503 691 1540 719 a.
1575 677 1685 718 1565

180 754 337 796 Emdae
367 752 484 809 prelo
515 750 710 792 Ctematii
739 750 938 792 submissa
971 748 1061 791 fuit.
1123 747 1341 788 Differuut
1385 747 1526 802 itaque
1567 746 1683 789 locus

180 840 263 882 quo
279 832 317 866 et
333 822 618 881 typographus
646 823 764 864 cuius
787 821 894 878 typis
920 834 1071 861 excusa
1093 824 1163 869 est,
1187 817 1329 859 differt
1353 832 1518 873 quoque
1536 833 1684 870 annus,

179 911 313 951 neque
342 895 469 950 ipsius
500 893 677 948 denique
707 892 814 934 tituli
845 897 1105 947 argumenta,
1138 896 1184 931 ut
1207 888 1315 930 infra
1336 888 1509 937 dicetur,
1541 903 1689 930 conve·

178 965 309 1007 niunt.
343 963 437 1020 Ipse
453 963 635 1006 Vinkius
656 963 733 1004 hoc
763 961 982 1003 discrimen
1014 960 1237 1015 diligenter
1259 959 1425 1014 quidem
1457 959 1684 1010 annotavit,

179 1043 218 1078 at
249 1050 347 1077 vero
378 1035 440 1076 his
470 1033 601 1076 tribus
632 1033 802 1075 internis
833 1031 1094 1087 argumentis
1125 1030 1302 1072 alteram
1332 1030 1505 1072 alterius
1536 1030 1684 1086 repeti·

179 1113 260 1148 tam
294 1105 511 1147 editionem
542 1120 627 1147 esse
672 1102 900 1160 perhibuit:
947 1104 1004 1145 10.
1040 1102 1258 1156 utriusque
1289 1101 1556 1143 confessionis
1586 1116 1688 1142 eun-

179 1176 271 1218 dem
302 1191 388 1218 esse
417 1175 539 1216 finem
571 1181 693 1230 atque
725 1173 955 1224 consilium,
1001 1174 1060 1215 20.
1093 1172 1135 1213 in
1167 1178 1346 1228 utraque
1377 1171 1539 1213 silentio
1569 1187 1688 1228 prae·

179 1247 350 1289 termitti
394 1246 443 1288 de
489 1261 533 1287 re
579 1245 899 1287 sacramentaria
945 1243 1260 1291 controversias,
1299 1250 1338 1284 et
1377 1242 1436 1285 30.
1469 1251 1684 1298 utrunque

180 1316 368 1359 libellum
399 1316 694 1358 confessionem
723 1315 877 1357 Christi
909 1329 1164 1370 magnopere
1194 1328 1363 1369 urgere,
1394 1338 1449 1346 —-·
1479 1330 1502 1355 e
1534 1312 1686 1369 quibus

180 1387 404 1430 secundum
448 1394 756 1443 argumentum,
790 1393 836 1427 ut
869 1386 1001 1441 magis
1032 1385 1265 1437 fortuitum,
1296 1384 1467 1440 plurimi
1498 1384 1686 1427 hauddu-

181 1459 244 1501 bie
276 1457 508 1500 faciendum
539 1473 636 1508 esse,
669 1458 759 1513 quis
791 1472 873 1498 non
896 1456 1034 1498 videt?
1068 1454 1288 1508 Quaenam
1309 1456 1396 1499 scil.
1420 1455 1684 1511 reliquorum

176 1536 280 1571 esset
312 1530 381 1580 vis,
415 1527 484 1569 ubi
515 1528 696 1569 medium
726 1528 771 1569 iis
803 1528 1017 1583 eripiatur,
1051 1526 1243 1583 equidem
1276 1542 1360 1568 non
1392 1526 1525 1569 video.
1586 1526 1683 1568 Hoc

177 1605 315 1642 autem
359 1598 586 1640 secundum
633 1605 929 1654 argumentum
973 1597 1206 1653 approbare
1248 1605 1425 1640 conatur
1470 1598 1532 1639 vir
1564 1595 1681 1639 Clar-

178 1670 240 1711 his
283 1669 408 1711 Lasci
459 1669 613 1711 verbis:
657 1692 678 1717 ι]
699 1667 820 1720 Quae
866 1669 1029 1723 quidem
1064 1669 1203 1711 omnia
1232 1667 1339 1710 bona
1369 1669 1450 1710 iam
1483 1683 1535 1710 ex
1565 1674 1685 1724 parte

182 1764 203 1789 n
226 1741 283 1782 ita
312 1756 353 1782 se
384 1739 534 1782 habere
565 1740 819 1783 ostendimus
848 1749 889 1782 et
920 1740 1075 1782 elarius
1104 1740 1240 1782 adhuc
1271 1740 1305 1781 si
1335 1740 1542 1782 Dominus
1572 1738 1685 1781 volet

183 1833 204 1859 η
228 1825 301 1866 per
331 1811 419 1852 eius
450 1811 631 1867 gratiam
663 1810 971 1862 ostendemus,'’
1004 1812 1036 1868 ²)
1082 1825 1187 1865 quae
1219 1811 1445 1866 aptissime,
1477 1811 1509 1852 si
1540 1825 1685 1866 reapse

179 1881 229 1923 de
276 1881 395 1924 Conf.
442 1881 577 1924 Lond.
619 1883 773 1939 scripta
804 1890 952 1935 essent,
987 1898 1083 1925 eum
1116 1883 1226 1925 hisce
1257 1883 1387 1938 ipsius
1418 1882 1685 1924 confessionis

180 1950 314 1993 verbis
352 1951 642 1993 concinerent:
692 1975 712 1999 ι]
731 1967 808 1994 van
850 1951 1058 1994 dewelclze
1100 1952 1172 2010 (sc.
1205 1951 1254 1993 de
1285 1951 1573 2008 sacramentis)
1609 1966 1684 1993 ooc

183 2045 204 2069 ῃ
228 2020 400 2063 breeder
439 2024 578 2078 tsijner
623 2022 778 2077 plaatse
822 2024 997 2080 gezeydt
1040 2023 1101 2065 sal
1139 2039 1289 2074 wesen,
1335 2023 1395 2065 als
1427 2025 1490 2080 wij
1524 2038 1601 2065 van
1634 2022 1685 2065 de

184 2115 205 2139 v
229 2092 359 2134 forme
390 2091 492 2133 ende
522 2092 791 2150 ghebruycke
811 2094 884 2135 der
904 2094 1202 2137 Sacramenten
1226 2094 1428 2136 handelen
1451 2094 1631 2137 sullen.''
1650 2095 1682 2150 ³)

184 2163 304 2204 Haec
347 2170 484 2205 tamen
519 2165 842 2220 argumentatio,
874 2166 906 2207 si
939 2166 1036 2220 quid
1067 2166 1200 2215 video,
1247 2166 1365 2208 cadat
1407 2182 1572 2208 necesse
1603 2173 1685 2208 est:

174 2237 347 2289 primum
378 2234 487 2290 quod
517 2237 658 2292 priora
687 2236 762 2278 illa
793 2236 931 2287 verba,
964 2253 985 2278 e
1014 2237 1140 2279 Lasci
1171 2236 1223 2279 ad
1254 2236 1573 2294 Sigismundum
1603 2236 1686 2293 epi-

182 2305 288 2346 stola
331 2304 466 2355 allata,
497 2307 666 2348 minime
696 2306 1007 2350 Londinensem
1039 2308 1352 2352 confessionem
1383 2315 1583 2365 spectant,
1615 2307 1686 2350 sed

183 2390 283 2418 vero
313 2391 360 2417 ea
401 2390 504 2430 quae
545 2376 735 2433 paullum
767 2385 889 2422 antea
918 2380 959 2422 in
990 2381 1069 2423 hac
1098 2382 1186 2437 ipsa
1217 2381 1390 2438 epistola
1421 2381 1471 2424 ad
1502 2397 1686 2438 arguen-

182 2446 276 2488 dam
322 2446 663 2490 Lutheranorum
703 2449 1026 2494 delitescentiam
1068 2452 1320 2509 protulerat;
1372 2459 1452 2496 tum
1495 2452 1605 2509 quod
1633 2452 1686 2496 ad

182 2516 488 2560 Londinensem
530 2518 841 2564 Confessionem
873 2522 974 2565 haec
1005 2524 1131 2566 verba
1160 2524 1317 2567 idcirco
1348 2526 1498 2567 referri
1529 2539 1684 2580 neque-

223 2664 248 2702 ¹)
272 2664 353 2696 Ibid.
376 2665 406 2695 in
431 2666 625 2706 praefatione
648 2678 678 2709 p.
701 2678 760 2700 vn.
782 2670 955 2712 Astipulati
978 2671 1094 2704 Vinkio
1118 2684 1241 2716 quoque
1264 2677 1338 2706 sunt
1369 2675 1417 2706 Cl.
1439 2682 1510 2705 ΠΝ
1533 2673 1683 2704 Oosnm-

183 2727 251 2754 zen,
284 2719 474 2749 JaarboeA-en
507 2730 583 2751 voor
613 2724 770 2755 wecensclz.
798 2725 898 2757 Theol.
929 2725 1018 2758 VIII.
1040 2737 1071 2768 p.
1095 2727 1156 2760 736
1179 2731 1209 2759 et
1232 2728 1265 2760 in
1295 2729 1460 2760 Waarlzeid
1481 2728 1515 2758 in,
1536 2728 1635 2769 liefde
1657 2739 1685 2762 a.

184 2773 326 2857 1839.Vp.
348 2774 418 2812 922,
442 2778 476 2806 ut
499 2778 529 2807 et
551 2776 598 2807 CI.
622 2778 819 2818 Muunnmo,
845 2780 923 2812 Over
943 2782 982 2813 de
1003 2783 1070 2814 eolat
1092 2783 1228 2818 christel.
1251 2784 1328 2825 Bey.
1351 2794 1417 2818 enz.
1441 2785 1538 2817 Gron.
1561 2784 1657 2818 1849.

242 2830 250 2865 )
304 2837 394 2867 miza,
419 2841 446 2861 o.
470 2830 490 2861 1.
513 2841 544 2872 p.
567 2831 638 2863 281.

223 2884 250 2920 ³)
276 2884 374 2915 laisei
400 2885 508 2925 Opera,
534 2886 602 2918 vol.
629 2887 669 2918 ll.
695 2888 763 2920 327.
