1818 3178
667 114 783 142 puae.
815 115 904 143 tun-v.
935 115 1128 142 mmxcor.
1589 107 1659 143 261

133 229 282 266 aquae
308 214 559 261 videntur,
586 229 707 267 pane
734 221 778 255 et
806 218 931 256 vino.
975 218 1032 256 Et
1059 219 1329 269 loquuntur
1357 218 1410 256 de
1436 231 1658 269 praesen-

131 279 230 316 ntia
258 279 356 316 vivi
385 278 595 318 Christi:
639 281 829 320 Scimus
856 282 1000 327 enim,
1037 282 1162 333 quod
1189 295 1315 321 mors
1343 283 1384 321 ei
1411 283 1536 321 ultra
1564 295 1654 320 non

131 343 539 382 ndominabitur.''

181 409 374 451 Hactenus
413 411 610 461 Apologia,
644 425 713 449 nec
751 416 924 463 putamus
962 413 1121 464 amplius
1158 413 1237 451 illic
1273 414 1402 452 haberi
1443 414 1658 466 quicquam,

128 474 229 528 quod
264 475 420 513 recitato
456 476 530 513 iam
566 477 649 514 loco
686 477 757 514 hoc
785 490 862 515 non
891 478 1249 526 continea·(45)tur‚
1276 479 1377 529 quod
1399 479 1439 516 in
1466 482 1595 516 nostra
1622 486 1658 516 et

125 542 384 576 accusatorum
430 544 646 578 nostrorum
682 541 936 579 controversia
971 542 1081 579 nobis
1117 543 1232 580 obiici
1266 543 1398 593 possit.
1455 542 1531 580 Hic
1568 556 1654 581 vero

124 602 355 653 triumphum
392 603 464 641 sibi
498 605 623 642 nescio
661 618 769 656 quem
805 605 1010 643 decernunt
1045 610 1279 645 accusatores
1316 607 1449 651 nostri,
1476 607 1564 644 dum
1593 607 1654 644 hic

125 665 253 719 doceri
288 668 483 714 affirmant,
517 669 727 707 doctrinam
761 670 929 720 ipsorum
966 683 1046 707 esse
1072 670 1281 708 doctrinam
1309 671 1425 708 totius
1453 671 1658 714 Ecclesiae,

122 733 203 768 tum
239 731 442 778 Romanae,
475 736 556 770 tum
598 733 774 778 Graecae,
810 737 846 771 et
882 734 1030 784 quidem
1067 734 1282 772 testimonio
1322 735 1486 772 Canonis
1521 735 1657 774 missae

123 795 220 846 apud
249 795 413 834 Graecos
440 800 476 834 et
503 797 620 848 ipsius
649 797 791 847 Cyrilli.
847 798 1043 835 Caeterum
1071 797 1131 835 hic
1157 811 1257 835 unus
1284 799 1389 836 locus
1416 812 1545 837 eorum
1572 800 1655 848 glo-

122 860 320 898 riationem
349 861 401 898 eis
427 862 605 912 praeripit
632 862 800 908 omnino,
828 862 917 899 dum
945 862 1131 912 Apologia
1159 862 1239 913 ipsa
1266 863 1420 901 eandem
1451 878 1488 902 se
1515 864 1655 903 doctri-

122 939 209 963 nam
248 925 291 963 de
328 927 495 977 corporis
532 931 568 964 et
595 927 790 976 sanguinis
820 926 960 965 Christi
987 927 1028 964 in
1057 940 1172 964 coena
1200 941 1265 965 sua
1291 929 1500 978 praesentia
1527 934 1562 967 et
1591 943 1654 968 ex-

124 986 308 1028 hibitione
343 990 488 1028 tradere
521 991 673 1034 fatetur,
708 1004 803 1042 quae
837 991 878 1029 in
906 995 985 1029 tota
1018 991 1186 1029 Ecclesia
1213 996 1269 1029 est
1295 997 1442 1043 recepta
1469 997 1505 1031 et
1532 1008 1551 1031 a
1581 995 1653 1043 Cy-

122 1056 206 1094 rillo
243 1057 356 1094 etiam
392 1056 558 1094 docetur.
613 1057 707 1094 Cum
740 1056 840 1094 enim
867 1069 987 1107 neque
1016 1057 1190 1106 Cyrillus,
1218 1070 1336 1108 neque
1363 1059 1460 1096 ullus
1489 1062 1653 1096 veterum

125 1120 280 1158 omnino
310 1124 448 1158 statuat
478 1124 756 1158 controversam
785 1121 888 1158 illam
917 1124 1132 1158 nostrorum
1159 1126 1419 1159 accusatorum
1439 1123 1658 1161 delitescen-

121 1185 215 1222 tiam
258 1185 506 1235 ubiquitatem
555 1198 598 1222 ac
643 1185 719 1222 oris
758 1185 916 1222 carnalis
960 1185 1289 1223 manducationem
1325 1186 1404 1224 sine
1453 1187 1544 1231 fide,
1578 1191 1654 1224 tam

121 1250 253 1300 procul
289 1262 377 1287 sane
411 1249 517 1287 abest
555 1249 727 1287 doctrina
763 1250 972 1300 Apologiae
1000 1264 1020 1287 a
1050 1251 1300 1288 controversis
1328 1251 1431 1289 hisce
1459 1256 1651 1290 accusato-

120 1328 203 1352 rum
239 1318 453 1352 nostrorum
491 1314 743 1364 dogmatibus,
779 1328 889 1365 quam
919 1316 1050 1366 procul
1077 1329 1118 1353 ea
1147 1316 1394 1364 ab-(46)sunt
1421 1330 1440 1354 a
1468 1320 1592 1354 mente
1622 1317 1651 1364 ¹)

122 1379 253 1429 Cyrilli
280 1382 316 1416 et
343 1379 548 1417 catholicae
575 1379 766 1417 Ecclesiae
794 1379 946 1418 Christi.
1003 1380 1075 1417 Sed
1102 1384 1266 1430 praestat
1293 1380 1409 1418 totius
1436 1381 1511 1418 loci
1539 1381 1649 1419 huius

120 1443 329 1481 doctrinam
364 1443 400 1481 in
436 1447 535 1481 certa
570 1444 704 1495 partiri
740 1444 883 1495 capita,
918 1447 960 1481 ut
995 1458 1053 1482 res
1092 1445 1267 1482 omnibus
1305 1445 1425 1494 magis
1453 1446 1649 1496 perspicua

118 1508 196 1546 fiat.
251 1508 358 1546 Haec
383 1508 500 1558 igitur
527 1509 638 1546 nobis
665 1509 864 1560 praecipua
892 1509 953 1546 hic
983 1509 1166 1547 contineri
1195 1509 1387 1547 videntur:

169 1574 200 1612 I.
230 1574 495 1624 Praeterquam
522 1574 622 1624 quod
649 1574 689 1611 in
719 1574 963 1612 Confessione
989 1574 1070 1625 ipsa
1098 1574 1240 1612 dictum
1267 1578 1334 1617 est,
1354 1587 1487 1625 corpus
1509 1575 1649 1612 Christi

116 1642 153 1677 et
191 1639 411 1689 sanguinem
444 1652 529 1676 vere
565 1639 692 1677 adesse
727 1643 763 1677 et
790 1639 959 1676 exhiberi
985 1639 1025 1676 in
1054 1652 1168 1677 coena
1197 1639 1351 1677 Domini
1379 1652 1461 1677 cum
1490 1653 1585 1690 pane
1612 1644 1649 1678 et

116 1705 204 1742 vino
234 1704 401 1742 convivis
430 1717 577 1749 coenae,
603 1704 666 1741 hic
692 1704 803 1741 etiam
831 1703 1001 1741 additur:
1032 1703 1350 1742 Substantialiter.

167 1769 223 1807 II.
252 1768 364 1806 Quod
393 1768 433 1805 in
463 1768 707 1806 Confessione
734 1768 874 1805 dictum
902 1772 977 1805 est:
1008 1767 1257 1805 Vescentibus
1284 1768 1324 1806 in
1352 1772 1464 1805 coena
1484 1767 1649 1814 Domini,

116 1832 177 1869 hic
204 1832 362 1870 dicitur:
392 1832 465 1869 His
493 1832 558 1883 qui
586 1835 862 1869 sacramentum
888 1831 1090 1882 accipiunt.

167 1898 245 1936 III.
283 1897 525 1948 Corporalem
562 1897 702 1934 Christi
737 1897 776 1934 in
814 1910 929 1935 coena
965 1909 1030 1934 sua
1057 1896 1308 1947 praesentiam
1336 1897 1491 1945 agnosci
1519 1910 1538 1933 a
1567 1896 1644 1934 Ro-

112 1975 223 2000 mana
250 1964 287 2000 et
315 1962 458 1999 Graeca
486 1961 675 2005 Ecclesia„
692 1961 909 1999 testimonio
940 1961 1075 1998 Graeci
1104 1960 1269 1998 Canouis
1297 1965 1333 1998 et
1361 1961 1506 2010 Cyrilli,
1534 1961 1640 1998 cuius

114 2027 228 2064 verba
254 2025 473 2064 recitantur.

164 2091 235 2129 IV.
266 2091 380 2129 Quod
408 2090 483 2127 vivi
511 2082 650 2128 Christi
676 2094 712 2128 et
741 2090 907 2141 corporis
934 2094 970 2128 et
997 2089 1191 2139 sanguinis
1220 2089 1278 2127 sui
1303 2090 1513 2140 praesentia
1533 2094 1643 2141 atque

113 2156 297 2194 exhibitio
332 2155 372 2192 in
408 2168 522 2193 coena
549 2154 597 2193 D.
627 2158 824 2194 statuatur.
880 2154 985 2193 Mors
1022 2154 1120 2192 enim
1148 2167 1223 2192 non
1252 2154 1409 2205 amplius
1436 2156 1492 2192 illi
1521 2156 1642 2193 domi-

115 2224 238 2258 natur.

164 2286 271 2324 Haec
298 2286 375 2323 fere
402 2288 490 2323 sunt
517 2285 714 2336 praecipua
743 2285 816 2322 loci
844 2285 1097 2333 recita-(47)ti
1126 2284 1257 2335 capita.
1308 2284 1408 2322 Nam
1434 2285 1473 2323 in
1501 2287 1575 2324 fine
1601 2287 1639 2324 id

111 2355 260 2389 tantum
302 2351 492 2400 repetitur,
526 2349 627 2401 quod
662 2350 702 2387 in
735 2349 855 2400 primo
889 2349 965 2386 iam
1002 2349 1122 2400 capite
1159 2349 1392 2391 continetur,
1429 2363 1560 2401 nempe
1596 2352 1641 2390 dc

111 2429 197 2454 vera
235 2428 278 2452 ac
305 2414 544 2452 substantiali
570 2414 609 2450 in
638 2426 753 2451 coena
781 2414 948 2464 corporis
976 2417 1011 2450 et
1038 2413 1233 2461 sanguinis
1263 2413 1403 2450 Christi
1430 2416 1639 2464 praesentia

111 2484 222 2531 atque
256 2479 501 2517 exhibitione.
557 2478 637 2514 Iam
666 2490 753 2526 ergo
783 2477 942 2526 singulis
971 2477 1072 2515 hisce
1100 2477 1286 2528 capitibus
1314 2482 1464 2515 nostrae
1491 2492 1639 2529 quoquc

111 2545 304 2583 doctrinae
331 2544 400 2581 hac
427 2544 467 2580 in
493 2547 598 2594 parte
625 2543 847 2580 sententiam
874 2543 1132 2592 adiungemus,
1160 2542 1207 2580 ad
1236 2542 1333 2580 hunc
1361 2543 1533 2581 modum:

162 2610 221 2648 Ad
257 2610 431 2661 primum.
461 2610 492 2656 2)
546 2607 798 2656 Agnoscimus
834 2611 870 2645 et
905 2607 1129 2657 agnovimus
1164 2620 1318 2658 semper,
1364 2608 1553 2645 Christum
1590 2608 1637 2647 D.

110 2688 195 2713 vere
230 2687 273 2712 ac
307 2672 604 2712 substantialiter
640 2685 795 2723 corpore
831 2672 942 2710 etiam
971 2684 1037 2710 suo
1067 2684 1203 2710 coenae
1230 2685 1316 2710 suae
1343 2672 1492 2718 adesse,
1527 2673 1637 2711 modo

155 2816 179 2855 ¹)
203 2816 280 2848 Cod.
303 2816 467 2847 Francof.2
491 2826 510 2846 a
534 2817 632 2846 mente
653 2817 683 2846 et
710 2814 821 2856 cyrilli
843 2817 872 2845 et
899 2814 1087 2847 Catholicae.

151 2873 178 2912 ²)
204 2871 251 2903 Id.
276 2871 404 2903 omisit:
428 2870 473 2902 ad
491 2870 635 2913 primum,
659 2869 703 2900 ad
723 2869 891 2900 secundum
915 2872 974 2903 cet.
