1818 3178
185 129 261 166 474
675 135 818 161 snm-MA
846 133 993 162 coma.
1021 134 1072 160 DE
1100 132 1244 161 consa.

194 249 303 274 suum
333 236 449 281 edere,
478 248 598 286 neque
624 234 846 283 sanguinem
874 233 985 272 etiam
1014 234 1140 272 bibere
1168 246 1275 284 posse
1304 234 1423 272 docet.
1477 232 1525 269 In
1553 231 1624 269 hoc
1652 232 1724 282 igi-

193 304 256 339 tur
292 300 355 338 isti
392 313 413 337 a
448 299 636 350 prioribus
674 299 915 343 dissentiunt,
942 297 1043 348 quod
1070 310 1147 336 non
1176 297 1330 337 eandem
1357 309 1511 348 prorsus
1540 296 1723 333 rationem

195 364 236 402 in
274 365 397 402 Coena
433 363 587 400 Domini
614 363 850 401 constituunt
878 361 1157 400 sacramentalis
1186 361 1336 399 unionis
1364 374 1448 399 cum
1475 359 1610 411 prioris
1637 372 1724 397 sen·

194 430 332 468 tentiae
368 427 600 473 doctoribus,
636 426 700 464 sed
736 439 830 477 quae
862 426 910 464 ad
945 425 1073 464 fideles
1107 430 1256 463 tantum
1290 424 1483 475 pertineat,
1520 423 1725 473 dicuntque

196 493 278 539 fide,
308 505 383 529 non
410 495 533 529 autem
561 491 702 528 carnali
729 503 803 537 ore,
831 503 899 528 nos
928 490 1069 529 Christi
1098 489 1246 541 corpori
1272 494 1308 526 et
1336 488 1513 538 sanguini
1540 488 1580 527 in
1607 500 1722 528 coena

196 571 262 596 sua
300 556 586 602 communicare,
624 568 696 606 qua
734 568 818 592 cum
847 559 996 592 careant
1021 554 1138 605 impii,
1166 553 1260 591 nihil
1288 553 1334 590 ad
1363 566 1426 590 eos
1453 553 1563 593 etiam
1592 553 1724 602 mysti-

194 635 275 659 cam
305 621 450 658 Coenae
478 619 792 663 communionem,
818 632 913 670 quae
940 618 1012 656 fide
1039 617 1342 669 apprehenditur,
1369 617 1500 665 (neb)
1526 617 1722 667 pertinere.

194 686 242 723 In
280 685 351 722 hoc
377 688 501 721 tamen
531 697 613 720 cum
641 683 828 734 prioribus
864 682 939 720 illis
975 682 1228 726 consentiunt,
1265 680 1367 732 quod
1392 680 1510 731 ipsam
1539 680 1721 717 naturalis

193 750 336 788 Christi
363 748 529 799 corporis
557 753 592 786 et
620 747 814 797 sanguinis
841 747 1102 792 substantiam,
1128 746 1215 784 licet
1242 758 1321 783 non
1345 745 1526 789 localiter,
1547 749 1586 782 ut
1604 745 1722 788 aiunt,

192 826 312 865 neque
355 812 577 851 naturaliter
621 811 812 849 elementis
856 824 1076 856 connexam,
1114 823 1196 848 vere
1233 813 1360 848 tamen
1397 822 1440 847 ac
1477 808 1625 846 realiter
1661 808 1721 846 in-

190 877 313 921 terim,
350 889 434 914 cum
470 875 662 913 elementis
699 876 776 912 sive
814 888 879 926 per
916 875 1095 912 elementa
1131 873 1202 925 piis
1240 873 1417 911 omnibus
1444 872 1484 911 in
1514 885 1626 909 coena
1655 885 1720 910 ex-

190 942 310 979 hiberi
338 941 485 984 docent,
513 940 576 977 sed
605 940 674 977 hoc
701 940 794 983 fieri,
822 952 897 977 non
925 944 1076 990 propter
1105 938 1391 976 substantialem
1421 938 1534 975 ullam
1552 936 1721 986 mysterii

190 1019 272 1044 cum
319 1006 510 1043 elementis
557 1004 841 1049 connexionem,
885 1004 949 1041 sed
994 1008 1145 1055 propter
1188 1002 1385 1040 ministerii
1431 1001 1628 1039 efficaciam
1673 1013 1718 1038 ex

191 1070 344 1116 Christi,
388 1070 427 1106 in
470 1068 677 1106 ministerio
712 1073 843 1106 nostro
879 1068 1047 1112 efficacis,
1085 1067 1336 1110 ordinatione,
1371 1078 1416 1104 ex
1452 1079 1525 1116 qua
1561 1065 1645 1115 ipsi,
1681 1069 1719 1102 ut

189 1133 329 1171 dictum
358 1141 425 1177 est,
451 1133 657 1170 metiuntur
684 1133 990 1170 sacramentalem
1016 1133 1207 1169 unionem.
1235 1130 1292 1168 De
1320 1143 1396 1168 non
1425 1129 1717 1167 diiudicantibus

189 1210 323 1248 corpus
360 1196 513 1235 Domini
551 1196 694 1240 dicunt,
732 1209 807 1234 non
836 1196 921 1233 ideo
949 1195 1034 1233 illos
1062 1209 1082 1233 a
1111 1195 1226 1233 Paulo
1255 1206 1336 1231 reos
1364 1192 1606 1244 pronunciari
1634 1204 1716 1229 cor-

186 1260 289 1312 poris
316 1264 352 1298 et
380 1259 575 1308 sanguinis
605 1259 757 1305 Christi,
784 1258 884 1309 quod
911 1258 1066 1307 indigne
1095 1271 1229 1308 corpus
1251 1261 1315 1294 aut
1336 1255 1555 1305 sanguinem
1576 1254 1716 1293 Christi

187 1329 349 1370 sumant,
385 1324 448 1362 sed
485 1323 598 1375 quod,
635 1324 722 1360 dum
760 1325 907 1361 Coenae
942 1323 1123 1360 elementa
1157 1328 1321 1365 sumunt,
1347 1321 1498 1358 illorum
1525 1319 1714 1370 mysteria,

185 1387 258 1425 hoc
285 1393 339 1425 est
369 1401 502 1439 corpus
529 1393 565 1425 et
593 1387 811 1436 sanguinem
841 1387 993 1430 Christi,
1019 1399 1095 1424 non
1125 1385 1344 1430 diiudicant,
1371 1384 1442 1422 hoc
1469 1389 1537 1428 est,
1564 1384 1713 1422 illorum

184 1450 405 1500 dignitatem
442 1462 518 1487 non
554 1454 653 1488 recte
688 1462 811 1487 secum
849 1449 1075 1500 expendunt,
1111 1449 1173 1486 sed
1203 1449 1331 1486 eodem
1360 1448 1435 1485 fere
1460 1448 1545 1485 loco
1575 1447 1713 1486 habent

189 1517 382 1565 vulgarem
411 1528 671 1567 quemcunque
698 1515 812 1552 alium
841 1514 966 1552 cibum
995 1527 1078 1551 cum
1108 1513 1192 1551 cibo
1220 1513 1293 1551 hoc
1322 1512 1521 1564 spirituali,
1547 1512 1619 1550 hoc
1646 1516 1713 1557 est,

183 1580 451 1630 complectente
491 1584 771 1616 sacrosanctum
806 1591 848 1615 ac
886 1590 1039 1629 prorsus
1077 1577 1268 1628 spirituale
1306 1576 1525 1627 mysterium
1562 1580 1710 1614 nostrae

182 1656 267 1681 cum
304 1643 454 1681 Christo
493 1642 767 1680 communionis
802 1641 843 1678 in
879 1654 1033 1692 corpore
1067 1646 1103 1678 et
1139 1641 1322 1690 sanguine
1359 1640 1489 1690 ipsius.
1542 1639 1622 1676 Iam
1652 1639 1710 1676 di-

181 1708 578 1757 (nvafiudicationem
592 1707 794 1745 consistere
814 1719 889 1744 non
910 1707 949 1744 in
970 1719 1034 1744 esu
1052 1706 1147 1757 ipso,
1167 1704 1231 1743 sed
1250 1704 1407 1754 indigna
1428 1703 1543 1742 animi
1560 1707 1709 1754 reputa·

180 1773 295 1819 tione,
322 1777 358 1810 et
385 1772 541 1824 proinde
569 1772 767 1810 diiudicari
793 1784 902 1822 posse
931 1784 1064 1821 corpus
1093 1769 1260 1814 Domini,
1287 1769 1433 1807 etiamsi
1460 1781 1537 1806 non
1564 1768 1708 1811 edatur,

179 1839 256 1876 imo
284 1851 370 1875 vero
400 1838 596 1875 diiudicari
625 1851 645 1874 a
673 1837 743 1888 piis
772 1849 926 1888 semper,
952 1835 1098 1874 etiamsi
1128 1836 1252 1873 Coena
1280 1848 1300 1871 a
1327 1834 1399 1886 piis
1425 1833 1613 1879 omnibus,
1631 1845 1707 1871 non

181 1916 325 1954 semper
352 1906 533 1940 sumatur.
590 1901 679 1938 Non
707 1901 822 1950 igitur
847 1900 936 1938 inde
964 1892 1066 1946 effici,
1094 1898 1229 1950 impios
1257 1898 1364 1936 edere
1393 1910 1526 1948 corpus
1556 1895 1707 1941 Christi,

179 1967 293 2018 quod,
321 1967 410 2004 dum
438 1967 543 2004 illuni
571 1979 649 2004 non
677 1965 897 2009 diiudicant,
926 1964 1092 2016 eorporis
1120 1962 1312 2001 Dominici
1339 1962 1392 2000 rei
1420 1974 1499 1999 esse
1520 1961 1705 1999 dicantur.

184 2033 306 2083 Atque
334 2031 423 2068 haec
449 2031 489 2068 in
518 2043 661 2068 summa
689 2030 865 2068 adferunt
893 2028 1078 2067 secundae
1105 2027 1216 2065 huius
1245 2026 1450 2065 sententiae
1476 2029 1637 2063 autores.

230 2096 350 2134 Tertii
394 2108 503 2146 porro
550 2099 650 2140 sunt,
693 2094 756 2145 qni
792 2094 829 2132 in
879 2093 949 2131 hoc
983 2093 1134 2144 quidem
1179 2096 1215 2129 et
1270 2091 1343 2142 ipsi
1387 2103 1468 2128 cum
1522 2089 1705 2127 secundae

179 2162 387 2200 sententiae
425 2160 641 2197 doctoribus
680 2159 934 2204 consentiunt,
968 2157 1067 2210 quod
1104 2171 1125 2195 a
1161 2157 1232 2208 piis
1269 2156 1462 2202 duntaxat,
1491 2159 1527 2193 et
1555 2154 1703 2206 quidem

179 2227 251 2265 fide
288 2226 379 2270 sola,
417 2238 550 2276 corpus
589 2224 729 2262 Christi
762 2224 802 2261 in
839 2224 963 2261 Coena
1001 2236 1066 2260 sua
1094 2222 1153 2259 edi
1194 2227 1229 2260 et
1258 2221 1476 2270 sanguinem
1510 2219 1587 2257 eius
1624 2218 1704 2256 bibi

180 2291 327 2335 docent,
365 2295 546 2327 caeterum
584 2289 624 2326 in
659 2288 803 2325 ratione
839 2287 990 2325 unionis
1018 2287 1117 2324 illius
1146 2285 1423 2323 sacramentalis
1460 2283 1507 2321 ab
1536 2283 1703 2333 utrisque

180 2354 417 2393 dissentiunt.
481 2355 604 2404 Atque
653 2356 863 2402 agnoscunt
910 2351 1058 2402 quidem
1105 2355 1139 2388 et
1180 2349 1264 2400 ipsi,
1308 2349 1384 2386 imo
1430 2360 1516 2385 vero
1571 2350 1703 2395 urgent

178 2420 302 2465 etiam,
338 2418 649 2456 Sacramentalem
687 2418 726 2455 in
764 2418 887 2454 Coena
932 2417 1122 2461 unionem,
1159 2415 1221 2452 sed
1259 2428 1337 2451 eam
1376 2425 1494 2463 neque
1530 2424 1573 2449 ex
1611 2410 1701 2448 sub·

175 2483 396 2522 stantiarum
435 2483 473 2520 in
511 2483 702 2520 elementis
741 2481 972 2519 connexione
1008 2481 1095 2526 ulla,
1135 2491 1253 2529 neque
1288 2478 1377 2515 item
1414 2490 1460 2514 ex
1488 2474 1700 2526 operatione

175 2547 337 2585 ministri
374 2546 561 2584 aestimari
599 2546 739 2583 voluut.
803 2545 985 2582 Referunt
1022 2548 1144 2581 autem
1183 2542 1285 2579 illam
1322 2541 1368 2578 ad
1407 2552 1498 2590 opus
1537 2536 1697 2587 Spiritus

175 2611 296 2650 sancti
343 2611 439 2648 circa
491 2614 660 2648 nostrum
721 2608 978 2654 ministerium,
1032 2607 1096 2658 qui
1142 2611 1198 2644 est
1242 2605 1347 2643 testis
1392 2610 1427 2641 et
1469 2601 1698 2651 glorificator

178 2675 318 2713 Christi
354 2673 525 2712 assiduus
560 2675 600 2712 in
638 2674 802 2725 qualibet
839 2686 905 2711 sua
942 2672 1190 2710 institutione.
1246 2673 1301 2708 Ac
1340 2669 1501 2720 primum
1538 2666 1576 2703 in
1607 2678 1696 2702 con-

174 2739 364 2777 stituendo
406 2738 550 2775 Coenae
592 2738 673 2775 loco
722 2738 827 2775 Pauli
862 2736 1069 2774 doctrinam
1107 2736 1316 2786 proferunt,
1351 2741 1398 2775 et,
1434 2728 1696 2781 quem-(ll‘lb)

174 2803 374 2841 admodum
412 2802 548 2839 Paulus
584 2802 622 2838 in
652 2815 724 2840 uno
755 2801 903 2839 homine
932 2801 1023 2837 duos
1052 2799 1308 2850 complectitur
1337 2795 1516 2840 homines,
1543 2793 1697 2831 interio-

176 2880 253 2905 rem
297 2872 330 2905 ct
377 2867 607 2910 exteriorem,
652 2872 762 2916 atque
804 2865 874 2903 hos
908 2865 1038 2902 ambos
1075 2877 1190 2901 unum
1229 2861 1414 2899 homiuem
1461 2872 1539 2897 esse
1577 2858 1697 2901 docet,
