1818 3178
126 110 197 146 122
476 117 524 142 m:
553 112 831 142 sAcRAMEN‘Hs
861 111 1075 139 ecetesiam
1102 112 1280 140 CHRISTI.

126 219 274 270 quidem
307 232 326 256 a
361 217 487 255 latinis
520 213 723 258 autoribus,
766 212 829 250 sed
865 225 957 262 quae
983 212 1030 248 ad
1059 224 1207 250 causam
1233 212 1455 250 Divinarum
1480 212 1634 250 institu-

124 285 280 327 tionum,
322 283 366 319 dc
400 281 532 331 quibus
568 278 627 315 hic
663 277 819 325 agimus,
861 289 936 314 non
971 276 1023 312 ita
1058 276 1218 313 multum
1255 278 1398 315 videtur
1432 277 1633 328 pertinere3

125 361 254 398 nempe
280 346 379 397 quod
407 345 474 381 sub
502 342 651 380 nomine
679 341 907 378 Sacramenti
936 340 1125 377 vinculum
1154 341 1354 391 quoddam,
1391 355 1455 379 seu
1483 342 1635 392 sponsio

125 412 301 462 quaedam
336 409 482 459 publica
518 405 749 453 intelligitur,
785 418 856 454 qua
891 417 959 441 nos
994 404 1034 441 in
1069 404 1224 442 alicuius
1258 406 1369 443 fidem
1405 411 1517 456 atque
1544 405 1634 443 obe-

125 475 297 513 dientiam
335 472 440 509 certis
476 470 713 521 pactionibus
750 468 1032 517 obstringimus,
1068 469 1132 518 qui
1160 470 1302 507 nullum
1331 470 1471 521 alioqui
1498 470 1537 507 in
1566 483 1635 507 nos

124 544 229 576 antea
264 536 454 586 imperium
488 548 529 571 ea
564 534 603 571 in
638 537 742 583 parte
777 533 1004 577 habuissent,
1039 533 1354 583 quemadmodum
1383 535 1518 572 milites
1546 534 1636 572 olim

124 602 197 639 suis
221 614 258 637 sc
284 598 567 649 imperatoribus
594 597 839 644 obstringere,
865 597 1030 647 adeoque
1057 601 1093 633 et
1120 597 1234 634 veluti
1256 610 1472 636 consecrare
1487 598 1636 649 publico

124 667 202 703 iure
228 664 382 701 iurando
411 662 591 700 solebant.

174 729 246 765 Cur
278 731 399 764 autem
435 726 531 762 hanc
565 726 676 762 talem
713 725 813 763 vocis
843 725 1073 762 Sacramenti
1101 725 1383 775 usurpationem
1414 726 1461 762 ad
1489 738 1637 763 causam

123 798 286 830 nostram
322 804 397 828 non
424 790 606 840 pertinere
632 794 824 840 putemus,
850 789 1014 826 rationes
1040 790 1170 839 paucis
1198 790 1277 826 eius
1306 793 1458 827 nostrae
1486 794 1636 827 senten·

125 857 197 895 tiae
223 856 442 893 adferemus.

174 923 338 971 Suntque
378 920 470 957 duae
503 918 738 969 potissimum
765 919 844 956 eius
873 918 926 956 rei
953 931 1097 956 causae.
1149 918 1279 956 Altera
1308 918 1640 962 dissimilitudinis,

124 987 235 1023 altera
271 998 355 1022 vero
391 996 568 1029 errorum,
603 996 670 1020 nec
705 983 840 1020 levium
872 995 939 1020 nec
966 995 1182 1033 pauc-orum,
1208 983 1274 1033 qui
1300 983 1410 1020 facile
1436 983 1526 1020 oriri
1551 996 1639 1033 pos-

125 1055 216 1096 sent,
252 1050 282 1087 si
309 1049 399 1086 haec
427 1049 511 1086 talis
539 1048 769 1085 Sacramenti
794 1048 989 1098 usurpatio
1017 1047 1058 1085 in
1088 1060 1197 1085 causa
1225 1053 1352 1085 nostra
1381 1049 1640 1086 Sacramenta-

126 1115 179 1152 ria
206 1114 401 1151 obtineret.

175 1178 359 1228 Quodque
394 1177 439 1214 ad
467 1176 805 1214 dissimilitudinem
834 1177 982 1221 attinet,
1009 1176 1136 1214 inultis
1165 1190 1253 1214 sane
1281 1176 1499 1214 nominibus
1528 1190 1638 1215 causa

125 1248 250 1281 nostra
279 1242 468 1279 dissimilis
495 1246 549 1278 est
575 1255 595 1278 a
624 1242 862 1278 Sam-amento
892 1240 1058 1279 militari.
1089 1241 1174 1288 (fol.
1204 1242 1262 1289 9²¹)

175 1306 339 1343 Primum
389 1305 487 1355 quod
532 1305 571 1342 in
613 1305 763 1342 militari
806 1306 1045 1342 Sacramento
1089 1306 1238 1343 illorum
1274 1305 1512 1356 potissimum
1547 1320 1641 1357 opus

126 1374 320 1420 spectatur,
354 1369 417 1419 qui
451 1382 529 1407 sese
563 1369 776 1419 imperatori
813 1382 879 1406 suo
915 1369 1178 1418 obstringunt:
1217 1382 1349 1419 nempe
1375 1370 1476 1420 quod
1503 1370 1537 1408 ei
1564 1384 1643 1408 sese

125 1435 198 1472 iam
235 1435 470 1471 Sacramento
496 1447 646 1484 prorsus
675 1433 864 1479 addicunt,
892 1434 952 1470 cui
979 1437 1088 1471 antea
1116 1433 1289 1471 obstricti
1317 1447 1393 1471 non
1421 1438 1538 1472 erant.
1592 1435 1639 1472 In

127 1499 262 1537 nostris
299 1511 382 1535 vero
417 1498 676 1542 SacramentiS,
704 1511 779 1535 non
807 1498 844 1535 id
873 1498 1056 1548 imprimis
1084 1498 1326 1548 spectandum
1352 1503 1419 1544 est,
1445 1499 1546 1550 quod
1573 1512 1642 1536 nos

126 1562 282 1611 agimus,
318 1562 379 1599 sed
407 1562 507 1611 quod
534 1561 634 1598 Deus
663 1561 857 1598 nobiscum
886 1561 1003 1610 egerit
1029 1565 1181 1612 propter
1209 1561 1412 1607 Christum,
1442 1563 1548 1600 cuius
1577 1562 1641 1600 be-

129 1625 296 1662 neficium
326 1624 433 1661 nobis
462 1624 738 1661 commendatur
764 1637 835 1661 usu
862 1624 1030 1673 legitimo
1059 1628 1388 1662 sacramentorum.

177 1688 320 1725 Deinde
354 1688 393 1724 in
430 1689 666 1725 Sacramento
704 1688 854 1725 militari
891 1701 968 1725 non
1012 1687 1115 1738 prius
1151 1687 1293 1725 addicti
1330 1700 1457 1725 sumus
1493 1688 1547 1732 ei,
1583 1688 1643 1725 cui

130 1766 196 1790 nos
233 1752 450 1795 addicimus,
490 1765 601 1802 quam
638 1765 705 1789 nos
741 1752 890 1802 publica
923 1753 988 1789 illa
1015 1752 1216 1802 sponsione
1243 1752 1538 1801 obstringamus.
1593 1753 1641 1790 In

131 1816 265 1854 nostris
299 1829 381 1853 vero
420 1817 666 1853 Sacramentis
699 1817 831 1854 initum
868 1817 941 1854 iam
977 1817 1067 1854 olim
1103 1817 1143 1854 in
1181 1816 1329 1854 Christo
1358 1820 1529 1854 nostrum
1558 1830 1640 1854 cum

131 1881 206 1918 Deo
243 1880 511 1916 communionis
546 1880 734 1917 vinculum
770 1885 1031 1924 contestamur,
1067 1880 1286 1931 animosque
1320 1885 1469 1918 nostros
1503 1880 1543 1918 in
1570 1881 1643 1918 fide

128 1943 227 1979 illius
261 1942 390 1992 spiritu
427 1946 553 1978 sancto
589 1947 715 1979 autore
742 1943 1006 1990 obsignamus;
1043 1956 1163 1993 neque
1189 1942 1273 1980 ideo
1302 1942 1449 1980 Christo
1479 1942 1641 1979 Domino

128 2006 265 2043 addicti
291 2019 429 2049 sumus,
456 2005 502 2042 ad
529 2006 706 2056 illumque
732 2007 969 2056 pertinemus,
993 2007 1094 2057 quod
1123 2007 1373 2045 Sacramentis
1403 2007 1551 2052 utimur,
1579 2007 1642 2044 sed

130 2071 210 2107 idco
239 2069 486 2106 Sacramentis
514 2069 665 2112 utimur,
692 2071 778 2120 quia
805 2070 850 2107 ad
880 2071 1069 2108 Christum
1098 2071 1173 2108 iam
1200 2071 1290 2108 olim
1319 2070 1558 2121 pertinemus.

180 2134 367 2170 Postremo
404 2133 440 2170 in
480 2134 718 2170 Sacramento
755 2134 906 2172 militari
943 2135 1080 2172 nullam
1118 2135 1261 2185 culpam
1288 2135 1464 2185 perfidiae
1491 2140 1556 2172 aut
1580 2135 1640 2171 in·

129 2198 357 2234 obedientiae
384 2198 632 2245 agnoscimus,
660 2198 794 2235 nedum
824 2204 863 2236 ut
891 2213 959 2237 nos
986 2200 1087 2237 illius
1116 2200 1267 2237 nomine
1296 2199 1560 2250 quoquomodo
1579 2212 1640 2236 ac-

129 2275 308 2306 cusemus,
335 2261 397 2298 sed
425 2262 531 2298 fidem
560 2262 684 2312 potius
713 2268 875 2300 nostram
905 2268 1014 2314 atque
1041 2264 1292 2302 obedientiam
1322 2264 1430 2302 certis
1456 2264 1642 2314 pactioni-

129 2327 196 2363 bus
230 2326 463 2375 spondemus.
518 2326 561 2362 In
599 2327 736 2364 nostris
773 2341 856 2364 vero
895 2329 1143 2366 sacramentis
1171 2329 1359 2367 assiduam
1387 2332 1553 2366 nostram
1581 2328 1640 2364 in-

128 2389 302 2435 obc-(l'ol.
331 2389 579 2433 9¹³)dientiam,
615 2390 778 2440 adeoque
814 2395 849 2428 et
885 2392 1077 2441 perfidiam
1112 2406 1199 2441 erga
1238 2392 1356 2429 Deum
1395 2391 1646 2442 deploramus,

130 2467 210 2490 cum
247 2466 330 2489 suac
366 2453 509 2489 interim
547 2455 686 2501 gratiae
726 2455 879 2493 Divinae
913 2458 1104 2505 agnitione
1139 2458 1177 2495 in
1215 2457 1362 2494 Christo
1399 2460 1435 2494 et
1472 2456 1643 2505 diligenti

128 2516 226 2553 illius
252 2516 521 2565 imploratione.
560 2517 744 2554 Nimirum
781 2519 1016 2557 Sacramenta
1053 2520 1131 2570 ipsa
1166 2524 1364 2562 testantur,
1402 2519 1521 2556 Deum
1550 2532 1640 2556 con-

128 2580 264 2615 donare
293 2579 399 2615 nobis
428 2591 552 2615 omncs
582 2585 724 2617 nostras
752 2582 984 2620 infirmitates
1012 2589 1160 2634 propter
1189 2585 1391 2623 Christum.

178 2642 275 2678 Istac
310 2641 423 2687 igitur
451 2640 766 2680 dissimilitudines
794 2645 956 2689 obstant.
984 2648 1184 2696 quominus
1210 2648 1250 2685 iu
1279 2661 1388 2684 causa
1416 2651 1543 2684 nostra
1573 2648 1639 2683 Sa-

129 2704 365 2741 cranicntaria
414 2717 536 2739 vocem
584 2706 810 2743 Sacxamcnti
844 2708 880 2745 in
919 2722 959 2746 ea
997 2710 1268 2758 significatione
1312 2711 1557 2762 accipiamus,
1601 2710 1640 2747 in

128 2782 200 2817 qua
235 2767 330 2816 apud
369 2767 524 2803 Latinos
553 2768 748 2817 scriptores
775 2777 960 2821 acceptam
989 2787 1066 2810 esse
1095 2774 1272 2819 videmus,
1299 2775 1444 2812 etiamsi
1472 2787 1547 2812 non
1576 2787 1640 2811 ne-

127 2845 254 2881 gemus
288 2844 367 2868 essc
401 2831 560 2882 aliquam
598 2833 891 2872 convenientiam
927 2836 1022 2874 inter
1055 2838 1214 2876 militare
1241 2839 1333 2876 illud
1363 2840 1642 2877 Sacramentum
