<?xml version="1.0" encoding="UTF-8"?>
<!DOCTYPE html PUBLIC "-//W3C//DTD XHTML 1.0 Transitional//EN"
    "http://www.w3.org/TR/xhtml1/DTD/xhtml1-transitional.dtd">
<html xmlns="http://www.w3.org/1999/xhtml" xml:lang="en" lang="en">
 <head>
  <title>
</title>
<meta http-equiv="Content-Type" content="text/html;charset=utf-8" />
  <meta name='ocr-system' content='tesseract 3.04.00' />
  <meta name='ocr-capabilities' content='ocr_page ocr_carea ocr_par ocr_line ocrx_word'/>
</head>
<body>
  <div class='ocr_page' id='page_1' title='image "./operatameditaqua01lask_0671.png"; bbox 0 0 1818 3178; ppageno 0'>
   <div class='ocr_carea' id='block_1_1' title="bbox 718 99 1600 139">
    <p class='ocr_par' dir='ltr' id='par_1_1' title="bbox 718 99 1600 139">
     <span class='ocr_line' id='line_1_1' title="bbox 718 99 1600 139; baseline -0.002 -1"><span class='ocrx_word' id='word_1_1' title='bbox 718 110 777 138; x_wconf 71' lang='grc' dir='ltr'>ΕΡ.</span> <span class='ocrx_word' id='word_1_2' title='bbox 806 110 949 139; x_wconf 75' lang='lat' dir='ltr'>noc‘ru.</span> <span class='ocrx_word' id='word_1_3' title='bbox 1528 99 1600 137; x_wconf 81' lang='lat'>543</span> 
     </span>
    </p>
   </div>
   <div class='ocr_carea' id='block_1_2' title="bbox 73 209 1613 2910">
    <p class='ocr_par' dir='ltr' id='par_1_2' title="bbox 73 209 1613 2910">
     <span class='ocr_line' id='line_1_2' title="bbox 74 209 1602 262; baseline -0.001 -14"><span class='ocrx_word' id='word_1_4' title='bbox 74 210 113 248; x_wconf 88' lang='lat' dir='ltr'>id</span> <span class='ocrx_word' id='word_1_5' title='bbox 150 224 237 249; x_wconf 90' lang='lat' dir='ltr'>vero</span> <span class='ocrx_word' id='word_1_6' title='bbox 272 211 320 249; x_wconf 83' lang='lat' dir='ltr'>ab</span> <span class='ocrx_word' id='word_1_7' title='bbox 359 211 467 249; x_wconf 67' lang='lat' dir='ltr'>omni⁴</span> <span class='ocrx_word' id='word_1_8' title='bbox 499 211 671 250; x_wconf 82' lang='lat' dir='ltr'>doctrina</span> <span class='ocrx_word' id='word_1_9' title='bbox 708 212 924 251; x_wconf 84' lang='lat' dir='ltr'>Christiana</span> <span class='ocrx_word' id='word_1_10' title='bbox 959 212 1122 250; x_wconf 84' lang='lat' dir='ltr'>alienum</span> <span class='ocrx_word' id='word_1_11' title='bbox 1158 224 1238 249; x_wconf 88' lang='lat' dir='ltr'>esse</span> <span class='ocrx_word' id='word_1_12' title='bbox 1271 213 1459 262; x_wconf 85' lang='lat' dir='ltr'>putamus.</span> <span class='ocrx_word' id='word_1_13' title='bbox 1513 209 1602 247; x_wconf 90' lang='lat' dir='ltr'>Huc</span> 
     </span>
     <span class='ocr_line' id='line_1_3' title="bbox 74 275 1602 321; baseline -0.001 -9"><span class='ocrx_word' id='word_1_14' title='bbox 74 275 175 312; x_wconf 91' lang='lat' dir='ltr'>enim</span> <span class='ocrx_word' id='word_1_15' title='bbox 211 288 280 313; x_wconf 87' lang='lat' dir='ltr'>nos</span> <span class='ocrx_word' id='word_1_16' title='bbox 308 275 479 313; x_wconf 85' lang='lat' dir='ltr'>doctrina</span> <span class='ocrx_word' id='word_1_17' title='bbox 509 276 598 313; x_wconf 88' lang='lat' dir='ltr'>hacc</span> <span class='ocrx_word' id='word_1_18' title='bbox 627 276 790 321; x_wconf 81' lang='lat' dir='ltr'>deducit,</span> <span class='ocrx_word' id='word_1_19' title='bbox 819 281 858 315; x_wconf 90' lang='lat' dir='ltr'>ut</span> <span class='ocrx_word' id='word_1_20' title='bbox 885 281 950 314; x_wconf 87' lang='lat' dir='ltr'>aut</span> <span class='ocrx_word' id='word_1_21' title='bbox 976 276 1140 314; x_wconf 84' lang='lat' dir='ltr'>infantes</span> <span class='ocrx_word' id='word_1_22' title='bbox 1167 289 1188 313; x_wconf 86' lang='lat' dir='ltr'>a</span> <span class='ocrx_word' id='word_1_23' title='bbox 1216 275 1337 313; x_wconf 88' lang='lat' dir='ltr'>salute</span> <span class='ocrx_word' id='word_1_24' title='bbox 1365 287 1495 312; x_wconf 88' lang='lat' dir='ltr'>omues</span> <span class='ocrx_word' id='word_1_25' title='bbox 1522 278 1602 312; x_wconf 90' lang='lat' dir='ltr'>toto</span> 
     </span>
     <span class='ocr_line' id='line_1_4' title="bbox 73 338 1603 392; baseline 0 -16"><span class='ocrx_word' id='word_1_26' title='bbox 73 345 257 377; x_wconf 87' lang='lat' dir='ltr'>terrarum</span> <span class='ocrx_word' id='word_1_27' title='bbox 283 340 385 383; x_wconf 89' lang='lat' dir='ltr'>orbe,</span> <span class='ocrx_word' id='word_1_28' title='bbox 413 341 460 377; x_wconf 85' lang='lat' dir='ltr'>ab</span> <span class='ocrx_word' id='word_1_29' title='bbox 487 340 570 391; x_wconf 88' lang='lat' dir='ltr'>ipso</span> <span class='ocrx_word' id='word_1_30' title='bbox 599 354 714 392; x_wconf 91' lang='lat' dir='ltr'>usque</span> <span class='ocrx_word' id='word_1_31' title='bbox 743 341 903 387; x_wconf 88' lang='lat' dir='ltr'>Adamo,</span> <span class='ocrx_word' id='word_1_32' title='bbox 930 340 1125 378; x_wconf 82' lang='lat' dir='ltr'>excludere</span> <span class='ocrx_word' id='word_1_33' title='bbox 1152 348 1341 390; x_wconf 76' lang='lat' dir='ltr'>cogamur.</span> <span class='ocrx_word' id='word_1_34' title='bbox 1361 344 1424 377; x_wconf 86' lang='lat' dir='ltr'>aut</span> <span class='ocrx_word' id='word_1_35' title='bbox 1447 338 1603 376; x_wconf 88' lang='lat' dir='ltr'>salutem</span> 
     </span>
     <span class='ocr_line' id='line_1_5' title="bbox 77 404 1606 456; baseline -0.001 -15"><span class='ocrx_word' id='word_1_36' title='bbox 77 409 175 442; x_wconf 90' lang='lat' dir='ltr'>certe</span> <span class='ocrx_word' id='word_1_37' title='bbox 209 410 313 442; x_wconf 84' lang='lat' dir='ltr'>extra</span> <span class='ocrx_word' id='word_1_38' title='bbox 350 404 542 442; x_wconf 79' lang='lat' dir='ltr'>Christum</span> <span class='ocrx_word' id='word_1_39' title='bbox 580 418 664 443; x_wconf 88' lang='lat' dir='ltr'>cum</span> <span class='ocrx_word' id='word_1_40' title='bbox 702 406 912 455; x_wconf 87' lang='lat' dir='ltr'>Pelagianis</span> <span class='ocrx_word' id='word_1_41' title='bbox 948 418 1145 456; x_wconf 86' lang='lat' dir='ltr'>ponamus.</span> <span class='ocrx_word' id='word_1_42' title='bbox 1199 404 1246 442; x_wconf 95' lang='lat' dir='ltr'>Id</span> <span class='ocrx_word' id='word_1_43' title='bbox 1283 417 1369 442; x_wconf 88' lang='lat' dir='ltr'>vero</span> <span class='ocrx_word' id='word_1_44' title='bbox 1407 409 1606 454; x_wconf 86' lang='lat' dir='ltr'>utrumque</span> 
     </span>
     <span class='ocr_line' id='line_1_6' title="bbox 77 467 1605 514; baseline 0 -9"><span class='ocrx_word' id='word_1_45' title='bbox 77 467 260 505; x_wconf 90' lang='lat' dir='ltr'>eiusmodi</span> <span class='ocrx_word' id='word_1_46' title='bbox 296 472 363 512; x_wconf 88' lang='lat' dir='ltr'>est,</span> <span class='ocrx_word' id='word_1_47' title='bbox 401 472 441 506; x_wconf 92' lang='lat' dir='ltr'>ut</span> <span class='ocrx_word' id='word_1_48' title='bbox 478 470 700 507; x_wconf 89' lang='lat' dir='ltr'>utrumlibet</span> <span class='ocrx_word' id='word_1_49' title='bbox 736 469 969 514; x_wconf 81' lang='lat' dir='ltr'>admittatur,</span> <span class='ocrx_word' id='word_1_50' title='bbox 1006 470 1221 507; x_wconf 88' lang='lat' dir='ltr'>mendacem</span> <span class='ocrx_word' id='word_1_51' title='bbox 1249 469 1362 506; x_wconf 86' lang='lat' dir='ltr'>faciat</span> <span class='ocrx_word' id='word_1_52' title='bbox 1390 467 1605 506; x_wconf 82' lang='lat' dir='ltr'>hauddubie</span> 
     </span>
     <span class='ocr_line' id='line_1_7' title="bbox 77 536 1607 588; baseline 0 -16"><span class='ocrx_word' id='word_1_53' title='bbox 77 536 115 573; x_wconf 93' lang='lat' dir='ltr'>in</span> <span class='ocrx_word' id='word_1_54' title='bbox 153 536 229 573; x_wconf 90' lang='lat' dir='ltr'>suis</span> <span class='ocrx_word' id='word_1_55' title='bbox 257 537 573 587; x_wconf 85' lang='lat' dir='ltr'>promissionibus</span> <span class='ocrx_word' id='word_1_56' title='bbox 603 550 685 574; x_wconf 91' lang='lat' dir='ltr'>cum</span> <span class='ocrx_word' id='word_1_57' title='bbox 717 537 908 575; x_wconf 82' lang='lat' dir='ltr'>Christum</span> <span class='ocrx_word' id='word_1_58' title='bbox 938 538 1073 588; x_wconf 84' lang='lat' dir='ltr'>ipsum,</span> <span class='ocrx_word' id='word_1_59' title='bbox 1100 542 1180 575; x_wconf 91' lang='lat' dir='ltr'>tum</span> <span class='ocrx_word' id='word_1_60' title='bbox 1209 549 1295 574; x_wconf 89' lang='lat' dir='ltr'>vero</span> <span class='ocrx_word' id='word_1_61' title='bbox 1324 537 1436 573; x_wconf 90' lang='lat' dir='ltr'>etiam</span> <span class='ocrx_word' id='word_1_62' title='bbox 1463 542 1607 586; x_wconf 91' lang='lat' dir='ltr'>patrem</span> 
     </span>
     <span class='ocr_line' id='line_1_8' title="bbox 78 599 1609 652; baseline -0.001 -15"><span class='ocrx_word' id='word_1_63' title='bbox 78 600 210 639; x_wconf 89' lang='lat' dir='ltr'>Deum.</span> <span class='ocrx_word' id='word_1_64' title='bbox 267 601 364 639; x_wconf 78' lang='lat' dir='ltr'>Quis</span> <span class='ocrx_word' id='word_1_65' title='bbox 403 615 488 639; x_wconf 91' lang='lat' dir='ltr'>vero</span> <span class='ocrx_word' id='word_1_66' title='bbox 528 602 573 639; x_wconf 89' lang='lat' dir='ltr'>ad</span> <span class='ocrx_word' id='word_1_67' title='bbox 612 601 703 639; x_wconf 88' lang='lat' dir='ltr'>haec</span> <span class='ocrx_word' id='word_1_68' title='bbox 741 615 815 639; x_wconf 92' lang='lat' dir='ltr'>non</span> <span class='ocrx_word' id='word_1_69' title='bbox 852 602 1105 645; x_wconf 78' lang='lat' dir='ltr'>exhorrescat,</span> <span class='ocrx_word' id='word_1_70' title='bbox 1143 601 1208 652; x_wconf 89' lang='lat' dir='ltr'>qui</span> <span class='ocrx_word' id='word_1_71' title='bbox 1247 601 1303 638; x_wconf 87' lang='lat' dir='ltr'>vel</span> <span class='ocrx_word' id='word_1_72' title='bbox 1330 601 1467 638; x_wconf 89' lang='lat' dir='ltr'>micum</span> <span class='ocrx_word' id='word_1_73' title='bbox 1495 599 1609 637; x_wconf 90' lang='lat' dir='ltr'>modo</span> 
     </span>
     <span class='ocr_line' id='line_1_9' title="bbox 77 664 1608 717; baseline -0.001 -15"><span class='ocrx_word' id='word_1_74' title='bbox 77 665 212 703; x_wconf 88' lang='lat' dir='ltr'>mentis</span> <span class='ocrx_word' id='word_1_75' title='bbox 241 666 479 704; x_wconf 82' lang='lat' dir='ltr'>Christianae</span> <span class='ocrx_word' id='word_1_76' title='bbox 507 666 655 704; x_wconf 86' lang='lat' dir='ltr'>habeat.</span> <span class='ocrx_word' id='word_1_77' title='bbox 710 667 787 704; x_wconf 90' lang='lat' dir='ltr'>Aut</span> <span class='ocrx_word' id='word_1_78' title='bbox 816 679 889 717; x_wconf 92' lang='lat' dir='ltr'>quo</span> <span class='ocrx_word' id='word_1_79' title='bbox 919 667 1002 703; x_wconf 89' lang='lat' dir='ltr'>loco</span> <span class='ocrx_word' id='word_1_80' title='bbox 1031 679 1051 703; x_wconf 88' lang='lat' dir='ltr'>a</span> <span class='ocrx_word' id='word_1_81' title='bbox 1079 664 1188 703; x_wconf 86' lang='lat' dir='ltr'>nobis</span> <span class='ocrx_word' id='word_1_82' title='bbox 1217 665 1346 702; x_wconf 86' lang='lat' dir='ltr'>haberi</span> <span class='ocrx_word' id='word_1_83' title='bbox 1375 665 1500 702; x_wconf 90' lang='lat' dir='ltr'>volent</span> <span class='ocrx_word' id='word_1_84' title='bbox 1529 677 1608 701; x_wconf 90' lang='lat' dir='ltr'>sec-</span> 
     </span>
     <span class='ocr_line' id='line_1_10' title="bbox 76 729 1608 782; baseline -0.002 -14"><span class='ocrx_word' id='word_1_85' title='bbox 76 735 196 768; x_wconf 90' lang='lat' dir='ltr'>tarum</span> <span class='ocrx_word' id='word_1_86' title='bbox 236 730 346 768; x_wconf 87' lang='lat' dir='ltr'>huius</span> <span class='ocrx_word' id='word_1_87' title='bbox 374 732 554 782; x_wconf 82' lang='lat' dir='ltr'>temporis</span> <span class='ocrx_word' id='word_1_88' title='bbox 582 736 744 775; x_wconf 86' lang='lat' dir='ltr'>autores,</span> <span class='ocrx_word' id='word_1_89' title='bbox 773 732 837 782; x_wconf 89' lang='lat' dir='ltr'>qui</span> <span class='ocrx_word' id='word_1_90' title='bbox 865 731 1080 768; x_wconf 83' lang='lat' dir='ltr'>istiusmodi</span> <span class='ocrx_word' id='word_1_91' title='bbox 1118 730 1301 768; x_wconf 83' lang='lat' dir='ltr'>doctrinis</span> <span class='ocrx_word' id='word_1_92' title='bbox 1330 729 1508 767; x_wconf 89' lang='lat' dir='ltr'>scindunt</span> <span class='ocrx_word' id='word_1_93' title='bbox 1534 729 1608 766; x_wconf 88' lang='lat' dir='ltr'>Ec-</span> 
     </span>
     <span class='ocr_line' id='line_1_11' title="bbox 77 793 1609 846; baseline -0.001 -15"><span class='ocrx_word' id='word_1_94' title='bbox 77 794 227 832; x_wconf 82' lang='lat' dir='ltr'>clesiam</span> <span class='ocrx_word' id='word_1_95' title='bbox 268 794 336 832; x_wconf 90' lang='lat' dir='ltr'>Dei</span> <span class='ocrx_word' id='word_1_96' title='bbox 373 808 416 832; x_wconf 90' lang='lat' dir='ltr'>ac</span> <span class='ocrx_word' id='word_1_97' title='bbox 453 795 615 846; x_wconf 84' lang='lat' dir='ltr'>simplici</span> <span class='ocrx_word' id='word_1_98' title='bbox 653 795 897 846; x_wconf 89' lang='lat' dir='ltr'>credulaeque</span> <span class='ocrx_word' id='word_1_99' title='bbox 936 795 1091 832; x_wconf 90' lang='lat' dir='ltr'>nimium</span> <span class='ocrx_word' id='word_1_100' title='bbox 1120 794 1336 845; x_wconf 77' lang='lat' dir='ltr'>plebeculae</span> <span class='ocrx_word' id='word_1_101' title='bbox 1365 794 1432 831; x_wconf 91' lang='lat' dir='ltr'>sub</span> <span class='ocrx_word' id='word_1_102' title='bbox 1461 793 1609 844; x_wconf 85' lang='lat' dir='ltr'>pietatis</span> 
     </span>
     <span class='ocr_line' id='line_1_12' title="bbox 77 857 1609 911; baseline -0.001 -15"><span class='ocrx_word' id='word_1_103' title='bbox 77 860 164 896; x_wconf 87' lang='lat' dir='ltr'>fuco</span> <span class='ocrx_word' id='word_1_104' title='bbox 202 860 430 911; x_wconf 83' lang='lat' dir='ltr'>imponunt?</span> <span class='ocrx_word' id='word_1_105' title='bbox 485 861 568 897; x_wconf 87' lang='lat' dir='ltr'>Iam</span> <span class='ocrx_word' id='word_1_106' title='bbox 605 865 647 898; x_wconf 89' lang='lat' dir='ltr'>ut</span> <span class='ocrx_word' id='word_1_107' title='bbox 673 860 911 911; x_wconf 87' lang='lat' dir='ltr'>perspicuum</span> <span class='ocrx_word' id='word_1_108' title='bbox 939 862 1002 897; x_wconf 87' lang='lat' dir='ltr'>fiat</span> <span class='ocrx_word' id='word_1_109' title='bbox 1030 860 1206 897; x_wconf 89' lang='lat' dir='ltr'>omnibus</span> <span class='ocrx_word' id='word_1_110' title='bbox 1235 859 1304 896; x_wconf 90' lang='lat' dir='ltr'>hac</span> <span class='ocrx_word' id='word_1_111' title='bbox 1330 858 1490 896; x_wconf 91' lang='lat' dir='ltr'>istorum</span> <span class='ocrx_word' id='word_1_112' title='bbox 1519 857 1609 895; x_wconf 82' lang='lat' dir='ltr'>doc-</span> 
     </span>
     <span class='ocr_line' id='line_1_13' title="bbox 75 923 1608 976; baseline -0.001 -14"><span class='ocrx_word' id='word_1_113' title='bbox 75 925 173 962; x_wconf 89' lang='lat' dir='ltr'>trina</span> <span class='ocrx_word' id='word_1_114' title='bbox 217 925 435 963; x_wconf 89' lang='lat' dir='ltr'>mendacem</span> <span class='ocrx_word' id='word_1_115' title='bbox 472 925 579 962; x_wconf 88' lang='lat' dir='ltr'>reddi</span> <span class='ocrx_word' id='word_1_116' title='bbox 616 930 651 963; x_wconf 91' lang='lat' dir='ltr'>et</span> <span class='ocrx_word' id='word_1_117' title='bbox 687 925 880 963; x_wconf 87' lang='lat' dir='ltr'>Christum</span> <span class='ocrx_word' id='word_1_118' title='bbox 916 928 1001 973; x_wconf 80' lang='lat'><strong>(44)</strong></span> <span class='ocrx_word' id='word_1_119' title='bbox 1038 925 1177 976; x_wconf 86' lang='lat' dir='ltr'>pariter</span> <span class='ocrx_word' id='word_1_120' title='bbox 1215 929 1249 962; x_wconf 88' lang='lat' dir='ltr'>et</span> <span class='ocrx_word' id='word_1_121' title='bbox 1286 924 1433 961; x_wconf 88' lang='lat' dir='ltr'>Patrem</span> <span class='ocrx_word' id='word_1_122' title='bbox 1475 923 1608 966; x_wconf 84' lang='lat' dir='ltr'>Deum,</span> 
     </span>
     <span class='ocr_line' id='line_1_14' title="bbox 78 987 1612 1041; baseline -0.002 -14"><span class='ocrx_word' id='word_1_123' title='bbox 78 990 292 1028; x_wconf 82' lang='lat' dir='ltr'>utramlibet</span> <span class='ocrx_word' id='word_1_124' title='bbox 329 990 431 1028; x_wconf 83' lang='lat' dir='ltr'>illius</span> <span class='ocrx_word' id='word_1_125' title='bbox 468 994 611 1041; x_wconf 88' lang='lat' dir='ltr'>partem</span> <span class='ocrx_word' id='word_1_126' title='bbox 651 989 908 1036; x_wconf 80' lang='lat' dir='ltr'>admittamus,</span> <span class='ocrx_word' id='word_1_127' title='bbox 945 989 1143 1027; x_wconf 85' lang='lat' dir='ltr'>manifesta</span> <span class='ocrx_word' id='word_1_128' title='bbox 1173 993 1259 1026; x_wconf 88' lang='lat' dir='ltr'>sunt</span> <span class='ocrx_word' id='word_1_129' title='bbox 1286 988 1428 1026; x_wconf 87' lang='lat' dir='ltr'>Christi</span> <span class='ocrx_word' id='word_1_130' title='bbox 1457 987 1612 1025; x_wconf 89' lang='lat' dir='ltr'>Domini</span> 
     </span>
     <span class='ocr_line' id='line_1_15' title="bbox 79 1053 1611 1106; baseline -0.002 -14"><span class='ocrx_word' id='word_1_131' title='bbox 79 1055 203 1098; x_wconf 77' lang='lat' dir='ltr'>verba,</span> <span class='ocrx_word' id='word_1_132' title='bbox 230 1055 368 1105; x_wconf 91' lang='lat' dir='ltr'>quibus</span> <span class='ocrx_word' id='word_1_133' title='bbox 406 1055 591 1093; x_wconf 90' lang='lat' dir='ltr'>neminem</span> <span class='ocrx_word' id='word_1_134' title='bbox 633 1067 787 1106; x_wconf 82' lang='lat' dir='ltr'>usquam</span> <span class='ocrx_word' id='word_1_135' title='bbox 816 1055 890 1092; x_wconf 91' lang='lat' dir='ltr'>nisi</span> <span class='ocrx_word' id='word_1_136' title='bbox 917 1067 981 1105; x_wconf 89' lang='lat' dir='ltr'>per</span> <span class='ocrx_word' id='word_1_137' title='bbox 1010 1067 1048 1092; x_wconf 90' lang='lat' dir='ltr'>se</span> <span class='ocrx_word' id='word_1_138' title='bbox 1076 1053 1120 1091; x_wconf 92' lang='lat' dir='ltr'>ad</span> <span class='ocrx_word' id='word_1_139' title='bbox 1150 1054 1299 1091; x_wconf 86' lang='lat' dir='ltr'>Patrem</span> <span class='ocrx_word' id='word_1_140' title='bbox 1329 1066 1434 1090; x_wconf 87' lang='lat' dir='ltr'>suum</span> <span class='ocrx_word' id='word_1_141' title='bbox 1462 1056 1497 1090; x_wconf 92' lang='lat' dir='ltr'>et</span> <span class='ocrx_word' id='word_1_142' title='bbox 1523 1064 1611 1103; x_wconf 92' lang='lat' dir='ltr'>pro·</span> 
     </span>
     <span class='ocr_line' id='line_1_16' title="bbox 75 1117 1611 1171; baseline -0.002 -14"><span class='ocrx_word' id='word_1_143' title='bbox 75 1120 163 1160; x_wconf 89' lang='lat' dir='ltr'>inde</span> <span class='ocrx_word' id='word_1_144' title='bbox 199 1120 246 1157; x_wconf 87' lang='lat' dir='ltr'>ad</span> <span class='ocrx_word' id='word_1_145' title='bbox 282 1120 396 1158; x_wconf 90' lang='lat' dir='ltr'>vitam</span> <span class='ocrx_word' id='word_1_146' title='bbox 426 1133 574 1171; x_wconf 90' lang='lat' dir='ltr'>quoque</span> <span class='ocrx_word' id='word_1_147' title='bbox 602 1125 790 1158; x_wconf 84' lang='lat' dir='ltr'>aeternam</span> <span class='ocrx_word' id='word_1_148' title='bbox 818 1120 1013 1170; x_wconf 90' lang='lat' dir='ltr'>pervenire</span> <span class='ocrx_word' id='word_1_149' title='bbox 1040 1132 1149 1169; x_wconf 88' lang='lat' dir='ltr'>posse</span> <span class='ocrx_word' id='word_1_150' title='bbox 1177 1118 1298 1163; x_wconf 88' lang='lat' dir='ltr'>docet,</span> <span class='ocrx_word' id='word_1_151' title='bbox 1327 1131 1364 1155; x_wconf 90' lang='lat' dir='ltr'>se</span> <span class='ocrx_word' id='word_1_152' title='bbox 1392 1131 1473 1155; x_wconf 90' lang='lat' dir='ltr'>esse</span> <span class='ocrx_word' id='word_1_153' title='bbox 1501 1117 1611 1163; x_wconf 90' lang='lat' dir='ltr'>viam,</span> 
     </span>
     <span class='ocr_line' id='line_1_17' title="bbox 81 1182 1611 1232; baseline -0.003 -10"><span class='ocrx_word' id='word_1_154' title='bbox 81 1198 118 1222; x_wconf 92' lang='lat' dir='ltr'>se</span> <span class='ocrx_word' id='word_1_155' title='bbox 147 1185 299 1229; x_wconf 85' lang='lat' dir='ltr'>ostium,</span> <span class='ocrx_word' id='word_1_156' title='bbox 337 1198 375 1222; x_wconf 89' lang='lat' dir='ltr'>se</span> <span class='ocrx_word' id='word_1_157' title='bbox 411 1190 448 1223; x_wconf 92' lang='lat' dir='ltr'>et</span> <span class='ocrx_word' id='word_1_158' title='bbox 484 1185 694 1223; x_wconf 85' lang='lat' dir='ltr'>ostiarium.</span> <span class='ocrx_word' id='word_1_159' title='bbox 750 1185 889 1222; x_wconf 89' lang='lat' dir='ltr'>Paulus</span> <span class='ocrx_word' id='word_1_160' title='bbox 928 1184 1032 1221; x_wconf 90' lang='lat' dir='ltr'>illum</span> <span class='ocrx_word' id='word_1_161' title='bbox 1068 1184 1158 1221; x_wconf 90' lang='lat' dir='ltr'>item</span> <span class='ocrx_word' id='word_1_162' title='bbox 1195 1196 1310 1220; x_wconf 87' lang='lat' dir='ltr'>unum</span> <span class='ocrx_word' id='word_1_163' title='bbox 1345 1187 1456 1232; x_wconf 80' lang='lat' dir='ltr'>atque</span> <span class='ocrx_word' id='word_1_164' title='bbox 1490 1182 1611 1219; x_wconf 89' lang='lat' dir='ltr'>solum</span> 
     </span>
     <span class='ocr_line' id='line_1_18' title="bbox 80 1248 1612 1298; baseline -0.001 -12"><span class='ocrx_word' id='word_1_165' title='bbox 80 1249 148 1286; x_wconf 83' lang='lat' dir='ltr'>Dei</span> <span class='ocrx_word' id='word_1_166' title='bbox 185 1254 219 1286; x_wconf 88' lang='lat' dir='ltr'>et</span> <span class='ocrx_word' id='word_1_167' title='bbox 255 1249 450 1286; x_wconf 83' lang='lat' dir='ltr'>hominum</span> <span class='ocrx_word' id='word_1_168' title='bbox 488 1248 731 1286; x_wconf 87' lang='lat' dir='ltr'>mediatorem</span> <span class='ocrx_word' id='word_1_169' title='bbox 760 1261 841 1286; x_wconf 90' lang='lat' dir='ltr'>esse</span> <span class='ocrx_word' id='word_1_170' title='bbox 868 1248 931 1294; x_wconf 91' lang='lat' dir='ltr'>ait,</span> <span class='ocrx_word' id='word_1_171' title='bbox 960 1248 1060 1285; x_wconf 89' lang='lat' dir='ltr'>haud</span> <span class='ocrx_word' id='word_1_172' title='bbox 1091 1248 1198 1285; x_wconf 88' lang='lat' dir='ltr'>aliter</span> <span class='ocrx_word' id='word_1_173' title='bbox 1226 1254 1339 1298; x_wconf 86' lang='lat' dir='ltr'>atque</span> <span class='ocrx_word' id='word_1_174' title='bbox 1368 1261 1463 1285; x_wconf 90' lang='lat' dir='ltr'>unus</span> <span class='ocrx_word' id='word_1_175' title='bbox 1493 1252 1548 1284; x_wconf 85' lang='lat' dir='ltr'>est</span> <span class='ocrx_word' id='word_1_176' title='bbox 1576 1251 1612 1284; x_wconf 89' lang='lat' dir='ltr'>et</span> 
     </span>
     <span class='ocr_line' id='line_1_19' title="bbox 78 1311 1610 1363; baseline -0.001 -13"><span class='ocrx_word' id='word_1_177' title='bbox 78 1313 179 1350; x_wconf 89' lang='lat' dir='ltr'>solus</span> <span class='ocrx_word' id='word_1_178' title='bbox 216 1317 326 1363; x_wconf 89' lang='lat' dir='ltr'>atque</span> <span class='ocrx_word' id='word_1_179' title='bbox 361 1313 460 1350; x_wconf 88' lang='lat' dir='ltr'>idem</span> <span class='ocrx_word' id='word_1_180' title='bbox 488 1318 665 1363; x_wconf 85' lang='lat' dir='ltr'>perpetuo</span> <span class='ocrx_word' id='word_1_181' title='bbox 694 1313 773 1363; x_wconf 89' lang='lat' dir='ltr'>ipse</span> <span class='ocrx_word' id='word_1_182' title='bbox 802 1313 913 1351; x_wconf 85' lang='lat' dir='ltr'>Deus.</span> <span class='ocrx_word' id='word_1_183' title='bbox 967 1313 1160 1350; x_wconf 86' lang='lat' dir='ltr'>Praeterea</span> <span class='ocrx_word' id='word_1_184' title='bbox 1188 1312 1347 1363; x_wconf 87' lang='lat' dir='ltr'>ipsemet</span> <span class='ocrx_word' id='word_1_185' title='bbox 1372 1312 1480 1349; x_wconf 89' lang='lat' dir='ltr'>Pater</span> <span class='ocrx_word' id='word_1_186' title='bbox 1509 1311 1610 1349; x_wconf 83' lang='lat' dir='ltr'>Deus</span> 
     </span>
     <span class='ocr_line' id='line_1_20' title="bbox 79 1376 1611 1428; baseline -0.002 -14"><span class='ocrx_word' id='word_1_187' title='bbox 79 1378 117 1414; x_wconf 91' lang='lat' dir='ltr'>in</span> <span class='ocrx_word' id='word_1_188' title='bbox 157 1378 237 1414; x_wconf 91' lang='lat' dir='ltr'>solo</span> <span class='ocrx_word' id='word_1_189' title='bbox 276 1377 427 1415; x_wconf 90' lang='lat' dir='ltr'>Christo</span> <span class='ocrx_word' id='word_1_190' title='bbox 463 1377 626 1414; x_wconf 90' lang='lat' dir='ltr'>Domino</span> <span class='ocrx_word' id='word_1_191' title='bbox 655 1377 818 1414; x_wconf 88' lang='lat' dir='ltr'>animam</span> <span class='ocrx_word' id='word_1_192' title='bbox 849 1390 966 1421; x_wconf 84' lang='lat' dir='ltr'>suam,</span> <span class='ocrx_word' id='word_1_193' title='bbox 994 1382 1147 1428; x_wconf 85' lang='lat' dir='ltr'>peccato</span> <span class='ocrx_word' id='word_1_194' title='bbox 1177 1382 1307 1414; x_wconf 84' lang='lat' dir='ltr'>nostro</span> <span class='ocrx_word' id='word_1_195' title='bbox 1336 1390 1355 1413; x_wconf 91' lang='lat' dir='ltr'>a</span> <span class='ocrx_word' id='word_1_196' title='bbox 1382 1376 1491 1414; x_wconf 90' lang='lat' dir='ltr'>nobis</span> <span class='ocrx_word' id='word_1_197' title='bbox 1520 1376 1611 1413; x_wconf 85' lang='lat' dir='ltr'>aha-</span> 
     </span>
     <span class='ocr_line' id='line_1_21' title="bbox 76 1441 1612 1493; baseline -0.001 -13"><span class='ocrx_word' id='word_1_198' title='bbox 76 1443 265 1488; x_wconf 79' lang='lat' dir='ltr'>lienatam,</span> <span class='ocrx_word' id='word_1_199' title='bbox 303 1443 424 1480; x_wconf 87' lang='lat' dir='ltr'>denuo</span> <span class='ocrx_word' id='word_1_200' title='bbox 454 1443 642 1493; x_wconf 85' lang='lat' dir='ltr'>placatam</span> <span class='ocrx_word' id='word_1_201' title='bbox 671 1455 751 1480; x_wconf 89' lang='lat' dir='ltr'>esse</span> <span class='ocrx_word' id='word_1_202' title='bbox 778 1446 949 1481; x_wconf 88' lang='lat' dir='ltr'>testatur.</span> <span class='ocrx_word' id='word_1_203' title='bbox 1002 1442 1052 1479; x_wconf 88' lang='lat' dir='ltr'>Et</span> <span class='ocrx_word' id='word_1_204' title='bbox 1079 1442 1213 1479; x_wconf 89' lang='lat' dir='ltr'>Petrus</span> <span class='ocrx_word' id='word_1_205' title='bbox 1242 1442 1365 1480; x_wconf 85' lang='lat' dir='ltr'>verbis</span> <span class='ocrx_word' id='word_1_206' title='bbox 1395 1441 1612 1479; x_wconf 88' lang='lat' dir='ltr'>clarissimis</span> 
     </span>
     <span class='ocr_line' id='line_1_22' title="bbox 78 1506 1613 1558; baseline -0.001 -13"><span class='ocrx_word' id='word_1_207' title='bbox 78 1508 198 1554; x_wconf 90' lang='lat' dir='ltr'>docet,</span> <span class='ocrx_word' id='word_1_208' title='bbox 237 1521 313 1545; x_wconf 89' lang='lat' dir='ltr'>non</span> <span class='ocrx_word' id='word_1_209' title='bbox 352 1521 431 1545; x_wconf 88' lang='lat' dir='ltr'>esse</span> <span class='ocrx_word' id='word_1_210' title='bbox 468 1507 573 1545; x_wconf 89' lang='lat' dir='ltr'>aliud</span> <span class='ocrx_word' id='word_1_211' title='bbox 602 1508 719 1545; x_wconf 91' lang='lat' dir='ltr'>ullum</span> <span class='ocrx_word' id='word_1_212' title='bbox 749 1507 818 1545; x_wconf 91' lang='lat' dir='ltr'>sub</span> <span class='ocrx_word' id='word_1_213' title='bbox 849 1508 952 1544; x_wconf 89' lang='lat' dir='ltr'>coelo</span> <span class='ocrx_word' id='word_1_214' title='bbox 979 1519 1128 1553; x_wconf 90' lang='lat' dir='ltr'>nomen,</span> <span class='ocrx_word' id='word_1_215' title='bbox 1157 1507 1195 1544; x_wconf 90' lang='lat' dir='ltr'>in</span> <span class='ocrx_word' id='word_1_216' title='bbox 1224 1520 1297 1558; x_wconf 92' lang='lat' dir='ltr'>quo</span> <span class='ocrx_word' id='word_1_217' title='bbox 1328 1507 1464 1545; x_wconf 86' lang='lat' dir='ltr'>servari</span> <span class='ocrx_word' id='word_1_218' title='bbox 1493 1506 1613 1557; x_wconf 87' lang='lat' dir='ltr'>possi·</span> 
     </span>
     <span class='ocr_line' id='line_1_23' title="bbox 79 1571 1612 1622; baseline -0.001 -13"><span class='ocrx_word' id='word_1_219' title='bbox 79 1585 175 1611; x_wconf 91' lang='lat' dir='ltr'>mus.</span> <span class='ocrx_word' id='word_1_220' title='bbox 230 1572 347 1609; x_wconf 89' lang='lat' dir='ltr'>Porro</span> <span class='ocrx_word' id='word_1_221' title='bbox 387 1572 432 1609; x_wconf 89' lang='lat' dir='ltr'>ad</span> <span class='ocrx_word' id='word_1_222' title='bbox 463 1571 653 1610; x_wconf 86' lang='lat' dir='ltr'>Christum</span> <span class='ocrx_word' id='word_1_223' title='bbox 682 1585 792 1609; x_wconf 90' lang='lat' dir='ltr'>nemo</span> <span class='ocrx_word' id='word_1_224' title='bbox 820 1571 996 1622; x_wconf 90' lang='lat' dir='ltr'>pertinet,</span> <span class='ocrx_word' id='word_1_225' title='bbox 1023 1572 1087 1621; x_wconf 91' lang='lat' dir='ltr'>qui</span> <span class='ocrx_word' id='word_1_226' title='bbox 1118 1584 1193 1608; x_wconf 90' lang='lat' dir='ltr'>non</span> <span class='ocrx_word' id='word_1_227' title='bbox 1223 1571 1278 1608; x_wconf 91' lang='lat' dir='ltr'>illi</span> <span class='ocrx_word' id='word_1_228' title='bbox 1308 1572 1407 1609; x_wconf 89' lang='lat' dir='ltr'>velut</span> <span class='ocrx_word' id='word_1_229' title='bbox 1436 1571 1504 1608; x_wconf 89' lang='lat' dir='ltr'>viti</span> <span class='ocrx_word' id='word_1_230' title='bbox 1531 1571 1612 1622; x_wconf 85' lang='lat' dir='ltr'>pal-</span> 
     </span>
     <span class='ocr_line' id='line_1_24' title="bbox 77 1635 1610 1687; baseline -0.001 -13"><span class='ocrx_word' id='word_1_231' title='bbox 77 1637 184 1674; x_wconf 89' lang='lat' dir='ltr'>mites</span> <span class='ocrx_word' id='word_1_232' title='bbox 214 1641 276 1674; x_wconf 89' lang='lat' dir='ltr'>aut</span> <span class='ocrx_word' id='word_1_233' title='bbox 302 1636 442 1687; x_wconf 90' lang='lat' dir='ltr'>plantis</span> <span class='ocrx_word' id='word_1_234' title='bbox 471 1636 614 1674; x_wconf 85' lang='lat' dir='ltr'>succuli</span> <span class='ocrx_word' id='word_1_235' title='bbox 639 1636 840 1675; x_wconf 86' lang='lat' dir='ltr'>inseratur.</span> <span class='ocrx_word' id='word_1_236' title='bbox 870 1636 985 1674; x_wconf 75' lang='lat' dir='ltr'>Quod</span> <span class='ocrx_word' id='word_1_237' title='bbox 1014 1636 1184 1687; x_wconf 86' lang='lat' dir='ltr'>equidem</span> <span class='ocrx_word' id='word_1_238' title='bbox 1215 1637 1290 1674; x_wconf 89' lang='lat' dir='ltr'>fieri</span> <span class='ocrx_word' id='word_1_239' title='bbox 1322 1635 1610 1686; x_wconf 84' lang='lat' dir='ltr'>haudquaquam</span> 
     </span>
     <span class='ocr_line' id='line_1_25' title="bbox 77 1699 1611 1751; baseline 0.001 -15"><span class='ocrx_word' id='word_1_240' title='bbox 77 1704 212 1751; x_wconf 87' lang='lat' dir='ltr'>potest,</span> <span class='ocrx_word' id='word_1_241' title='bbox 249 1699 432 1751; x_wconf 86' lang='lat' dir='ltr'>tantisper</span> <span class='ocrx_word' id='word_1_242' title='bbox 469 1700 556 1737; x_wconf 88' lang='lat' dir='ltr'>dum</span> <span class='ocrx_word' id='word_1_243' title='bbox 592 1700 632 1738; x_wconf 90' lang='lat' dir='ltr'>in</span> <span class='ocrx_word' id='word_1_244' title='bbox 669 1700 794 1751; x_wconf 86' lang='lat' dir='ltr'>priore</span> <span class='ocrx_word' id='word_1_245' title='bbox 822 1705 949 1737; x_wconf 87' lang='lat' dir='ltr'>nostra</span> <span class='ocrx_word' id='word_1_246' title='bbox 978 1713 1023 1737; x_wconf 83' lang='lat' dir='ltr'>ex</span> <span class='ocrx_word' id='word_1_247' title='bbox 1052 1699 1136 1737; x_wconf 82' lang='lat' dir='ltr'>Ada</span> <span class='ocrx_word' id='word_1_248' title='bbox 1162 1705 1268 1751; x_wconf 87' lang='lat' dir='ltr'>patre</span> <span class='ocrx_word' id='word_1_249' title='bbox 1296 1705 1426 1737; x_wconf 90' lang='lat' dir='ltr'>nostro</span> <span class='ocrx_word' id='word_1_250' title='bbox 1454 1713 1611 1749; x_wconf 82' lang='lat' dir='ltr'>genera-</span> 
     </span>
     <span class='ocr_line' id='line_1_26' title="bbox 77 1763 1612 1813; baseline 0.001 -12"><span class='ocrx_word' id='word_1_251' title='bbox 77 1763 179 1801; x_wconf 89' lang='lat' dir='ltr'>tione</span> <span class='ocrx_word' id='word_1_252' title='bbox 208 1763 414 1801; x_wconf 88' lang='lat' dir='ltr'>haeremus.</span> <span class='ocrx_word' id='word_1_253' title='bbox 472 1763 663 1801; x_wconf 75' lang='lat' dir='ltr'>Quamdiu</span> <span class='ocrx_word' id='word_1_254' title='bbox 691 1763 790 1800; x_wconf 89' lang='lat' dir='ltr'>enim</span> <span class='ocrx_word' id='word_1_255' title='bbox 819 1763 923 1800; x_wconf 88' lang='lat' dir='ltr'>Adae</span> <span class='ocrx_word' id='word_1_256' title='bbox 950 1764 1149 1813; x_wconf 76' lang='lat' dir='ltr'>progenies</span> <span class='ocrx_word' id='word_1_257' title='bbox 1178 1776 1318 1808; x_wconf 88' lang='lat' dir='ltr'>sumus,</span> <span class='ocrx_word' id='word_1_258' title='bbox 1345 1768 1418 1800; x_wconf 88' lang='lat' dir='ltr'>tam</span> <span class='ocrx_word' id='word_1_259' title='bbox 1450 1763 1514 1801; x_wconf 91' lang='lat' dir='ltr'>diu.</span> <span class='ocrx_word' id='word_1_260' title='bbox 1541 1777 1612 1802; x_wconf 85' lang='lat' dir='ltr'>nos</span> 
     </span>
     <span class='ocr_line' id='line_1_27' title="bbox 76 1828 1612 1879; baseline 0 -13"><span class='ocrx_word' id='word_1_261' title='bbox 76 1832 203 1866; x_wconf 88' lang='lat' dir='ltr'>manet</span> <span class='ocrx_word' id='word_1_262' title='bbox 243 1841 388 1879; x_wconf 88' lang='lat' dir='ltr'>semper</span> <span class='ocrx_word' id='word_1_263' title='bbox 414 1828 597 1865; x_wconf 87' lang='lat' dir='ltr'>iudicium</span> <span class='ocrx_word' id='word_1_264' title='bbox 625 1828 843 1866; x_wconf 86' lang='lat' dir='ltr'>inevitabile</span> <span class='ocrx_word' id='word_1_265' title='bbox 873 1829 910 1866; x_wconf 92' lang='lat' dir='ltr'>in</span> <span class='ocrx_word' id='word_1_266' title='bbox 949 1828 1312 1874; x_wconf 84' lang='lat' dir='ltr'>condemnationem,</span> <span class='ocrx_word' id='word_1_267' title='bbox 1341 1841 1461 1879; x_wconf 89' lang='lat' dir='ltr'>neque</span> <span class='ocrx_word' id='word_1_268' title='bbox 1488 1828 1612 1867; x_wconf 88' lang='lat' dir='ltr'>vivere</span> 
     </span>
     <span class='ocr_line' id='line_1_28' title="bbox 76 1890 1611 1941; baseline 0 -13"><span class='ocrx_word' id='word_1_269' title='bbox 76 1903 287 1941; x_wconf 86' lang='lat' dir='ltr'>possumus,</span> <span class='ocrx_word' id='word_1_270' title='bbox 324 1890 399 1928; x_wconf 89' lang='lat' dir='ltr'>nisi</span> <span class='ocrx_word' id='word_1_271' title='bbox 435 1891 532 1928; x_wconf 87' lang='lat' dir='ltr'>hanc</span> <span class='ocrx_word' id='word_1_272' title='bbox 569 1890 608 1928; x_wconf 90' lang='lat' dir='ltr'>in</span> <span class='ocrx_word' id='word_1_273' title='bbox 647 1895 806 1928; x_wconf 88' lang='lat' dir='ltr'>mortem</span> <span class='ocrx_word' id='word_1_274' title='bbox 837 1890 957 1928; x_wconf 87' lang='lat' dir='ltr'>nostri</span> <span class='ocrx_word' id='word_1_275' title='bbox 994 1904 1039 1929; x_wconf 88' lang='lat' dir='ltr'>ex</span> <span class='ocrx_word' id='word_1_276' title='bbox 1077 1891 1160 1929; x_wconf 86' lang='lat' dir='ltr'>Ada</span> <span class='ocrx_word' id='word_1_277' title='bbox 1188 1891 1469 1940; x_wconf 83' lang='lat' dir='ltr'>generationem</span> <span class='ocrx_word' id='word_1_278' title='bbox 1496 1892 1611 1929; x_wconf 86' lang='lat' dir='ltr'>altera</span> 
     </span>
     <span class='ocr_line' id='line_1_29' title="bbox 77 1955 1611 2007; baseline 0 -13"><span class='ocrx_word' id='word_1_279' title='bbox 77 1970 171 2006; x_wconf 82' lang='lat' dir='ltr'>quae</span> <span class='ocrx_word' id='word_1_280' title='bbox 207 1957 246 1994; x_wconf 90' lang='lat' dir='ltr'>in</span> <span class='ocrx_word' id='word_1_281' title='bbox 282 1956 395 1994; x_wconf 88' lang='lat' dir='ltr'>vitam</span> <span class='ocrx_word' id='word_1_282' title='bbox 431 1960 487 1994; x_wconf 89' lang='lat' dir='ltr'>est</span> <span class='ocrx_word' id='word_1_283' title='bbox 525 1961 788 2007; x_wconf 88' lang='lat' dir='ltr'>permutemus.</span> <span class='ocrx_word' id='word_1_284' title='bbox 844 1955 965 1993; x_wconf 85' lang='lat' dir='ltr'>Simul</span> <span class='ocrx_word' id='word_1_285' title='bbox 1001 1955 1116 2004; x_wconf 82' lang='lat' dir='ltr'>igitur</span> <span class='ocrx_word' id='word_1_286' title='bbox 1144 1956 1245 1993; x_wconf 87' lang='lat' dir='ltr'>etin</span> <span class='ocrx_word' id='word_1_287' title='bbox 1274 1956 1398 2006; x_wconf 90' lang='lat' dir='ltr'>priore</span> <span class='ocrx_word' id='word_1_288' title='bbox 1435 1969 1529 2006; x_wconf 85' lang='lat' dir='ltr'>quae</span> <span class='ocrx_word' id='word_1_289' title='bbox 1555 1961 1611 1994; x_wconf 88' lang='lat' dir='ltr'>est</span> 
     </span>
     <span class='ocr_line' id='line_1_30' title="bbox 77 2019 1610 2070; baseline -0.001 -11"><span class='ocrx_word' id='word_1_290' title='bbox 77 2020 123 2059; x_wconf 90' lang='lat' dir='ltr'>ad</span> <span class='ocrx_word' id='word_1_291' title='bbox 153 2026 308 2059; x_wconf 84' lang='lat' dir='ltr'>mortem</span> <span class='ocrx_word' id='word_1_292' title='bbox 335 2021 578 2070; x_wconf 83' lang='lat' dir='ltr'>generatione</span> <span class='ocrx_word' id='word_1_293' title='bbox 607 2020 769 2065; x_wconf 86' lang='lat' dir='ltr'>haerere,</span> <span class='ocrx_word' id='word_1_294' title='bbox 798 2024 832 2058; x_wconf 87' lang='lat' dir='ltr'>et</span> <span class='ocrx_word' id='word_1_295' title='bbox 861 2019 904 2057; x_wconf 89' lang='lat' dir='ltr'>ad</span> <span class='ocrx_word' id='word_1_296' title='bbox 937 2019 1124 2057; x_wconf 87' lang='lat' dir='ltr'>Christum</span> <span class='ocrx_word' id='word_1_297' title='bbox 1154 2020 1265 2057; x_wconf 83' lang='lat' dir='ltr'>etiam</span> <span class='ocrx_word' id='word_1_298' title='bbox 1294 2020 1479 2070; x_wconf 83' lang='lat' dir='ltr'>pertinere</span> <span class='ocrx_word' id='word_1_299' title='bbox 1505 2020 1610 2058; x_wconf 91' lang='lat' dir='ltr'>nullo</span> 
     </span>
     <span class='ocr_line' id='line_1_31' title="bbox 77 2082 1610 2135; baseline -0.001 -14"><span class='ocrx_word' id='word_1_300' title='bbox 77 2084 189 2121; x_wconf 88' lang='lat' dir='ltr'>modo</span> <span class='ocrx_word' id='word_1_301' title='bbox 226 2097 439 2135; x_wconf 88' lang='lat' dir='ltr'>possumus,</span> <span class='ocrx_word' id='word_1_302' title='bbox 476 2096 558 2120; x_wconf 90' lang='lat' dir='ltr'>cum</span> <span class='ocrx_word' id='word_1_303' title='bbox 589 2083 694 2120; x_wconf 85' lang='lat' dir='ltr'>nulla</span> <span class='ocrx_word' id='word_1_304' title='bbox 723 2083 770 2120; x_wconf 88' lang='lat' dir='ltr'>sit</span> <span class='ocrx_word' id='word_1_305' title='bbox 799 2082 1063 2120; x_wconf 85' lang='lat' dir='ltr'>condemnatio</span> <span class='ocrx_word' id='word_1_306' title='bbox 1092 2082 1149 2119; x_wconf 89' lang='lat' dir='ltr'>his</span> <span class='ocrx_word' id='word_1_307' title='bbox 1177 2083 1243 2133; x_wconf 92' lang='lat' dir='ltr'>qui</span> <span class='ocrx_word' id='word_1_308' title='bbox 1270 2087 1357 2120; x_wconf 90' lang='lat' dir='ltr'>sunt</span> <span class='ocrx_word' id='word_1_309' title='bbox 1392 2082 1431 2120; x_wconf 91' lang='lat' dir='ltr'>in</span> <span class='ocrx_word' id='word_1_310' title='bbox 1460 2083 1610 2121; x_wconf 84' lang='lat' dir='ltr'>Christo</span> 
     </span>
     <span class='ocr_line' id='line_1_32' title="bbox 77 2147 1611 2200; baseline -0.001 -14"><span class='ocrx_word' id='word_1_311' title='bbox 77 2149 177 2194; x_wconf 88' lang='lat' dir='ltr'>Iesu,</span> <span class='ocrx_word' id='word_1_312' title='bbox 203 2152 462 2200; x_wconf 85' lang='lat' dir='ltr'>praeterquam</span> <span class='ocrx_word' id='word_1_313' title='bbox 492 2148 522 2185; x_wconf 88' lang='lat' dir='ltr'>si</span> <span class='ocrx_word' id='word_1_314' title='bbox 550 2147 651 2185; x_wconf 88' lang='lat' dir='ltr'>illius</span> <span class='ocrx_word' id='word_1_315' title='bbox 680 2147 903 2185; x_wconf 88' lang='lat' dir='ltr'>beneficium</span> <span class='ocrx_word' id='word_1_316' title='bbox 934 2151 1187 2191; x_wconf 79' lang='lat' dir='ltr'>contemnant,</span> <span class='ocrx_word' id='word_1_317' title='bbox 1214 2167 1264 2174; x_wconf 93' lang='lat'><strong>—</strong></span> <span class='ocrx_word' id='word_1_318' title='bbox 1285 2159 1347 2184; x_wconf 89' lang='lat' dir='ltr'>eos</span> <span class='ocrx_word' id='word_1_319' title='bbox 1377 2159 1462 2184; x_wconf 91' lang='lat' dir='ltr'>vero</span> <span class='ocrx_word' id='word_1_320' title='bbox 1489 2147 1554 2197; x_wconf 87' lang='lat' dir='ltr'>qui</span> <span class='ocrx_word' id='word_1_321' title='bbox 1572 2147 1611 2184; x_wconf 91' lang='lat' dir='ltr'>in</span> 
     </span>
     <span class='ocr_line' id='line_1_33' title="bbox 76 2210 1610 2264; baseline -0.002 -14"><span class='ocrx_word' id='word_1_322' title='bbox 76 2213 200 2264; x_wconf 88' lang='lat' dir='ltr'>priore</span> <span class='ocrx_word' id='word_1_323' title='bbox 227 2226 272 2251; x_wconf 83' lang='lat' dir='ltr'>ex</span> <span class='ocrx_word' id='word_1_324' title='bbox 303 2213 387 2250; x_wconf 85' lang='lat' dir='ltr'>Ada</span> <span class='ocrx_word' id='word_1_325' title='bbox 414 2212 658 2262; x_wconf 83' lang='lat' dir='ltr'>generatione</span> <span class='ocrx_word' id='word_1_326' title='bbox 686 2211 852 2257; x_wconf 85' lang='lat' dir='ltr'>haerent,</span> <span class='ocrx_word' id='word_1_327' title='bbox 883 2210 977 2248; x_wconf 91' lang='lat' dir='ltr'>nihil</span> <span class='ocrx_word' id='word_1_328' title='bbox 1005 2210 1107 2248; x_wconf 90' lang='lat' dir='ltr'>aliud</span> <span class='ocrx_word' id='word_1_329' title='bbox 1144 2215 1291 2248; x_wconf 85' lang='lat' dir='ltr'>maneat</span> <span class='ocrx_word' id='word_1_330' title='bbox 1327 2211 1470 2248; x_wconf 90' lang='lat' dir='ltr'>omneis</span> <span class='ocrx_word' id='word_1_331' title='bbox 1498 2224 1610 2262; x_wconf 90' lang='lat' dir='ltr'>quam</span> 
     </span>
     <span class='ocr_line' id='line_1_34' title="bbox 75 2268 1612 2326; baseline 0 -12"><span class='ocrx_word' id='word_1_332' title='bbox 75 2277 292 2316; x_wconf 86' lang='lat' dir='ltr'>inevitabile</span> <span class='ocrx_word' id='word_1_333' title='bbox 319 2277 357 2316; x_wconf 93' lang='lat' dir='ltr'>in</span> <span class='ocrx_word' id='word_1_334' title='bbox 390 2277 745 2315; x_wconf 88' lang='lat' dir='ltr'>condemnationem</span> <span class='ocrx_word' id='word_1_335' title='bbox 773 2275 967 2321; x_wconf 83' lang='lat' dir='ltr'>iudicium,</span> <span class='ocrx_word' id='word_1_336' title='bbox 994 2275 1309 2326; x_wconf 83' lang='lat' dir='ltr'>quemadmodum</span> <span class='ocrx_word' id='word_1_337' title='bbox 1332 2268 1469 2313; x_wconf 81' lang='lat' dir='ltr'>Paulus</span> <span class='ocrx_word' id='word_1_338' title='bbox 1490 2277 1612 2322; x_wconf 85' lang='lat' dir='ltr'>docet,</span> 
     </span>
     <span class='ocr_line' id='line_1_35' title="bbox 75 2340 1608 2391; baseline -0.001 -11"><span class='ocrx_word' id='word_1_339' title='bbox 75 2343 222 2380; x_wconf 85' lang='lat' dir='ltr'>etiamsi</span> <span class='ocrx_word' id='word_1_340' title='bbox 255 2355 332 2380; x_wconf 89' lang='lat' dir='ltr'>non</span> <span class='ocrx_word' id='word_1_341' title='bbox 369 2356 499 2380; x_wconf 91' lang='lat' dir='ltr'>omnes</span> <span class='ocrx_word' id='word_1_342' title='bbox 537 2341 582 2379; x_wconf 87' lang='lat' dir='ltr'>ad</span> <span class='ocrx_word' id='word_1_343' title='bbox 613 2340 895 2379; x_wconf 90' lang='lat' dir='ltr'>similitudinem</span> <span class='ocrx_word' id='word_1_344' title='bbox 926 2340 1235 2389; x_wconf 86' lang='lat' dir='ltr'>transgressionis</span> <span class='ocrx_word' id='word_1_345' title='bbox 1264 2340 1368 2378; x_wconf 89' lang='lat' dir='ltr'>Adae</span> <span class='ocrx_word' id='word_1_346' title='bbox 1394 2345 1608 2391; x_wconf 88' lang='lat' dir='ltr'>peccarunt.</span> 
     </span>
     <span class='ocr_line' id='line_1_36' title="bbox 77 2404 1609 2449; baseline -0.001 -5"><span class='ocrx_word' id='word_1_347' title='bbox 77 2406 205 2444; x_wconf 81' lang='lat' dir='ltr'>Quare</span> <span class='ocrx_word' id='word_1_348' title='bbox 239 2410 303 2444; x_wconf 85' lang='lat' dir='ltr'>aut</span> <span class='ocrx_word' id='word_1_349' title='bbox 337 2419 432 2443; x_wconf 87' lang='lat' dir='ltr'>vana</span> <span class='ocrx_word' id='word_1_350' title='bbox 469 2405 539 2443; x_wconf 88' lang='lat' dir='ltr'>erit</span> <span class='ocrx_word' id='word_1_351' title='bbox 567 2404 692 2442; x_wconf 88' lang='lat' dir='ltr'>divina</span> <span class='ocrx_word' id='word_1_352' title='bbox 729 2405 794 2441; x_wconf 89' lang='lat' dir='ltr'>illa</span> <span class='ocrx_word' id='word_1_353' title='bbox 831 2404 878 2441; x_wconf 90' lang='lat' dir='ltr'>ad</span> <span class='ocrx_word' id='word_1_354' title='bbox 907 2404 1107 2449; x_wconf 77' lang='lat' dir='ltr'>Adamana,</span> <span class='ocrx_word' id='word_1_355' title='bbox 1136 2416 1204 2441; x_wconf 89' lang='lat' dir='ltr'>nos</span> <span class='ocrx_word' id='word_1_356' title='bbox 1233 2404 1376 2441; x_wconf 88' lang='lat' dir='ltr'>omneis</span> <span class='ocrx_word' id='word_1_357' title='bbox 1404 2404 1442 2441; x_wconf 89' lang='lat' dir='ltr'>in</span> <span class='ocrx_word' id='word_1_358' title='bbox 1472 2404 1609 2442; x_wconf 89' lang='lat' dir='ltr'>lumbis</span> 
     </span>
     <span class='ocr_line' id='line_1_37' title="bbox 79 2467 1608 2520; baseline -0.003 -12"><span class='ocrx_word' id='word_1_359' title='bbox 79 2471 156 2508; x_wconf 89' lang='lat' dir='ltr'>suis</span> <span class='ocrx_word' id='word_1_360' title='bbox 184 2475 275 2508; x_wconf 91' lang='lat' dir='ltr'>tunc</span> <span class='ocrx_word' id='word_1_361' title='bbox 305 2470 622 2520; x_wconf 84' lang='lat' dir='ltr'>complectentem,</span> <span class='ocrx_word' id='word_1_362' title='bbox 659 2469 804 2519; x_wconf 87' lang='lat' dir='ltr'>prolata</span> <span class='ocrx_word' id='word_1_363' title='bbox 843 2468 1026 2506; x_wconf 89' lang='lat' dir='ltr'>sententia</span> <span class='ocrx_word' id='word_1_364' title='bbox 1066 2474 1213 2505; x_wconf 77' lang='lat' dir='ltr'>nmorte</span> <span class='ocrx_word' id='word_1_365' title='bbox 1239 2467 1446 2511; x_wconf 86' lang='lat' dir='ltr'>morieris&#39;&#39;,</span> <span class='ocrx_word' id='word_1_366' title='bbox 1474 2480 1608 2505; x_wconf 86' lang='lat' dir='ltr'>vanum</span> 
     </span>
     <span class='ocr_line' id='line_1_38' title="bbox 75 2533 1611 2581; baseline -0.001 -10"><span class='ocrx_word' id='word_1_367' title='bbox 75 2535 163 2573; x_wconf 89' lang='lat' dir='ltr'>item</span> <span class='ocrx_word' id='word_1_368' title='bbox 194 2534 299 2572; x_wconf 88' lang='lat' dir='ltr'>Pauli</span> <span class='ocrx_word' id='word_1_369' title='bbox 327 2534 421 2571; x_wconf 92' lang='lat' dir='ltr'>illud</span> <span class='ocrx_word' id='word_1_370' title='bbox 450 2547 579 2571; x_wconf 86' lang='lat' dir='ltr'>omnes</span> <span class='ocrx_word' id='word_1_371' title='bbox 607 2534 646 2571; x_wconf 91' lang='lat' dir='ltr'>in</span> <span class='ocrx_word' id='word_1_372' title='bbox 675 2533 759 2571; x_wconf 87' lang='lat' dir='ltr'>Ada</span> <span class='ocrx_word' id='word_1_373' title='bbox 787 2533 882 2570; x_wconf 91' lang='lat' dir='ltr'>mori</span> <span class='ocrx_word' id='word_1_374' title='bbox 911 2537 947 2571; x_wconf 89' lang='lat' dir='ltr'>et</span> <span class='ocrx_word' id='word_1_375' title='bbox 975 2546 1123 2570; x_wconf 88' lang='lat' dir='ltr'>manere</span> <span class='ocrx_word' id='word_1_376' title='bbox 1150 2546 1218 2570; x_wconf 91' lang='lat' dir='ltr'>nos</span> <span class='ocrx_word' id='word_1_377' title='bbox 1243 2546 1372 2570; x_wconf 90' lang='lat' dir='ltr'>omnes</span> <span class='ocrx_word' id='word_1_378' title='bbox 1395 2533 1611 2581; x_wconf 77' lang='lat' dir='ltr'>inevitabile</span> 
     </span>
     <span class='ocr_line' id='line_1_39' title="bbox 78 2597 1610 2648; baseline -0.001 -11"><span class='ocrx_word' id='word_1_379' title='bbox 78 2599 261 2637; x_wconf 91' lang='lat' dir='ltr'>iudicium</span> <span class='ocrx_word' id='word_1_380' title='bbox 291 2599 330 2636; x_wconf 88' lang='lat' dir='ltr'>in</span> <span class='ocrx_word' id='word_1_381' title='bbox 360 2598 710 2636; x_wconf 85' lang='lat' dir='ltr'>condemnationem</span> <span class='ocrx_word' id='word_1_382' title='bbox 738 2597 920 2648; x_wconf 85' lang='lat' dir='ltr'>tantisper</span> <span class='ocrx_word' id='word_1_383' title='bbox 949 2597 1037 2634; x_wconf 89' lang='lat' dir='ltr'>dum</span> <span class='ocrx_word' id='word_1_384' title='bbox 1064 2597 1102 2635; x_wconf 92' lang='lat' dir='ltr'>in</span> <span class='ocrx_word' id='word_1_385' title='bbox 1130 2597 1254 2648; x_wconf 90' lang='lat' dir='ltr'>priore</span> <span class='ocrx_word' id='word_1_386' title='bbox 1281 2610 1325 2635; x_wconf 86' lang='lat' dir='ltr'>ex</span> <span class='ocrx_word' id='word_1_387' title='bbox 1354 2597 1435 2635; x_wconf 89' lang='lat' dir='ltr'>Ada</span> <span class='ocrx_word' id='word_1_388' title='bbox 1455 2610 1610 2646; x_wconf 87' lang='lat' dir='ltr'>genera-</span> 
     </span>
     <span class='ocr_line' id='line_1_40' title="bbox 77 2661 1610 2713; baseline -0.001 -11"><span class='ocrx_word' id='word_1_389' title='bbox 77 2664 181 2702; x_wconf 90' lang='lat' dir='ltr'>tione</span> <span class='ocrx_word' id='word_1_390' title='bbox 210 2664 419 2708; x_wconf 83' lang='lat' dir='ltr'>haeremus,</span> <span class='ocrx_word' id='word_1_391' title='bbox 447 2662 628 2713; x_wconf 87' lang='lat' dir='ltr'>siquidem</span> <span class='ocrx_word' id='word_1_392' title='bbox 658 2666 745 2700; x_wconf 87' lang='lat' dir='ltr'>ante</span> <span class='ocrx_word' id='word_1_393' title='bbox 772 2661 1092 2711; x_wconf 87' lang='lat' dir='ltr'>regenerationem</span> <span class='ocrx_word' id='word_1_394' title='bbox 1121 2674 1321 2701; x_wconf 86' lang='lat' dir='ltr'>servamur.</span> <span class='ocrx_word' id='word_1_395' title='bbox 1351 2665 1426 2700; x_wconf 92' lang='lat' dir='ltr'>Aut</span> <span class='ocrx_word' id='word_1_396' title='bbox 1455 2661 1485 2698; x_wconf 85' lang='lat' dir='ltr'>si</span> <span class='ocrx_word' id='word_1_397' title='bbox 1514 2674 1610 2700; x_wconf 89' lang='lat' dir='ltr'>non-</span> 
     </span>
     <span class='ocr_line' id='line_1_41' title="bbox 78 2725 1611 2777; baseline 0.001 -12"><span class='ocrx_word' id='word_1_398' title='bbox 78 2727 150 2765; x_wconf 90' lang='lat' dir='ltr'>nisi</span> <span class='ocrx_word' id='word_1_399' title='bbox 184 2728 302 2766; x_wconf 87' lang='lat' dir='ltr'>renati</span> <span class='ocrx_word' id='word_1_400' title='bbox 345 2740 535 2766; x_wconf 86' lang='lat' dir='ltr'>servamur</span> <span class='ocrx_word' id='word_1_401' title='bbox 571 2730 608 2764; x_wconf 89' lang='lat' dir='ltr'>et</span> <span class='ocrx_word' id='word_1_402' title='bbox 645 2726 877 2776; x_wconf 83' lang='lat' dir='ltr'>regeneratio</span> <span class='ocrx_word' id='word_1_403' title='bbox 916 2725 1020 2763; x_wconf 86' lang='lat' dir='ltr'>aliud</span> <span class='ocrx_word' id='word_1_404' title='bbox 1057 2738 1133 2763; x_wconf 91' lang='lat' dir='ltr'>non</span> <span class='ocrx_word' id='word_1_405' title='bbox 1170 2730 1226 2763; x_wconf 86' lang='lat' dir='ltr'>est</span> <span class='ocrx_word' id='word_1_406' title='bbox 1266 2739 1376 2777; x_wconf 85' lang='lat' dir='ltr'>quam</span> <span class='ocrx_word' id='word_1_407' title='bbox 1405 2732 1611 2775; x_wconf 71' lang='grc' dir='ltr'><em>μετάνοια,</em></span> 
     </span>
     <span class='ocr_line' id='line_1_42' title="bbox 77 2790 1612 2842; baseline -0.003 -11"><span class='ocrx_word' id='word_1_408' title='bbox 77 2798 155 2831; x_wconf 89' lang='lat' dir='ltr'>tum</span> <span class='ocrx_word' id='word_1_409' title='bbox 192 2798 289 2832; x_wconf 87' lang='lat' dir='ltr'>certe</span> <span class='ocrx_word' id='word_1_410' title='bbox 326 2806 394 2831; x_wconf 91' lang='lat' dir='ltr'>nos</span> <span class='ocrx_word' id='word_1_411' title='bbox 431 2792 529 2830; x_wconf 87' lang='lat' dir='ltr'>fallit</span> <span class='ocrx_word' id='word_1_412' title='bbox 567 2791 694 2829; x_wconf 88' lang='lat' dir='ltr'>divina</span> <span class='ocrx_word' id='word_1_413' title='bbox 732 2790 932 2842; x_wconf 89' lang='lat' dir='ltr'>promissio</span> <span class='ocrx_word' id='word_1_414' title='bbox 968 2791 1034 2829; x_wconf 86' lang='lat' dir='ltr'>illa</span> <span class='ocrx_word' id='word_1_415' title='bbox 1074 2791 1181 2829; x_wconf 78' lang='lat' dir='ltr'>nEro</span> <span class='ocrx_word' id='word_1_416' title='bbox 1211 2791 1310 2829; x_wconf 87' lang='lat' dir='ltr'>Deus</span> <span class='ocrx_word' id='word_1_417' title='bbox 1338 2792 1490 2829; x_wconf 86' lang='lat' dir='ltr'>seminis</span> <span class='ocrx_word' id='word_1_418' title='bbox 1516 2791 1612 2837; x_wconf 81' lang='lat' dir='ltr'>tui‚”</span> 
     </span>
     <span class='ocr_line' id='line_1_43' title="bbox 78 2856 1608 2910; baseline -0.001 -14"><span class='ocrx_word' id='word_1_419' title='bbox 78 2858 175 2898; x_wconf 79' lang='lat' dir='ltr'>fallit</span> <span class='ocrx_word' id='word_1_420' title='bbox 212 2863 248 2897; x_wconf 89' lang='lat' dir='ltr'>ct</span> <span class='ocrx_word' id='word_1_421' title='bbox 285 2858 427 2896; x_wconf 88' lang='lat' dir='ltr'>Christi</span> <span class='ocrx_word' id='word_1_422' title='bbox 464 2857 736 2903; x_wconf 83' lang='lat' dir='ltr'>testimonium,</span> <span class='ocrx_word' id='word_1_423' title='bbox 763 2856 828 2908; x_wconf 90' lang='lat' dir='ltr'>qui</span> <span class='ocrx_word' id='word_1_424' title='bbox 857 2856 1069 2896; x_wconf 80' lang='lat' dir='ltr'>infantibus</span> <span class='ocrx_word' id='word_1_425' title='bbox 1097 2857 1427 2895; x_wconf 83' lang='lat' dir='ltr'>vitam-aeternam</span> <span class='ocrx_word' id='word_1_426' title='bbox 1457 2869 1499 2894; x_wconf 87' lang='lat' dir='ltr'>ac</span> <span class='ocrx_word' id='word_1_427' title='bbox 1525 2869 1608 2910; x_wconf 85' lang='lat' dir='ltr'>reg·</span> 
     </span>
    </p>
   </div>
  </div>
 </body>
</html>
