1818 3178
153 33 226 68 224
503 38 554 66 m:
583 34 864 66 SACRAMENTIS
893 36 1110 65 ncctnsm:
1137 37 1316 66 emus'rl.

152 141 331 180 hactenus
357 145 500 192 praeter
526 144 697 178 nostrum
723 139 896 177 meritum
922 139 1180 184 traduxerunt,
1206 140 1263 177 illi
1289 139 1360 190 ipsi
1388 139 1457 176 hac
1481 137 1588 187 culpa
1614 140 1670 174 te-

151 211 287 245 nentur
329 206 369 243 in
405 218 470 242 sua
513 204 681 241 doctrina
719 203 764 241 de
798 204 889 241 reali
922 203 995 241 ista
1032 204 1197 254 corporis
1231 203 1371 241 Christi
1415 201 1595 240 naturalis
1630 200 1669 237 in

152 283 287 308 coenae
320 269 511 307 elementis
547 267 755 318 praesentia
793 271 828 304 et
864 267 1141 313 distributione,
1169 268 1273 305 cuius
1299 267 1450 305 nomine
1476 277 1546 303 nos
1572 264 1671 302 infa-

149 334 317 372 mabant.

200 398 369 435 Alterum
404 395 684 434 incommodum
710 395 904 446 esuquod
934 395 1002 432 hac
1028 394 1096 432 tali
1124 393 1292 432 doctrina
1319 398 1454 432 natura
1481 406 1524 430 ac
1553 393 1671 430 virtus

149 461 235 499 fidei
271 465 422 498 nostrae
456 460 689 498 obscuratur.
744 460 879 497 Paulus
914 459 1032 503 docet,
1066 458 1178 496 fidem
1213 464 1381 496 nostram
1409 457 1546 496 versari
1574 457 1672 494 circa

149 539 202 570 ea,
237 538 330 576 quae
363 525 404 562 in
440 537 503 575 spe
539 525 659 575 posita
686 528 940 575 expectantur,
975 536 1094 574 neque
1130 522 1248 560 videri
1282 529 1346 561 aut
1374 523 1503 561 sentiri
1528 522 1568 559 in
1595 521 1671 559 vita

151 591 218 627 hac
245 594 416 641 possunt,
451 594 485 627 et
521 589 634 627 fidem
669 588 779 627 nobis
815 588 1062 633 commendat,
1098 601 1192 638 quae
1219 591 1348 625 contra
1375 601 1477 639 spem
1502 588 1543 624 in
1570 600 1672 637 spem

152 655 395 692 nihilominus
440 654 586 691 sublata
631 655 734 691 omni
770 653 971 691 diffidentia
1009 652 1139 690 credit.
1191 652 1238 689 In
1276 652 1346 689 hac
1381 665 1466 690 vero
1504 651 1549 689 de
1584 651 1674 689 reali

152 719 316 770 corporis
354 719 493 757 Christi
524 718 565 756 in
601 731 736 756 coenae
770 717 961 756 elementis
987 717 1194 768 praesentia
1221 720 1257 754 et
1283 716 1561 760 distributione,
1596 728 1674 753 non

149 784 190 821 in
218 796 320 834 spem
345 783 399 820 rei
424 783 590 820 absentis
619 782 764 820 credere
790 782 972 826 iubemur,
999 781 1063 818 sed
1089 781 1163 818 fide
1188 781 1360 818 iubemur
1387 779 1674 831 apprehendere,

151 848 251 899 quod
285 861 325 885 re
357 847 438 898 ipsa
473 860 645 898 praesens
680 860 760 885 esse
796 847 962 897 adeoque
997 852 1032 884 et
1059 846 1220 883 ministri
1246 846 1421 883 manibus
1447 845 1590 895 porrigi
1618 844 1674 882 di-

153 912 360 963 stribuique
398 911 562 957 docetur,
597 924 680 948 cum
714 911 806 948 fides
844 911 892 948 sit
917 923 1041 948 rerum
1066 910 1107 947 in
1135 923 1197 960 spe
1222 909 1441 960 positarum,
1467 922 1561 959 quae
1588 922 1676 946 sane

153 976 351 1027 expectari,
377 976 461 1024 (fol.
491 977 596 1023 131a)
624 980 659 1012 et
685 975 841 1025 proinde
868 987 907 1011 re
933 975 1014 1025 ipsa
1042 987 1186 1025 quoque
1213 974 1342 1012 abesse
1369 973 1490 1011 adhuc
1518 977 1677 1023 oportet,

155 1045 195 1079 ut
221 1040 294 1078 fide
321 1039 390 1077 sub
419 1052 482 1089 spe
509 1038 736 1090 apprehendi
761 1039 919 1089 possint.
964 1080 968 1085 ,

206 1104 279 1141 Sed
305 1107 341 1142 et
368 1102 469 1141 aliud
496 1103 616 1140 adhuc
643 1106 678 1140 et
706 1102 856 1153 quidem
881 1102 998 1140 multo
1019 1103 1168 1152 gravius
1195 1101 1476 1139 incommodum
1508 1101 1678 1139 doctrina

156 1169 245 1207 haec
281 1181 402 1206 secum
441 1167 584 1205 adferre
620 1168 778 1214 videtur,
806 1167 919 1218 quod,
954 1167 1266 1218 quemadmodum
1294 1168 1384 1204 haec
1411 1167 1489 1204 sola
1517 1166 1561 1204 de
1588 1166 1679 1203 reali

156 1234 321 1285 corporis
358 1233 497 1271 Christi
534 1239 574 1271 in
612 1246 747 1271 coenae
783 1233 972 1271 elementis
998 1233 1206 1284 praesentia
1233 1233 1450 1282 imaginatio
1478 1233 1679 1269 maximam

157 1298 370 1336 hauddubie
397 1298 518 1335 omnis
545 1297 753 1348 Papisticae
777 1297 1010 1335 idololatriae
1037 1297 1270 1335 occasionem
1298 1296 1484 1347 praebuit,
1509 1297 1562 1334 ita
1590 1296 1680 1334 haec

158 1363 326 1401 doctrina
353 1363 465 1400 etiam
491 1375 568 1399 non
595 1375 748 1412 prorsus
776 1374 844 1399 nos
872 1361 995 1399 adhuc
1021 1361 1069 1399 ab
1097 1375 1138 1399 ea
1165 1361 1378 1399 idololatria
1393 1361 1552 1398 liberare
1571 1374 1681 1411 posse

156 1426 313 1465 videtur.
353 1425 505 1463 Etenim
533 1438 664 1475 corpus
692 1425 833 1463 Christi
861 1425 1014 1462 Domini
1042 1425 1106 1462 ubi
1133 1425 1198 1463 ubi
1222 1430 1289 1469 est,
1317 1425 1550 1463 adorandum
1571 1425 1682 1475 plane

157 1493 212 1527 est
247 1493 397 1540 propter
431 1489 663 1540 personalem
701 1493 811 1539 atque
837 1489 1053 1532 identicam,
1087 1494 1130 1526 ut
1168 1493 1314 1535 vocant,
1349 1489 1420 1527 Dei
1456 1494 1491 1526 et
1519 1488 1682 1526 hominis

157 1555 197 1592 in
232 1553 296 1590 illo
326 1553 515 1600 unionem,
541 1553 646 1592 iuxta
676 1567 786 1604 quam
812 1554 851 1592 in
880 1554 1029 1592 Christo
1059 1553 1221 1591 Domino
1250 1558 1285 1591 et
1312 1554 1391 1591 eius
1419 1566 1572 1603 corpore
1600 1566 1681 1590 om-

158 1619 216 1656 nis
242 1617 435 1668 plenitudo
464 1617 670 1655 divinitatis
699 1618 938 1668 corporaliter
964 1618 1163 1656 inhabitat.
1217 1618 1257 1655 Si
1284 1618 1399 1667 igitur
1428 1617 1569 1655 Christi
1597 1629 1681 1654 cor-

159 1695 228 1733 pus
262 1682 430 1719 naturale
466 1694 549 1719 cum
583 1682 819 1720 inhabitante
854 1683 894 1720 in
928 1696 964 1720 se
1000 1683 1103 1720 omni
1131 1682 1336 1720 divinitatis
1372 1681 1604 1732 plenitudine
1630 1682 1683 1719 ita

159 1750 222 1783 aut
258 1745 448 1783 elementis
485 1758 619 1783 coenae
649 1746 751 1796 ipsis,
778 1751 840 1784 aut
865 1746 1029 1784 ministri
1050 1746 1152 1797 operi
1177 1746 1317 1792 unitur,
1346 1750 1385 1783 ut
1413 1746 1471 1783 vel
1497 1746 1586 1796 pani
1611 1746 1684 1796 ipsi

159 1809 305 1847 realiter
331 1809 433 1851 insit.
461 1809 517 1847 vel
545 1809 719 1847 manibus
734 1810 896 1848 ministri
913 1810 1158 1848 distribuatur
1177 1810 1344 1854 omnino,
1361 1809 1569 1847 —adorari
1586 1809 1682 1847 illud

162 1877 258 1911 certe
294 1873 492 1924 oportebit,
532 1874 608 1911 sive
634 1875 674 1912 in
699 1888 794 1925 pane
821 1875 916 1925 ipso,
950 1875 1026 1912 sive
1053 1875 1092 1912 in
1118 1874 1282 1912 ministri
1309 1874 1433 1912 nescio
1462 1887 1534 1925 quo
1564 1886 1685 1925 opere,

163 1939 194 1976 si
220 1951 298 1976 non
326 1938 514 1976 Christum
541 1938 744 1976 Dominum
772 1953 836 1977 sua
863 1940 984 1988 gloria
1010 1939 1181 1977 fraudare
1207 1939 1374 1983 velimus,
1401 1940 1456 1977 sic
1481 1943 1523 1976 ut
1540 1939 1588 1976 ab
1611 1938 1684 1976 im-

161 2003 298 2054 pietate
317 2002 545 2053 quidem'illa
564 2003 844 2054 propitiatoriae
861 2004 1064 2042 oblationis
1084 2008 1119 2042 et
1139 2004 1216 2042 eius
1228 2004 1559 2051 nundinatio-(fol.
1573 2004 1684 2051 13111)

162 2067 221 2105 nis
248 2067 448 2104 liberemur
477 2067 667 2105 doctrinae
694 2067 803 2105 huius
830 2068 1027 2118 praesidio,
1054 2068 1152 2119 quod
1181 2082 1270 2106 sane
1292 2068 1443 2119 plurimi
1472 2067 1684 2106 faciendum

161 2135 229 2178 est,
265 2131 328 2168 sed
355 2131 402 2169 ab
431 2131 533 2169 omni
559 2135 684 2169 tamen
712 2132 832 2182 specie
858 2132 1092 2170 idololatriae
1118 2146 1195 2170 non
1221 2146 1373 2184 prorsus
1400 2132 1523 2170 adhuc
1548 2132 1684 2170 libere·

162 2208 257 2233 mur.
283 2195 390 2232 Quae
415 2195 565 2233 iuterim
592 2208 662 2241 res,
689 2201 871 2246 quantum
896 2197 935 2234 in
962 2209 1000 2234 se
1026 2196 1254 2234 incommodi
1281 2196 1402 2234 adhuc
1429 2196 1575 2241 habeat,
1600 2196 1685 2246 pius

164 2258 321 2309 quisque
347 2258 455 2296 facile
483 2271 605 2297 secum
633 2264 801 2309 reputare
827 2263 962 2311 potest.

214 2321 345 2372 Neque
383 2335 466 2360 vero
504 2326 567 2360 aut
602 2323 778 2373 pauciora
815 2328 878 2361 aut
912 2324 1051 2362 leviora
1088 2330 1176 2363 sunt
1210 2325 1384 2370 absurda,
1418 2337 1514 2375 quae
1548 2324 1589 2361 in
1616 2323 1685 2362 hac

165 2382 335 2420 doctrina
372 2383 480 2421 vitari
519 2385 621 2421 nullo
658 2385 766 2434 plane
798 2385 909 2422 modo
944 2392 1113 2437 possunt.
1165 2388 1223 2425 Ac
1260 2388 1431 2438 primum,
1459 2387 1491 2424 si
1516 2387 1556 2424 in
1583 2386 1685 2423 omni

165 2460 278 2485 coena
314 2447 393 2498 ipsa
431 2449 595 2499 corporis
625 2449 762 2487 Christi
790 2450 966 2488 naturalis
995 2451 1204 2489 substantia
1230 2452 1284 2489 ita
1320 2452 1417 2489 inest
1443 2450 1543 2501 pani,
1580 2454 1619 2487 ut
1645 2449 1684 2487 in

163 2511 227 2548 illo
256 2512 314 2549 vel
341 2525 405 2563 per
431 2512 537 2550 illum
564 2513 727 2550 ministri
753 2515 925 2553 manibus
955 2515 1474 2565 distribuatu1·‚—sanguinis
1489 2515 1578 2552 item
1596 2514 1684 2552 sub-

166 2576 303 2613 stantia
329 2575 419 2613 insit
449 2576 546 2622 vino,
574 2576 627 2614 sic
654 2581 693 2614 ut
721 2578 880 2616 ministri
907 2580 1079 2618 manibus
1106 2578 1684 2631 propinetur‚—equidem,cum

166 2652 279 2677 coena
316 2639 475 2678 infinitis
511 2640 603 2678 locis
637 2641 746 2679 simul
781 2643 1033 2682 administrari
1067 2645 1186 2695 possit
1220 2650 1299 2682 toto
1328 2644 1417 2682 orbe
1442 2651 1624 2681 terrarum
1652 2648 1687 2680 et

168 2704 308 2743 Christi
345 2717 477 2755 corpus
512 2705 661 2744 interim
688 2706 728 2744 in
756 2708 857 2746 coelo
886 2709 997 2747 etiam
1024 2722 1103 2748 esse
1133 2722 1210 2748 non
1237 2709 1461 2755 dubitemus,
1485 2708 1596 2745 fateri
1623 2720 1686 2745 co-

165 2782 296 2822 gemur
323 2769 583 2821 proculdubio,
611 2771 799 2810 Christum
827 2772 1029 2812 Dominum
1056 2774 1135 2823 ipsa
1165 2773 1329 2826 corporis
1357 2772 1413 2811 sui
1441 2775 1475 2810 et
1493 2772 1685 2822 sauguinis
