1818 3178
621 130 674 157 DE
702 131 789 158 FUG.
820 132 971 159 PAPIST.
1002 133 1153 161 SACRIS.

122 226 204 276 Ego
239 231 365 266 tamen
398 227 609 266 istiusmodi
645 244 702 269 res
731 232 861 283 impie-

1609 128 1653 166 73

915 233 986 271 den
1020 234 1181 284 moghen
1207 235 1349 285 ghetelt
1375 236 1530 275 werden.
1586 236 1654 274 lck

119 294 196 329 tate
234 305 468 342 nequaquam
508 293 667 333 liberare
701 309 866 347 possum,
920 297 1104 336 nochtans
1133 299 1206 337 kan
1234 299 1362 337 zulcke
1390 300 1555 349 ‹linghen
1584 314 1655 339 van

119 355 157 392 in
195 356 330 405 quibus
367 355 438 393 Dei
466 357 525 394 lex
549 359 724 404 violatur,
751 360 863 397 Chri-

121 423 199 457 stus
236 419 419 457 Dominus
453 421 492 458 in
526 423 666 461 meritis
705 425 780 462 suis
808 429 866 462 at-

120 497 191 533 que
228 483 397 521 doctrina
427 498 490 522 sua
520 486 772 538 vilipenditur,
800 488 863 525 de-

121 559 192 597 que
219 551 318 584 recta
346 548 476 586 salutis
505 550 562 587 via
584 551 778 590 deducitur
798 563 867 602 po-

120 611 241 661 puluS.
296 611 358 657 Et,
402 614 578 663 quoniam
615 617 716 653 nulla
753 616 863 666 Papi-

119 679 259 712 starum
287 689 390 713 sacra
419 679 622 729 conspicio,
645 681 736 730 quin
765 681 856 717 haec

119 739 245 777 omnia
272 740 312 778 in
338 741 384 779 iis
413 749 705 783 commonstrare
731 745 853 790 liceat,

117 804 336 843 nullomodo
376 809 667 857 praetermittere
693 822 857 860 possum,

118 868 207 918 quin
253 870 379 907 omnia
423 885 526 909 sacra
572 871 759 924 Papistica
799 874 855 921 (7)

115 933 317 983 impietatis
344 948 524 975 accusem.
553 936 722 987 Longius
748 945 856 985 esset,

116 997 262 1047 singula
291 999 351 1037 hic
379 1000 594 1049 singulatim
624 1002 857 1041 demonstra-

115 1074 175 1108 re;
211 1068 336 1100 tamen
371 1077 415 1101 ex
450 1065 509 1109 iis,
537 1078 630 1115 quae
658 1066 717 1103 hic
746 1067 851 1105 exhi-

118 1125 300 1173 bebimus,
336 1128 478 1179 reliqua
512 1129 622 1166 facile
657 1131 853 1170 aestimare

114 1190 258 1229 licebit.

166 1510 381 1562 Opinantur
409 1515 596 1561 nonnulli,
622 1516 853 1568 Papisticum

113 1574 342 1614 Psalmorum
375 1583 595 1617 concentum
624 1581 664 1618 in
680 1581 857 1633 Vesperis

114 1639 317 1690 ceterisque
345 1640 462 1679 Horis
491 1645 602 1693 (quas
621 1645 859 1695 appellitant)

112 1703 209 1741 inter
242 1718 300 1742 res
336 1706 473 1744 liberas
512 1710 698 1746 numerari
727 1723 855 1762 posse3

113 1773 161 1814 et,
197 1769 261 1820 qui
301 1771 386 1808 talis
415 1774 621 1812 sententiae
648 1780 747 1819 sunt,
773 1777 858 1814 lici·

114 1838 193 1870 tum
239 1847 319 1872 esse
364 1836 586 1876 Christianis
629 1840 857 1888 existimant,

113 1897 326 1936 istiusmodi
387 1914 535 1952 quoque
598 1905 857 1952 concionibus,

115 1969 150 2000 et
179 1964 306 2008 sacris,
333 1965 396 2015 qui
424 1969 502 2003 tum
529 1974 770 2017 peraguntur,
795 1971 855 2009 in-

115 2033 262 2072 teresse,
289 2042 515 2080 quamquam
541 2031 689 2071 interim
714 2035 853 2085 aliquid

115 2091 204 2128 mali
238 2092 283 2128 iis
312 2093 360 2130 sit
387 2094 605 2134 admixtum.
661 2097 773 2147 Cujus
802 2100 855 2137 rei

116 2156 214 2194 hanc
240 2157 416 2195 adferunt
444 2171 604 2207 causam,
631 2174 710 2200 esse
738 2163 851 2201 nimi-

113 2235 194 2260 rum
231 2222 371 2261 ibidem
407 2224 544 2263 electos
571 2227 709 2265 multos
737 2233 848 2279 atque

115 2291 277 2334 sanctos,
321 2289 397 2339 qui,
437 2290 507 2327 etsi
544 2290 681 2329 debilia
718 2293 853 2336 adhuc,

116 2352 234 2390 nihilo
253 2353 371 2391 secius
390 2358 514 2392 tamen
534 2356 698 2394 membra
712 2357 852 2396 Christi

116 2417 280 2456 habendi
329 2418 415 2456 sint.
479 2419 670 2458 Praeterea
715 2421 855 2467 dicunt,

117 2482 211 2520 bene
239 2482 444 2520 cavendum
470 2496 561 2528 esse,
589 2497 635 2522 ne
653 2485 854 2537 intempes-

116 2546 192 2585 tivo
229 2552 338 2598 atque
374 2549 499 2599 inepto
536 2549 746 2598 vulgarium
783 2551 854 2588 Pa-

117 2610 296 2660 pistarum
369 2612 694 2649 caeremoniarum
763 2626 853 2652 con-

116 2681 256 2726 temptu
295 2675 334 2712 in
371 2677 618 2727 suspicionem
656 2677 856 2727 impietatis

116 2752 204 2788 erga
247 2741 384 2778 electos
419 2741 488 2779 Dei
523 2741 743 2787 incidamus,
786 2743 851 2793 qui

116 2803 156 2841 in
192 2804 404 2843 istiusmodi
441 2806 606 2843 coetibus
633 2806 847 2844 etiamnunc

117 2868 253 2915 adsint,
291 2883 385 2920 quos
420 2870 536 2908 multo
583 2870 700 2919 magis
737 2871 850 2908 lucri-

917 361 1193 410 godtlooszheit
1230 364 1453 413 gheenszins
1482 367 1547 413 vrij
1577 378 1655 401 ma-

924 425 980 470 ke,
1016 426 1056 464 in
1093 428 1252 465 welcken
1291 428 1415 466 Godes
1461 434 1527 467 wet
1563 429 1655 478 ghe-

919 490 1096 536 schonde,
1124 492 1294 529 Christus
1324 493 1368 530 de
1387 493 1488 531 Here
1507 493 1546 530 in
1562 498 1656 542 zync

923 554 1140 599 verdienstc,
1174 561 1219 593 esi
1255 558 1444 607 leeringhe
1477 559 1655 607 ghelaeh-

919 621 1000 661 tert,
1036 623 1080 655 εὖ
1118 619 1178 657 het
1215 621 1323 658 volck
1362 636 1432 660 van
1461 622 1505 659 de
1532 623 1657 661 rechte

909 682 1034 730 weghe
1087 683 1151 720 der
1204 685 1383 734 zaligheit
1435 687 1656 736 afgheuocrt

907 745 1030 784 werdt.
1121 748 1175 784 En
1230 750 1348 799 dewijl
1401 751 1461 788 ick
1513 752 1657 801 gheene

910 808 1157 849 Pauwstlicke
1200 814 1468 862 godsdiensten
1513 817 1579 861 zie,
1613 818 1654 855 in

903 876 1063 913 welcken
1113 877 1203 922 niet,
1246 877 1333 915 dcze
1379 879 1545 929 dinghen
1585 883 1656 919 alle

909 941 1075 978 bewezen
1113 941 1277 990 moghen
1316 944 1471 989 werden,
1507 959 1550 982 zo
1580 946 1653 985 kan

910 1005 970 1042 ick
999 1005 1222 1054 gheenszins
1243 1008 1396 1057 voorby,
1416 1009 1459 1046 of
1474 1009 1533 1047 ick
1556 1017 1655 1049 moet

905 1070 976 1107 alle
1011 1069 1257 1107 Pauwstlicke
1302 1072 1654 1122 godsdien-(7)sten

906 1133 970 1170 der
981 1133 1240 1182 godloozsheit
1252 1134 1558 1186 beschuldighen.
1577 1138 1655 1176 Het

914 1210 1008 1235 ware
1034 1201 1071 1235 te
1097 1197 1187 1247 lang
1213 1199 1284 1236 alle
1305 1200 1469 1249 dinghen
1490 1202 1569 1239 hier
1587 1204 1654 1252 by-

909 1261 1124 1299 zonderlick
1169 1267 1206 1300 te
1241 1263 1435 1312 bewijZen:
1470 1266 1655 1305 nochtans

908 1331 956 1364 wt
992 1326 1121 1369 dezen.
1149 1328 1207 1365 die
1236 1342 1290 1378 wy
1318 1328 1397 1366 hier
1426 1332 1654 1370 voorstellen

909 1391 1045 1437 zullen,
1080 1392 1137 1429 zal
1175 1406 1261 1430 men
1287 1393 1458 1431 lichtlick
1488 1409 1558 1433 van
1585 1410 1654 1434 an-

906 1455 1016 1493 deren
1047 1456 1210 1505 moghen
1238 1457 1398 1498 richten.

962 1521 1181 1571 Zommighe
1225 1523 1325 1561 laten
1361 1523 1443 1561 zick
1481 1525 1652 1564 duncken

911 1584 974 1622 het
1034 1585 1281 1625 Pauwstlicke
1339 1588 1534 1638 ghezangk
1589 1591 1654 1628 der

913 1649 1059 1686 Psalme
1084 1650 1124 1687 in
1154 1650 1341 1702 Vesperen
1367 1653 1462 1690 ende
1488 1654 1651 1692 anderen

910 1713 1101 1762 ghetijden
1138 1715 1211 1763 (als
1247 1728 1291 1766 zy
1328 1716 1386 1754 die
1414 1720 1541 1765 nome)
1569 1731 1651 1755 mo·

911 1778 984 1827 ghe
1021 1779 1138 1817 onder
1175 1781 1220 1818 de
1248 1783 1337 1830 vr1je
1364 1781 1531 1830 dinghen
1558 1784 1650 1832 ghe-

907 1844 974 1881 telt
1002 1845 1168 1883 werden:
1196 1844 1284 1883 End
1313 1846 1372 1884 dic
1391 1848 1539 1885 zulckes
1558 1849 1651 1898 glic-

909 1909 1062 1946 uoelens
1107 1912 1194 1958 zijn,
1230 1910 1365 1948 achten
1401 1911 1463 1949 het
1498 1925 1543 1963 zy
1580 1914 1652 1952 den

909 1972 1131 2011 Christenen
1170 1975 1360 2020 verorlost,
1398 1976 1461 2014 dat
1495 1990 1540 2027 zy
1569 1979 1650 2016 zick

909 2037 979 2074 ock
1031 2038 1071 2076 in
1116 2039 1272 2077 zulcken
1325 2043 1647 2091 verzamelinghen

907 2102 1000 2140 ende
1018 2102 1308 2150 Godsdiensten,
1330 2106 1388 2143 die
1407 2107 1537 2145 alsdan
1555 2109 1648 2158 ghe-

905 2165 999 2203 daen
1034 2167 1192 2213 werden,
1227 2169 1390 2219 moghen
1423 2171 1524 2208 laten
1561 2173 1644 2210 vin-

902 2230 986 2277 den,
1030 2232 1167 2271 hoewel
1205 2234 1361 2272 nochtas
1396 2240 1465 2273 wat
1501 2239 1643 2288 quaads

908 2295 1093 2334 darondcr
1119 2298 1293 2348 ghemegt
1319 2313 1382 2350 zy:
1419 2301 1512 2340 ende
1540 2303 1644 2342 brin-

902 2360 1002 2409 ghen
1048 2362 1142 2398 oock
1192 2362 1332 2402 hiertoe
1369 2365 1455 2403 deze
1491 2367 1645 2407 redene:

909 2424 1119 2470 Naemlick,
1157 2427 1221 2465 dat
1256 2429 1380 2466 aldaer
1408 2431 1486 2469 vele
1513 2437 1646 2471 wtuer·

907 2488 1072 2527 korenen
1093 2490 1188 2528 ende
1207 2491 1394 2541 heilighen
1413 2496 1499 2543 zijn,
1513 2496 1648 2534 wclcke

908 2553 1045 2592 hoewel
1074 2555 1171 2592 noch
1199 2557 1334 2602 zwack,
1363 2559 1548 2597 nochtans
1570 2561 1646 2599 nict

905 2616 983 2653 min
1018 2617 1212 2656 lidtmaten
1243 2620 1382 2658 Christi
1409 2624 1494 2670 zijn.
1548 2623 1644 2661 Dar·

910 2680 1088 2726 beneuen,
1141 2684 1307 2732 zegghen
1355 2698 1411 2735 zy,
1460 2693 1644 2726 moetmcn

904 2745 968 2782 wel
996 2746 1138 2784 toezicn
1167 2749 1229 2786 dat
1255 2762 1340 2786 men
1369 2750 1462 2788 door
1488 2765 1554 2788 een
1576 2766 1644 2790 on·

902 2809 1034 2858 tijdigh
1090 2817 1135 2849 esi
1184 2815 1428 2861 ongeschickt
1474 2818 1645 2855 verachte

906 2872 969 2910 dcr
1013 2874 1246 2925 ghemcynen
1293 2879 1534 2918 Ceremonien
1580 2882 1644 2920 der
