1818 3178
445 138 498 165 DE
526 138 809 166 SACRAMENTis
838 138 1054 166 ECCLESIAE
1082 137 1262 168 cflRIsn.
1545 133 1617 171 227

91 240 258 292 corporis
295 239 437 278 Christi
471 252 607 278 coenae
642 241 834 279 elementis
868 254 886 279 e
919 241 1083 279 ministri
1117 241 1291 279 manibus
1319 240 1506 292 percipere
1533 254 1613 279 cre-

88 305 232 344 damus.
287 307 364 342 Aut
400 303 500 342 enim
536 304 576 341 in
611 305 683 355 piis
719 318 866 356 quoque
903 306 1016 344 semel
1051 309 1224 356 percepta
1260 305 1407 352 haeret,
1440 309 1504 343 aut
1536 318 1614 343 non

87 369 226 409 haeret.
281 370 320 406 Si
359 369 496 416 haeret,
533 382 710 419 quorsum
746 370 879 408 attinet
916 383 1068 408 coenam
1103 370 1214 408 toties
1249 372 1440 421 repetere?
1482 371 1555 408 nisi
1582 371 1615 408 si

88 434 254 485 corporis
283 433 424 470 Christi
450 433 713 478 substantiam,
739 447 814 484 quo
841 435 1071 485 frequentius
1099 447 1213 472 coena
1231 435 1384 478 utimur,
1412 435 1483 472 hoc
1501 436 1612 473 etiam

83 497 125 535 in
161 497 271 534 nobis
307 497 427 546 magis
464 509 507 534 ac
534 498 655 547 magis
681 498 822 547 augeri,
857 504 922 536 aut
956 502 1122 549 tempore
1149 511 1366 536 evanescere
1394 504 1429 537 et
1455 499 1613 550 proinde

85 562 257 599 renovari
295 561 455 599 subinde
492 567 661 613 oportere
696 563 876 601 dicamus.
917 562 1032 601 Quod
1067 564 1239 614 equidem
1277 564 1356 601 sine
1391 564 1616 614 indignitate

88 625 254 676 corporis
284 625 424 662 Christi
452 626 610 674 cogitari
638 639 714 664 non
743 626 898 676 po-(fol.
929 627 1123 674 134¹›)test.
1154 627 1194 664 Si
1221 640 1307 664 vero
1335 627 1375 665 in
1402 628 1512 665 nobis
1540 641 1616 665 non

87 690 225 735 haeret,
263 704 353 728 num
380 690 464 728 ideo
494 690 664 728 Christus
692 690 877 728 Dominus
904 690 1009 728 illam
1034 691 1175 741 percipi
1202 692 1438 739 instituisset,
1472 698 1512 730 ut
1539 706 1617 731 non

87 754 261 791 haereat?
298 758 363 792 aut
403 754 642 805 quandonam
689 759 724 792 et
760 754 947 805 quomodo
985 756 1198 793 evanescit?
1261 757 1410 802 Audio,
1447 757 1617 795 Christus

86 817 246 856 subinde
274 831 426 856 coenam
455 819 571 869 repeti
599 819 729 857 voluit.
772 820 824 856 At
851 831 938 857 vero
965 831 1008 856 eo
1035 819 1117 869 ipso
1144 819 1322 857 mandato
1352 833 1418 858 suo
1445 824 1619 867 testatur,

87 895 126 920 se
163 882 208 920 de
236 882 496 921 distribuenda
523 883 834 934 percipiendaque
863 895 946 920 eum
973 896 1069 933 pane
1097 896 1234 921 coenae
1261 897 1280 920 e
1308 885 1471 922 ministri
1496 885 1617 923 mani-

85 947 154 984 bus
184 947 350 998 corporis
378 948 436 985 sui
462 948 645 986 naturalis
674 947 884 985 substantia
912 947 1009 985 nihil
1042 947 1196 985 omnino
1235 948 1430 998 cogitasse,
1466 949 1529 987 sed
1559 963 1617 987 sa-

85 1016 314 1050 cramentum
351 1012 535 1050 duntaxat
571 1016 721 1050 nostrae
755 1025 880 1050 secum
917 1012 1192 1050 communionis
1220 1012 1260 1050 in
1288 1026 1441 1064 corpore
1466 1018 1502 1051 et
1531 1027 1618 1052 san-

82 1077 196 1126 guine
223 1090 290 1115 suo
317 1077 539 1115 instituisse.
572 1076 725 1127 Alioqui
752 1090 945 1127 nunquam
973 1077 1090 1127 repeti
1117 1077 1295 1115 voluisset
1323 1090 1478 1115 coenam
1498 1091 1615 1125 suam,

82 1143 123 1181 in
152 1143 318 1194 corporis
346 1143 404 1180 sui
433 1142 719 1186 contumeliam,
747 1141 778 1179 si
807 1141 851 1179 de
878 1141 970 1179 reali
996 1141 1068 1178 ista
1097 1141 1333 1180 substantiae
1363 1143 1530 1193 corporis
1558 1144 1616 1180 sui

82 1207 123 1245 in
150 1221 245 1259 pane
272 1221 292 1245 e
317 1207 483 1244 ministri
508 1206 683 1244 manibus
710 1207 948 1257 perceptione
977 1206 1190 1256 cogitasset.

134 1272 267 1323 Neque
304 1284 388 1309 vero
425 1271 536 1308 nobis
572 1271 730 1321 amplius
767 1273 822 1308 est
851 1270 1106 1319 cogitandum,
1134 1270 1369 1321 splendorem
1395 1271 1502 1308 illum
1530 1284 1615 1310 coe·

81 1335 185 1374 lestis
220 1335 362 1385 gloriae
397 1335 444 1372 ab
480 1335 562 1386 ipsa
599 1334 766 1385 corporis
797 1333 938 1372 Christi
966 1334 1176 1372 substantia
1204 1336 1380 1386 separari,
1416 1340 1480 1373 aut
1507 1335 1614 1374 illum

82 1399 231 1448 contegi
267 1399 439 1450 deinceps
468 1399 542 1436 ulla
579 1398 732 1436 omnino
761 1399 906 1436 ratione
932 1412 1041 1449 posse
1068 1399 1108 1436 in
1135 1402 1340 1438 aeternum.
1394 1401 1472 1437 Aut
1498 1399 1615 1448 igitur

81 1465 121 1502 in
155 1478 250 1516 pane
278 1477 414 1502 coenae
439 1464 534 1515 ipso,
571 1469 611 1502 ut
640 1463 684 1501 de
712 1464 822 1501 nobis
849 1464 940 1515 ipsis
967 1468 1123 1509 taceam,
1150 1465 1325 1515 splendor
1352 1465 1416 1502 ille
1444 1465 1614 1503 coelestis

81 1530 224 1579 gloriae
260 1528 610 1567 commonstrandus
647 1533 715 1572 est,
752 1529 838 1566 dum
874 1530 964 1579 pani
999 1529 1054 1566 illi
1092 1531 1259 1580 corporis
1289 1529 1429 1567 Christi
1456 1530 1614 1579 gloriosi

83 1595 332 1633 substantiam
370 1594 518 1632 realiter
546 1594 652 1632 iuxta
681 1594 840 1644 speciem
867 1595 987 1644 ipsam
1016 1599 1234 1632 connectere
1262 1595 1447 1640 volumus,
1473 1617 1525 1624 —
1551 1599 1616 1634 aut

83 1660 193 1698 nobis
220 1660 441 1709 imaginatio
470 1659 559 1697 haec
588 1659 631 1697 de
658 1659 873 1697 istiusmodi
904 1660 1136 1697 connexione
1159 1673 1313 1710 prorsus
1331 1664 1387 1698 est
1404 1659 1618 1706 reiicienda,

83 1738 131 1762 ne
158 1725 324 1776 corporis
353 1723 493 1762 Christi
521 1723 770 1761 substantiam
797 1723 993 1762 individuo
1022 1724 1097 1762 iam
1125 1724 1297 1775 deinceps
1325 1725 1410 1772 (fol.
1439 1726 1548 1772 1352)
1576 1725 1615 1762 in

83 1793 275 1827 aeternum
303 1788 471 1826 coelestis
499 1788 640 1837 gloriae
668 1801 754 1825 suae
783 1787 979 1839 splendore
1007 1788 1180 1826 fraudare
1210 1789 1283 1826 ullo
1312 1789 1425 1826 modo
1455 1789 1616 1826 voluisse

84 1853 286 1892 videamur.
315 1853 480 1891 Tantum
507 1853 625 1898 abest,
652 1857 692 1890 ut
719 1865 788 1889 nos
808 1853 847 1890 in
864 1856 994 1890 nostra
1014 1853 1197 1898 doctrina,
1214 1858 1277 1891 aut
1298 1853 1342 1891 de
1361 1866 1515 1905 corpore
1533 1854 1614 1904 ipso

83 1918 225 1956 Christi
253 1917 419 1962 Domini,
445 1921 510 1954 aut
538 1917 582 1954 de
611 1917 878 1954 Sacramentali
906 1921 1035 1954 nostra
1063 1930 1147 1954 cum
1172 1918 1238 1954 illo
1268 1918 1531 1955 communione
1547 1931 1617 1968 pa-

81 1996 166 2021 rum
193 1987 403 2020 reverenter
430 1982 590 2019 sensisse
617 1994 782 2031 unquam
810 1981 982 2018 convinci
1008 1982 1086 2018 ullo
1115 1982 1227 2019 modo
1256 1982 1452 2033 possimus.

134 2047 216 2084 Iam
252 2045 352 2096 quod
389 2046 437 2083 ad
473 2058 619 2096 pugnas
659 2045 936 2096 Scripturarum
965 2045 1119 2090 attinet,
1145 2059 1207 2084 eas
1236 2050 1387 2093 sanesst
1414 2046 1549 2083 multas
1578 2050 1616 2084 et

81 2124 212 2162 graves
251 2124 297 2148 ex
334 2111 402 2148 hac
431 2110 614 2156 doctrina,
643 2109 687 2147 de
714 2110 804 2147 reali
831 2110 870 2147 in
897 2123 992 2161 pane
1022 2124 1157 2148 coenae
1186 2111 1352 2161 corporis
1382 2111 1522 2148 Christi
1548 2124 1615 2162 per

81 2189 213 2214 manus
241 2175 405 2213 ministri
433 2175 710 2220 distributione,
739 2176 912 2213 collectas
939 2176 1106 2226 proferre
1133 2189 1338 2226 possemus.
1369 2175 1441 2213 Sed
1468 2176 1612 2226 praeci—

80 2254 173 2292 puas
199 2244 348 2278 tantum
377 2239 558 2290 quasdam
584 2240 712 2290 paucis
739 2241 988 2289 attingemus,
1029 2254 1124 2291 quae
1150 2240 1434 2291 praecipuorum
1460 2241 1612 2289 religio-

82 2306 141 2344 nis
179 2311 329 2343 nostrac
365 2305 528 2356 capitum
564 2304 676 2341 fidem
712 2305 912 2343 obscurare
949 2305 1134 2349 videntur,
1172 2318 1315 2356 nempe,
1342 2305 1613 2344 incarnationis

80 2375 118 2408 et
145 2369 375 2407 ascensionis
405 2369 636 2415 Dominicae,
663 2381 706 2406 ac
732 2373 888 2407 naturae
917 2369 1101 2408 humanae
1126 2369 1165 2407 in
1188 2369 1328 2407 Christi
1348 2382 1501 2421 corpore
1525 2383 1613 2421 pro·

80 2435 237 2486 prietate
263 2439 348 2485 post
376 2434 477 2471 illius
505 2433 830 2482 glorificationem.

133 2500 181 2538 In
220 2500 338 2550 capite
374 2499 418 2536 de
447 2499 587 2536 Christi
615 2498 769 2536 Domini
804 2499 1064 2537 incarnatione
1091 2503 1355 2550 oppugnantur
1382 2500 1455 2537 loci
1483 2514 1611 2538 omnes

79 2563 137 2601 illi
172 2577 236 2614 per
273 2564 371 2601 hanc
406 2563 628 2608 doctrinam,
665 2562 729 2612 qui
765 2562 957 2600 Christum
994 2563 1199 2600 Dominum
1233 2577 1278 2601 ex
1314 2567 1433 2602 matre
1468 2565 1613 2619 v—irgine

81 2632 300 2679 conceptum
336 2628 577 2679 progenitum
614 2627 828 2677 factumque
864 2640 964 2673 esse,
1007 2628 1166 2666 formam
1211 2629 1307 2666 servi
1350 2629 1616 2680 assumpsisse,

81 2693 186 2731 carni
221 2698 257 2730 et
294 2693 470 2742 sanguini
512 2695 640 2729 nostro
677 2692 921 2742 participasse
955 2696 991 2730 et
1025 2705 1071 2730 ex
1107 2693 1279 2735 Pattibus
1314 2694 1422 2732 iuxta
1465 2707 1612 2732 carnem

79 2757 264 2808 prodiisse
307 2761 492 2795 testantur
516 2758 558 2805 ¹).
613 2755 686 2794 His
714 2756 813 2794 enim
841 2756 934 2794 locis
962 2757 1139 2796 omnibus
1176 2758 1331 2807 do-(fol.
1362 2761 1611 2807 1351›)cemu1·,

126 2897 150 2936 ¹)
173 2895 251 2929 Luc.
275 2896 303 2928 1.
326 2897 444 2931 Matth.
469 2897 497 2931 1.
521 2897 624 2930 Galat.
648 2897 677 2931 4.
701 2896 820 2939 Philip.
843 2897 873 2931 2.
897 2897 994 2931 Hebr.
1019 2898 1048 2931 2.
1070 2899 1161 2933 Rom.
1186 2899 1213 2932 1.
1237 2900 1265 2932 9.

1389 2954 1463 2993 15*
