1818 3178
170 155 293 185 Lxxlv
796 137 1034 170 PRAEFATIQ

170 259 359 313 denique,
408 253 529 309 plura
572 249 659 289 eius
702 241 968 298 exemplaria,
1013 245 1235 295 antequam
1280 240 1441 283 Lascus
1485 241 1661 287 Emdam

170 329 433 382 relinqueret,
463 323 503 363 in
535 317 671 361 Frisia
700 313 907 358 Orientali
936 313 1019 354 iam
1050 311 1175 353 fuisse
1205 312 1435 368 invulgata.

227 399 292 440 De
322 403 503 449 tempore
533 403 616 444 quo
647 386 878 440 conscripta
908 383 959 425 sit
988 382 1088 425 haec
1113 381 1283 437 epistola
1305 382 1416 425 haud
1436 382 1556 425 facile
1577 384 1667 428 ulla

170 468 408 512 oborientur
446 460 581 510 dubia,
627 472 756 514 quum
787 456 872 512 ipse
902 461 1040 496 noster
1069 454 1113 495 in
1142 453 1224 495 fine
1254 453 1450 509 epistolae
1481 470 1666 498 mensem

169 546 209 581 et
238 550 392 578 annum
424 529 660 587 apposuerit
689 534 730 568 et
759 526 908 567 diserte
937 531 1121 576 testetur,
1153 523 1290 565 datam
1319 539 1410 565 eam
1441 540 1526 566 esse
1541 541 1669 568 mense

169 607 307 662 Aprili
343 621 381 646 a.
423 601 531 644 1545
565 599 614 656 ¹).
674 596 859 653 Egregie
889 610 985 637 cum
1015 594 1094 636 hoc
1124 594 1320 649 temporis
1350 594 1502 636 indicio
1531 596 1666 637 conci·

168 685 285 726 nunt,
315 689 421 731 quae
450 688 487 715 a.
517 671 624 712 1555
655 668 706 710 ad
737 665 1051 724 sigismundum
1083 663 1237 714 scribit,
1268 680 1310 707 se
1334 680 1409 718 per
1437 667 1665 710 decennium

169 751 273 791 hanc
301 745 529 788 doctrinam
558 742 601 783 in
631 739 766 782 Frisia
789 736 1000 780 tradidisse
1023 738 1070 791 ²),
1094 750 1201 791 quae
1222 735 1273 777 ad
1296 736 1666 794 Hardenbergium

169 834 206 862 a.
253 816 376 866 1545,
420 830 462 856 se
506 826 629 866 nuper
658 809 937 864 conscriptam
967 806 1182 862 epistolam
1215 805 1266 848 ad
1296 821 1392 849 eum
1423 808 1585 850 mittere
1616 809 1666 866 ³),

171 904 275 946 quae
313 902 350 930 a.
398 884 506 927 1551
547 882 598 925 ad
635 880 933 936 Bullingerum
978 877 1133 928 scribit,
1178 893 1220 919 se
1251 877 1424 920 edidisse
1453 879 1669 934 epistolam

170 965 263 1002 ante
291 973 357 1000 sex
379 959 481 1013 fere
511 968 632 996 annos
672 951 939 1006 compositam
972 951 1023 1004 ¹²),
1053 972 1111 980 —-
1141 963 1249 1004 quae
1279 948 1457 1005 denique
1488 965 1524 992 a.
1558 950 1671 993 1554

170 1032 211 1072 in
243 1045 306 1085 ep.
338 1028 388 1070 ad
419 1026 633 1069 Ministros
662 1021 872 1065 Emdanos
901 1026 1219 1062 commemorat:
1253 1019 1360 1061 hanc
1390 1035 1510 1062 suam
1532 1021 1670 1064 mode-

171 1101 371 1144 rationem
403 1104 496 1140 anbe
525 1110 646 1137 annos
665 1096 800 1149 ferme
831 1097 912 1133 octo
941 1096 1014 1132 aut
1035 1091 1209 1144 amplius
1230 1106 1253 1132 a
1277 1090 1526 1133 Hermanno
1546 1093 1672 1134 Bras-

172 1174 231 1215 sio
269 1169 435 1227 publice
476 1168 624 1209 lectam
664 1180 761 1206 esse.
823 1162 981 1216 Quodsi
1020 1163 1092 1217 qui
1135 1163 1177 1204 in
1208 1162 1330 1204 titulo
1360 1162 1570 1214 haereant,
1602 1165 1672 1219 qui

172 1256 330 1285 annum
369 1240 475 1282 1551
508 1253 607 1293 prae
638 1252 679 1278 se
710 1236 792 1277 fert
821 1242 861 1276 et
890 1242 1028 1276 tamen
1058 1238 1153 1276 ante
1181 1235 1493 1289 quinquennium
1522 1236 1671 1291 episto-

173 1314 256 1356 lam
305 1312 499 1366 scriptam
544 1323 629 1350 esse
674 1313 844 1349 testatur
888 1305 1074 1361 adeoque
1105 1305 1155 1347 ad
1186 1320 1223 1349 a.
1258 1306 1367 1348 1546
1399 1321 1474 1348 nos
1503 1308 1673 1364 proprie

173 1384 402 1434 reduceret,
444 1381 485 1423 hi
525 1378 759 1435 expendant
804 1377 940 1429 velim,
981 1377 1161 1433 potuisse
1192 1392 1229 1420 a.
1264 1378 1374 1420 1550
1403 1377 1455 1420 ab
1484 1379 1508 1420 ὲ.
1537 1378 1675 1422 Lasco

173 1457 215 1497 in
256 1452 588 1512 typographeum
631 1451 794 1492 missam
841 1464 928 1491 esse
955 1449 1186 1505 epistolam,
1228 1464 1335 1505 quae
1364 1450 1528 1492 nonnisi
1558 1451 1676 1493 initio

175 1527 285 1569 1551
316 1540 366 1566 ex
395 1521 640 1578 bibliopolae
671 1521 834 1563 officina
864 1521 1021 1562 exierit.

230 1596 414 1653 Repperi
442 1595 565 1637 huius
595 1592 789 1649 epistolae
819 1591 1031 1647 exemplar
1061 1592 1102 1633 in
1133 1589 1390 1634 Bibliotheca
1410 1590 1674 1644 Dublinensi,

176 1683 279 1722 quae
321 1665 536 1708 Trinitatis
571 1663 749 1720 Collegii
779 1662 941 1707 dicitur.
1002 1661 1157 1705 Sortita
1188 1670 1248 1704 est
1277 1663 1319 1704 in
1350 1678 1398 1704 ea
1429 1661 1675 1706 bibliotheca

175 1753 398 1782 numerum
427 1737 479 1779 F.
510 1752 551 1792 p.
584 1737 650 1784 11,
681 1735 862 1790 mihique
891 1735 979 1776 eius
1009 1734 1223 1790 exemplar
1254 1733 1586 1777 administratum
1603 1741 1677 1787 est,

176 1810 328 1866 insigni
357 1815 396 1850 et
424 1822 625 1865 perquam
656 1806 835 1863 benigna
865 1806 1088 1848 doctissimi
1119 1804 1272 1849 COLEII
1300 1806 1588 1849 benevolentia
1615 1821 1678 1849 ac·

178 1880 436 1923 curatissime
465 1879 730 1935 exscriptum.

464 2024 529 2065 19.
591 2021 823 2064 CoNFEssm
853 2033 1128 2062 Lonmnnnsffi
1163 2020 1216 2077 (a.
1248 2019 1395 2077 1551).

483 2164 630 2222 [LAsm
663 2166 802 2218 Opera,
834 2162 933 2206 Vol.
961 2162 1022 2206 II.
1054 2178 1094 2219 p.
1129 2162 1385 2219 285-339.]

243 2308 494 2362 Priusquam
535 2305 738 2348 Guidonis
783 2305 806 2347 ὲ
846 2306 975 2347 Bresa
1017 2303 1232 2347 Confessio
1276 2304 1442 2361 publica
1473 2303 1684 2347 Ecclesiae

190 2378 429 2420 auctoritate
469 2376 579 2432 apud
618 2376 841 2432 populares
870 2377 1025 2418 sancita
1054 2383 1171 2427 esset,
1204 2377 1335 2433 vulgo
1365 2376 1609 2418 reformatos
1639 2376 1683 2418 iu

188 2449 265 2491 hac
305 2448 455 2489 ditione
495 2447 749 2490 Londinensi
793 2447 1058 2490 Confessione
1089 2463 1185 2490 usos
1215 2448 1354 2500 fuisse,
1388 2449 1576 2490 omnium
1606 2449 1688 2504 pri—

188 2535 281 2561 mus
329 2518 557 2560 observavit
602 2517 874 2569 Sonoocxms,
919 2518 989 2561 ubi
1029 2518 1149 2563 dicit:
1185 2541 1206 2568 u
1232 2520 1372 2563 Antea
1404 2534 1504 2562 vero
1533 2520 1574 2562 in
1606 2533 1687 2561 usu

233 2721 257 2758 ¹)
281 2719 380 2749 LAsci
407 2718 515 2757 Opera,
539 2718 608 2749 Vol.
631 2718 656 2750 Ι.
678 2718 747 2752 479.

231 2774 258 2811 2)
282 2772 328 2804 Ib.
351 2772 422 2803 Vol.
446 2772 491 2803 11.
513 2783 543 2813 p.
565 2773 616 2804 22.

232 2827 258 2865 ³)
281 2827 329 2858 11).
354 2827 421 2858 Vol.
445 2827 487 2858 ΙΙ.
505 2838 534 2867 p.
557 2827 627 2858 609.

233 2883 259 2919 ⁴)
285 2881 329 2912 lb.
355 2881 421 2913 Vol.
447 2881 489 2912 11.
512 2881 582 2911 653.
