1818 3178
91 126 163 161 124
440 127 491 154 Dr.
519 120 798 152 sAcRAMEan
826 117 1037 146 EchESIAE
1066 115 1240 143 cums'n.

89 247 173 272 cum
206 233 278 269 iam
313 229 438 268 veniae
471 239 544 276 spe,
578 228 755 273 tanquam
790 218 1026 271 perduellem,
1059 216 1212 254 omnino
1248 215 1460 258 excludant,
1492 214 1594 264 quod

89 297 237 347 quidem
280 292 492 331 Donatistas
534 287 621 325 olim
669 285 878 328 affirmasse,
918 285 953 319 et
998 292 1098 318 nunc
1131 293 1279 317 rursum
1318 292 1363 317 ex
1399 278 1481 326 (fol.
1510 279 1594 325 Ha)

90 358 344 409 Anabaptistis
369 353 547 405 quosdam
571 362 704 398 urgere
731 348 908 385 videmus.

138 426 289 473 Propter
317 421 382 457 hos
408 430 547 456 errores
572 415 687 464 igitur
713 417 749 451 et
775 425 867 456 eam,
894 423 1005 460 quam
1025 408 1268 454 ostendimus,
1285 407 1327 445 in
1346 405 1594 444 Sacramentis

90 485 225 524 nostris
250 487 286 520 et
312 480 461 519 militari
489 480 727 515 Sacramento
755 472 1108 516 dissimilitudinem,
1126 471 1284 509 alienam
1302 471 1412 522 plane
1429 484 1450 507 a
1470 474 1597 508 nostra

91 561 198 586 causa
232 558 309 583 esse
343 547 515 594 putamus
551 554 632 578 eam
669 539 769 577 vocis
815 535 1044 574 Sam-amenti
1082 535 1374 585 usurpationem,
1409 549 1521 586 quam
1555 534 1596 572 in

89 610 238 649 militari
265 607 461 659 sponsione
487 619 507 644 a
534 604 660 642 latinis
689 601 933 653 scriptoribus
961 603 1146 650 receptam
1172 598 1288 637 fuisse
1314 599 1494 658 videmus.

137 674 250 710 Porro
285 672 381 708 inter
415 674 489 708 tres
523 668 663 719 priores
697 667 780 704 illas
817 665 917 702 vocis
965 662 1195 701 sacramenti
1229 662 1502 713 usurpationes,
1528 664 1599 701 etsi

89 737 270 789 quaelibet
304 748 429 773 earmn
466 746 549 770 suas
586 731 749 769 rationes
786 730 919 767 habere
953 740 1061 778 posse
1087 726 1268 771 videatur,
1294 731 1481 777 postrema
1506 727 1599 764 mihi

87 807 206 840 tamen
242 800 288 837 ad
324 802 483 836 mentem
518 797 637 848 ipsam
674 795 940 845 scripturarum
974 791 1143 842 proxime
1179 790 1353 828 accedere
1380 790 1537 837 videtur,
1563 794 1599 828 et

87 867 169 916 plus
202 863 295 901 lucis
330 862 449 899 adfert
484 861 530 898 ad
565 858 846 908 intelligendam
889 855 1056 894 exactius
1093 854 1168 892 vim
1204 858 1239 892 et
1276 857 1448 892 naturam
1479 855 1600 905 ipsam

89 931 421 966 Sacramentorum.

138 991 185 1028 Et
220 990 367 1040 quidem
403 988 478 1026 scio
511 986 668 1038 proferri
703 998 811 1036 posse
838 984 974 1022 multas
1001 984 1178 1028 rationes,
1205 981 1342 1033 quibus
1368 981 1471 1032 prior
1497 985 1600 1019 utra·

88 1068 157 1106 que
191 1053 379 1104 usurpatio
416 1052 612 1103 approbari
639 1051 728 1088 satis
754 1049 872 1101 possit
900 1049 1011 1086 etiam
1037 1049 1077 1085 in
1107 1061 1216 1085 causa
1247 1047 1314 1084 hae
1342 1048 1600 1086 Sacramenta-

86 1120 153 1164 ria,
178 1116 487 1169 quemadmodum
512 1116 551 1153 id
578 1119 686 1153 antea
711 1115 822 1166 paulo
849 1114 977 1165 paucis
1004 1113 1210 1162 attigimus.
1263 1112 1333 1150 Est
1359 1112 1537 1150 nimirum
1561 1113 1602 1150 id

88 1184 270 1233 frequens,
296 1185 338 1219 ut
363 1194 487 1219 earum
515 1193 637 1217 rerum
665 1179 829 1223 nomina,
856 1191 951 1229 quae
976 1177 1106 1215 multis
1131 1176 1302 1228 partibus
1331 1180 1517 1220 constant,
1546 1178 1602 1214 vel

88 1247 133 1284 ad
166 1246 462 1297 praestantiores,
495 1244 554 1281 vel
585 1243 632 1280 ad
668 1243 831 1280 notiores
867 1241 1060 1292 magisque
1096 1240 1315 1291 conspicuas
1352 1240 1454 1278 illius
1480 1244 1604 1291 partes

88 1310 299 1347 referamus.
354 1308 414 1344 Sic
447 1306 589 1344 homini
616 1306 750 1343 vulnus
777 1304 899 1354 infligi
927 1304 1099 1350 dicimus,
1129 1317 1212 1341 cum
1238 1304 1305 1341 uni
1335 1304 1516 1342 duntaxat
1542 1305 1600 1356 ip-

89 1375 164 1413 sius
199 1374 305 1425 parti,
342 1385 469 1423 nempe
498 1371 655 1422 corpori,
690 1371 791 1421 quod
820 1370 930 1407 nobis
956 1369 1075 1418 magis
1102 1372 1158 1407 est
1186 1368 1442 1420 conspicuum,
1467 1370 1604 1407 vulnus

87 1437 207 1486 infligi
234 1437 410 1474 videmus.
450 1439 506 1473 Ac
532 1448 679 1472 rursum
705 1434 841 1485 impios
869 1433 1038 1471 homines
1066 1433 1150 1481 (fol.
1181 1431 1267 1480 llb)
1296 1433 1490 1471 damnatos
1515 1433 1604 1479 iam,

86 1502 166 1552 pios
192 1501 279 1538 item
309 1501 449 1538 beatam
478 1499 599 1536 vivere
625 1498 753 1544 vitam,
782 1497 952 1541 dicimus,
980 1510 1064 1534 cum
1090 1510 1166 1534 una
1194 1496 1377 1534 duntaxat
1405 1497 1462 1534 sui
1488 1486 1605 1547 parte,

88 1578 216 1615 nempe
242 1564 375 1609 anima,
401 1566 512 1613 (quae
540 1562 708 1600 videlicet
735 1565 790 1599 est
816 1560 1083 1612 praestantior)
1103 1564 1168 1598 aut
1187 1560 1336 1598 caelesti
1355 1573 1439 1598 cum
1455 1561 1604 1599 Christo

87 1628 205 1677 gloria
241 1628 325 1672 frui,
357 1631 420 1664 aut
454 1627 493 1664 in
527 1627 695 1676 gehenna
734 1625 892 1662 cruciari
917 1625 1003 1662 illos
1030 1629 1116 1662 ante
1142 1624 1451 1662 resurrectionem
1479 1625 1604 1663 creda-

88 1706 183 1730 mus,
238 1693 441 1736 Caeterum,
475 1691 506 1728 si
532 1695 665 1728 natura
698 1691 779 1741 ipsa
816 1689 978 1727 hominis
1014 1689 1231 1740 exponenda
1260 1689 1321 1734 sit,
1347 1689 1485 1728 rectius
1512 1703 1600 1741 pro-

91 1755 264 1793 culdubio
300 1760 516 1806 exponetur,
551 1755 581 1792 si
616 1755 835 1792 coniunctae
860 1754 962 1791 illius
989 1757 1114 1804 partes
1142 1765 1270 1790 omnes
1297 1753 1542 1793 observentur
1569 1758 1606 1793 et

91 1819 334 1869 explicentur.

143 1883 202 1919 Ita
236 1886 270 1920 et
305 1883 345 1920 in
380 1882 596 1933 exponenda
632 1882 958 1919 Sacramentorum
993 1884 1126 1918 natura
1162 1893 1206 1917 ac
1233 1879 1426 1930 dignitate,
1453 1881 1522 1918 etsi
1549 1881 1606 1919 vel

93 1951 335 1997 contemptus,
370 1947 427 1984 vel
466 1947 577 1984 nimia
611 1959 760 1983 rursum
803 1945 1001 1983 admiratio
1039 1945 1373 1982 Sacramentalium
1410 1945 1604 1994 signorum

92 2012 295 2061 postulasse
319 2010 358 2047 id
386 2011 563 2055 videatur,
591 2014 630 2047 ut
658 2023 730 2047 vox
759 2009 988 2047 Sacramenti
1015 2009 1238 2060 quandoque
1264 2009 1313 2047 ad
1339 2009 1458 2059 signa,
1486 2023 1605 2060 quan-

95 2077 213 2125 doque
247 2080 367 2113 autem
402 2075 449 2113 ad
483 2075 658 2125 mysteria
686 2074 980 2112 Sacramentaria
1005 2075 1216 2119 referretur,
1242 2095 1292 2102 —
1319 2074 1359 2111 in
1385 2074 1605 2125 explicanda

95 2144 217 2177 tamen
253 2144 382 2177 natura
417 2140 494 2189 ipsa
531 2143 567 2176 et
605 2139 639 2175 vi
674 2151 717 2175 ac
755 2138 936 2187 dignitate
963 2139 1289 2175 Sam-amentorum
1317 2139 1452 2176 rectius
1480 2139 1607 2183 fuerit,

96 2208 214 2254 partes
248 2204 395 2240 illorum
435 2203 542 2250 simul
571 2203 786 2240 coniunctas
814 2202 1041 2247 observasse,
1068 2203 1283 2253 praesertim
1313 2215 1396 2240 vero
1427 2216 1511 2240 cum
1539 2217 1607 2241 no-

96 2272 170 2304 stro
200 2267 268 2303 hoc
293 2271 456 2316 tempore
483 2280 558 2303 non
587 2266 709 2303 deesse
736 2266 916 2316 plurimos
945 2266 1146 2311 videamus,
1170 2266 1304 2316 partim
1323 2269 1609 2317 contemptores,

96 2329 229 2380 partim
267 2343 347 2366 vero
384 2330 493 2366 etiam
521 2330 796 2380 superstitiosos
825 2329 1016 2378 signorum
1047 2329 1377 2367 Sucramentalium
1403 2330 1606 2368 admirato-

98 2406 166 2437 res,
202 2393 265 2442 qui
301 2393 574 2441 synecdochicis
601 2393 812 2431 istiusmodi
838 2394 1142 2444 usurpationibus
1169 2394 1217 2432 ad
1244 2394 1375 2432 alenda
1404 2407 1470 2431 sua
1498 2395 1607 2432 (lissi-

100 2456 158 2493 dia
186 2456 398 2492 abutantur.

151 2519 288 2569 Estque
324 2519 432 2556 tertia
469 2520 556 2557 haec
594 2521 692 2557 vocis
721 2521 952 2558 Sacramenti
978 2521 1171 2572 usurpatio
1199 2521 1366 2558 omnium
1395 2522 1610 2568 certissima,

102 2584 265 2621 omnium
293 2583 499 2627 utilissima,
524 2588 559 2621 et
588 2584 752 2621 omnium
781 2584 995 2631 clarissima,
1020 2589 1101 2622 tum
1128 2585 1228 2636 quod
1254 2586 1458 2636 perspicuis
1478 2587 1610 2625 nititur

102 2648 302 2697 scripturae
329 2647 410 2691 (fol.
442 2649 522 2693 12³²)
549 2648 782 2693 testimoniis,
811 2649 889 2686 sine
917 2648 989 2686 ulla
1015 2649 1114 2686 illius
1135 2649 1443 2693 contradictione,
1461 2672 1510 2679 —
1527 2654 1609 2688 tuin

102 2711 199 2761 quod
227 2711 360 2747 multas
389 2710 615 2747 difficultates
642 2711 678 2747 in
709 2724 816 2748 causa
844 2712 912 2748 hac
939 2717 1085 2750 exortas
1103 2713 1279 2759 tollit,—
1297 2717 1378 2750 aun
1398 2727 1481 2750 vero
1501 2713 1611 2751 etiam

103 2775 200 2824 quod
239 2779 407 2811 naturam
442 2774 558 2824 ipsam
594 2779 629 2811 et
666 2775 737 2811 vim
766 2777 1088 2814 Sacramentorum
1119 2777 1226 2814 nobis
1256 2777 1431 2814 facillime
1459 2777 1611 2828 exponit

103 2846 138 2876 ct
166 2843 439 2876 commonstrat.
