1818 3178
587 122 801 153 aesPoNsm
829 122 925 154 ADV.
955 122 1122 153 HOSIUM.
1543 115 1614 155 451

91 229 132 265 ut
167 226 270 264 illam
310 239 393 264 cum
430 226 661 273 Pliarisaica‚
698 228 769 265 hoc
796 233 851 266 cst
880 228 1030 266 Christo
1059 227 1224 266 Domino
1252 227 1476 271 adversaria,
1504 228 1618 266 Hosii

87 295 124 329 et
160 304 310 329 suorum
347 291 514 328 omnium
550 291 697 342 pietate,
735 293 767 330 si
805 292 954 343 quidem
994 292 1050 330 sui
1087 293 1226 331 similes
1262 292 1501 343 pertinaciter
1537 306 1617 331 esse

89 362 258 406 pergant,
282 361 493 407 permutare
523 357 598 393 ullo
628 356 739 394 modo
767 358 1070 405 ve-(lssssflimus.
1125 358 1320 395 Caeterum
1350 357 1550 395 artificiose
1576 357 1616 395 id

88 421 167 469 agit
197 420 339 457 Hosius
362 420 531 457 adhibita
560 421 599 458 in
630 421 829 459 consilium
857 435 924 459 sua
952 422 1156 460 Rhetorica
1185 428 1233 466 et,
1261 423 1366 460 cuius
1394 423 1514 473 culpa,
1541 435 1617 460 non

89 484 174 521 dico
211 484 367 528 medius,
404 485 467 522 scd
507 490 671 535 quantus
706 486 817 536 plane
854 492 921 533 est,
960 499 1045 524 cum
1081 486 1157 524 suis
1193 487 1369 525 omnibus
1397 493 1555 533 tenetur,
1580 488 1620 525 id

88 550 210 599 ipsum
245 550 284 587 in
314 563 382 586 nos
412 549 648 600 Sophisticae
676 564 763 588 suae
798 551 984 601 praesidio
1022 555 1269 602 contorquere
1305 556 1477 591 conatur.
1528 553 1619 590 Non

89 613 239 661 ignorat
266 619 301 651 et
329 626 404 651 non
433 619 507 651 tam
546 614 687 665 pridem
726 628 873 652 rursum
911 628 954 653 ex
983 615 1112 653 libello
1140 615 1187 654 D.
1215 616 1317 653 Petri
1344 617 1451 654 Pauli
1477 617 1620 666 Verge-

91 678 148 719 rii,
188 678 256 715 viri
293 691 382 716 sane
415 683 451 715 et
480 678 582 715 docti
609 683 644 716 et
671 679 736 729 pii,
763 679 810 716 ad
840 679 929 716 haec
956 680 994 717 in
1024 680 1150 718 multis
1178 685 1214 718 et
1241 682 1389 729 magnis
1417 682 1528 719 rebus
1555 695 1620 731 ge·

92 742 218 780 rendis
264 756 340 780 non
382 743 587 792 vulgariter
621 743 828 789 exercitati,
863 744 1062 790 intellexit,
1098 745 1194 782 hanc
1230 759 1341 783 unam
1378 746 1486 784 etiam
1523 747 1621 784 inter

89 806 181 843 alias
227 819 376 843 causam
422 807 585 851 obstare,
631 807 831 857 quominus
870 809 1083 846 conciliatio
1121 810 1198 846 ulla
1232 810 1271 847 in
1307 810 1489 859 religione
1523 811 1621 848 inter

92 876 241 907 nostros
277 876 312 907 et
341 870 512 920 Papistas
541 870 681 920 sperari
709 872 969 922 expectarique
995 873 1128 922 possit,
1155 886 1286 924 nempe
1313 875 1516 912 multorum
1546 875 1620 912 iam

90 934 251 985 capitum
297 935 560 979 idololatriam,
607 935 709 973 cuius
752 936 790 973 in
829 937 1003 987 Papismo
1037 938 1145 988 plena
1184 939 1321 989 ubique
1358 944 1445 977 sunt
1482 941 1621 985 omnia,

91 1006 272 1049 quatenus
301 1012 390 1036 sane
426 999 563 1049 templo
601 1000 671 1037 Dei
700 1001 737 1038 in
769 1001 908 1038 Christi
936 1001 1104 1039 Ecclesia
1134 1015 1216 1040 cum
1243 1003 1355 1040 idolis
1384 1005 1486 1041 nulla
1514 1017 1622 1055 pror-

93 1077 154 1101 sus
193 1063 389 1101 consensio
429 1064 624 1101 socialisve
663 1078 790 1102 eorum
827 1066 1060 1116 approbatio,
1087 1080 1206 1117 neque
1242 1067 1290 1105 sit
1327 1069 1482 1106 omnino
1518 1070 1622 1107 iuxta

93 1129 263 1173 Paulum,
300 1142 419 1180 neque
447 1142 528 1166 esse
555 1129 664 1167 etiam
703 1130 953 1180 quovismodo
990 1131 1121 1181 possit,
1157 1145 1201 1169 ac
1236 1133 1392 1183 proinde
1430 1135 1620 1174 Christum

96 1192 300 1230 Dominum
338 1206 418 1231 cum
458 1194 557 1244 Papa
594 1194 776 1238 Romano,
813 1194 924 1231 simul
961 1195 1083 1232 omnis
1120 1196 1219 1246 apud
1257 1210 1345 1234 suos
1385 1198 1622 1238 idololatriae

91 1262 220 1295 autore
256 1262 291 1295 et
327 1261 753 1308 p1·0pugnato-(167)re,
790 1272 948 1307 regnum
992 1259 1032 1296 in
1069 1259 1241 1298 Ecclesia
1287 1275 1393 1299 suum
1432 1264 1539 1301 >omni
1575 1278 1620 1304 ex

90 1328 193 1373 parte
221 1334 296 1358 non
325 1335 435 1372 posse
462 1321 635 1367 retinere,
663 1322 734 1359 nisi
765 1323 862 1373 Papa
892 1329 927 1360 et
955 1323 1012 1360 sui
1040 1336 1182 1369 omneS,
1210 1324 1365 1363 abiectis
1394 1327 1470 1364 suis
1498 1328 1622 1366 omni-

93 1387 173 1432 bus,
198 1385 449 1431 idololatriae,
486 1386 801 1436 blasphemiarum
840 1391 952 1437 atque
987 1387 1313 1426 abominationum
1353 1390 1391 1428 in
1421 1391 1524 1429 cultu
1554 1392 1622 1430 Dei

89 1451 301 1500 generibus,
327 1463 449 1499 genua
477 1463 542 1487 sua
569 1451 692 1501 palam
720 1450 873 1489 flectant
901 1452 1050 1489 Christo
1081 1452 1244 1497 Domino
1260 1454 1452 1505 illumque,
1476 1457 1620 1494 abolito

93 1529 159 1553 suo
197 1516 295 1552 inter
323 1528 402 1552 sese
429 1520 465 1552 et
494 1515 702 1553 sacerdotio
733 1516 842 1553 simul
872 1520 907 1554 et
936 1517 1133 1561 sacrificio,
1171 1524 1210 1555 nt
1247 1519 1398 1558 unicum
1435 1534 1622 1560 summum

90 1584 202 1630 atque
237 1584 427 1617 aeternum
459 1579 675 1617 Catholicae
704 1579 773 1617 Dei
800 1580 991 1618 Ecclesiae
1021 1582 1254 1628 Pontificem,
1282 1584 1422 1634 Regem
1451 1599 1494 1623 ac
1522 1586 1623 1624 Doc-

89 1650 206 1683 torem
235 1648 443 1692 agnoscant
471 1648 507 1681 et
534 1644 701 1682 adorent.
759 1644 863 1682 Haec
900 1645 1051 1695 inquam
1094 1647 1199 1684 novit
1227 1652 1263 1686 et
1290 1649 1365 1686 iam
1393 1651 1509 1688 sensit
1538 1651 1621 1689 Ho-

92 1708 181 1752 sius,
209 1708 354 1746 etiamsi
382 1721 499 1759 neque
529 1709 658 1746 videns
688 1710 823 1754 videre,
852 1723 970 1760 neque
999 1711 1162 1749 sentiens
1191 1713 1329 1751 sentire
1358 1728 1395 1752 se
1423 1716 1531 1753 fateri
1561 1730 1622 1754 ve-

90 1773 148 1817 lit,
185 1786 228 1810 ac
263 1773 418 1823 proinde
456 1773 495 1810 in
532 1778 683 1810 nostros
720 1773 884 1825 idipsum
921 1775 1073 1813 invertit
1111 1776 1236 1821 homo,
1279 1781 1318 1815 ut
1356 1779 1428 1816 sibi
1466 1780 1623 1828 videtur,

91 1837 324 1886 ingeniosus,
359 1842 394 1875 et
433 1843 471 1874 ut
499 1851 536 1874 se
564 1837 784 1875 manifestae
811 1843 942 1889 totque
969 1853 1148 1888 generum
1178 1841 1414 1881 idololatriae
1443 1845 1550 1896 culpa
1576 1846 1623 1882 li-

94 1903 221 1939 berare
248 1915 324 1939 non
355 1908 520 1951 cogatur,
550 1903 587 1939 in
618 1916 685 1940 nos
714 1903 829 1948 illam,
858 1904 888 1941 si
918 1904 996 1941 Deo
1024 1905 1156 1954 placet,
1187 1912 1432 1958 contorquere
1452 1915 1623 1950 conatur.

92 1969 144 2005 At
191 1980 275 2004 vero
322 1967 416 2005 nihil
457 1967 515 2004 hic
552 1968 631 2016 agit
666 1967 899 2018 inauspicata
946 1975 1073 2007 nostra
1120 1971 1290 2020 Caligula
1329 1986 1410 2010 cum
1448 1976 1623 2013 omnibus

93 2032 341 2082 Aposcopalis
378 2032 609 2082 Sophisticcs
647 2046 735 2069 snae
770 2033 980 2083 praesidiis.
1036 2034 1271 2073 Retorsimus
1313 2038 1411 2075 enim
1441 2043 1476 2076 et
1504 2045 1623 2077 retor-

94 2108 206 2145 quere
243 2109 397 2146 semper,
433 2095 571 2133 Divino
602 2096 742 2147 Spiritu
771 2110 840 2134 nos
869 2097 1038 2142 docente,
1065 2099 1185 2149 parati
1214 2113 1342 2138 sumus
1370 2102 1409 2140 in
1437 2103 1560 2154 ipsum
1588 2109 1624 2143 et

95 2173 182 2197 suos
210 2173 352 2203 omnes,
381 2173 458 2197 non
486 2163 597 2208 (168)
627 2161 734 2198 huius
764 2161 875 2198 modo
905 2175 1016 2212 quam
1044 2162 1081 2200 in
1112 2169 1262 2201 nostros
1291 2170 1513 2218 contorquet
1540 2169 1623 2206 ido-

93 2223 263 2260 lolatriae
300 2223 459 2274 culpam,
487 2224 549 2261 sed
579 2231 721 2274 praeter
747 2226 918 2263 infinitae
946 2226 1182 2265 idololatriae
1212 2229 1352 2267 crimen
1391 2233 1624 2282 apertissime

94 2288 206 2325 etiam
243 2294 460 2338 apostaseos
498 2289 614 2339 ipsius
651 2303 672 2327 a
711 2290 860 2327 Christo
908 2290 1071 2328 Domino
1107 2293 1301 2342 perfidiam
1340 2297 1625 2349 coniurataeque

92 2353 173 2390 eius
216 2357 252 2390 ct
294 2365 444 2390 suorum
488 2353 527 2390 in
574 2354 764 2392 Christum
812 2354 1015 2393 Dominum
1062 2345 1351 2407 conspirationis
1394 2361 1624 2412 impietatem

93 2431 281 2460 accusare,
323 2417 507 2468 siquidem
544 2431 583 2455 ea
620 2432 715 2469 quae
757 2420 795 2457 in
833 2420 996 2470 proximi
1031 2421 1192 2459 Articuli
1226 2426 1472 2475 responsione
1508 2433 1544 2467 et
1580 2429 1626 2468 de

89 2482 304 2520 idololatria
347 2489 383 2519 et
420 2482 464 2520 de
512 2483 699 2533 apostasia
738 2489 773 2522 et
816 2485 860 2522 de
910 2486 1104 2524 coniurata
1152 2487 1409 2529 Hosianorum
1456 2494 1624 2531 omnium

95 2546 273 2584 adversus
303 2546 445 2584 Christi
472 2546 626 2584 Domini
653 2549 914 2593 sacerdotium,
951 2563 1109 2599 regnum
1146 2565 1189 2589 ac
1227 2553 1437 2593 doctrinam
1475 2560 1625 2609 conspi-

95 2611 240 2648 ratione
270 2611 446 2655 diximus,
474 2612 636 2649 sufficere
665 2612 737 2649 sibi
765 2626 841 2650 non
871 2614 1068 2664 putabunt.
1099 2615 1153 2653 Os
1182 2623 1352 2656 nostrum
1379 2622 1518 2670 aperiet
1546 2622 1624 2659 Do-

95 2674 216 2712 minus
246 2688 310 2726 per
340 2674 522 2725 Spiritum
552 2676 732 2713 Sanctum
764 2690 870 2714 suum
900 2683 935 2715 et
964 2691 1027 2715 cor
1065 2689 1232 2717 nostrum
1272 2681 1445 2722 dilatabit
1473 2686 1625 2735 procul-

97 2738 212 2776 dubio
239 2761 290 2767 —
317 2739 437 2776 fidelis
466 2740 564 2776 enim
593 2745 649 2777 cst
675 2745 711 2778 et
740 2754 851 2778 verax
869 2763 918 2771 —
942 2742 1196 2782 Hosianorum
1219 2759 1304 2783 vero
1328 2747 1437 2784 corda
1460 2749 1570 2787 simul
1591 2754 1627 2788 et

98 2816 163 2840 ora
199 2804 250 2841 ita
290 2805 552 2853 coangustabit
582 2805 619 2842 in
649 2805 816 2856 ipsismet
845 2807 890 2844 ad
920 2806 1048 2846 Divini
1076 2809 1240 2848 nominis
1269 2811 1326 2848 sui
1353 2813 1524 2860 gloriam,
1554 2815 1627 2852 nisi

94 2869 254 2919 tempori
299 2869 535 2920 resipiscant,
577 2875 618 2908 ut
662 2884 782 2922 neque
826 2872 980 2910 auribus
1017 2874 1211 2913 audientes
1248 2876 1468 2926 intelligere,
1507 2892 1626 2932 neque
