1818 3178
184 125 255 160 362

182 235 336 272 Domini
371 239 406 272 et
443 233 709 284 Apostolorum
745 232 875 283 iugum
912 233 1091 270 abiiciant
1127 236 1237 284 atquc
1265 233 1452 278 aboleant,
1486 233 1698 284 parabolica

182 300 251 338 hac
287 299 425 337 Christi
461 298 614 337 Domini
649 299 693 336 de
724 299 784 342 iis,
817 299 882 349 qui
917 299 1040 349 ipsum
1077 312 1186 349 super
1222 312 1260 337 se
1291 312 1448 346 regnare
1486 299 1702 344 noluerunt,

181 364 350 401 doctrina
387 375 430 399 ac
467 362 692 400 narratione.
748 363 875 400 Quare
913 376 995 400 cum
1024 375 1162 411 negare
1188 375 1265 400 non
1292 363 1459 414 possitis,
1484 362 1568 400 Viri
1593 376 1701 413 prae·

181 426 419 465 stantissimi!
448 426 538 464 haec
565 427 612 464 ad
641 439 706 464 vos
733 427 846 464 etiam
872 438 941 477 pro
968 427 1113 464 ratione
1141 431 1293 469 vestrae.
1320 433 1361 464 ut
1390 427 1530 464 dictum
1548 434 1615 471 est,
1635 440 1702 464 vo·

181 490 338 528 cationis
375 490 577 528 secundum
607 491 729 539 Reges
756 491 859 541 ipsos
887 490 1085 541 pertinere,
1119 490 1229 528 etiam
1257 495 1366 542 atque
1394 492 1504 529 etiam
1533 492 1700 542 profecto

180 554 386 592 cavendum
421 554 528 591 vobis
563 554 645 599 erit,
672 568 718 592 ne
744 557 827 602 (36)
856 568 927 605 qua
959 555 1065 605 culpa
1094 558 1216 592 vestra
1243 556 1319 600 fiat,
1348 560 1387 593 ut
1415 555 1576 606 aliquam
1603 555 1702 593 eius·

180 618 284 655 modi
320 618 580 661 calamitatem,
623 619 768 669 qualem
798 624 833 656 et
860 632 880 655 a
908 618 1090 669 Propheta
1120 622 1156 656 et
1183 632 1203 655 a
1233 619 1381 656 Christo
1410 619 1574 656 Domino
1601 619 1704 670 ipso·

178 688 253 720 met
295 683 524 733 praedictam
563 683 709 727 videtis,
744 684 904 734 primum
943 682 1083 731 Regiae
1115 684 1314 726 maiestati,
1350 684 1532 734 vobisque
1565 685 1702 734 pariter

181 746 367 788 omnibus,
395 746 528 784 deinde
554 747 625 784 toti
652 747 765 784 etiam
791 747 946 798 patriae.
974 747 1141 784 consiliis
1169 748 1301 784 vestris
1327 748 1536 785 accersatis.
1566 750 1704 786 Cavere

178 815 300 848 autem
335 811 518 861 poteritis,
554 810 584 848 si
624 812 784 848 officium
820 815 984 849 vestrum
1019 811 1058 848 in
1095 815 1202 849 coetu
1237 811 1373 848 Vestro
1411 811 1619 854 Senatorio,
1655 812 1702 849 ad

178 889 287 925 quem
324 875 476 912 modum
513 889 533 912 a
569 875 754 926 Propheta
792 881 847 912 est
882 874 1163 925 praescriptum,
1190 888 1256 925 pro
1285 879 1407 912 vestra
1435 888 1578 912 summa
1606 876 1704 913 virili

178 940 337 977 faciatis.
389 939 715 977 Quemadmodum
742 940 841 977 enim
870 939 1092 976 calamitatis
1119 939 1419 988 magnitudinem
1446 940 1609 988 graviter
1637 953 1702 977 vo-

180 1005 237 1042 bis
275 1005 322 1042 ob
359 1005 486 1041 oculos
523 1009 664 1042 vestros
701 1004 862 1054 positam
890 1003 1045 1044 habetis.
1074 1003 1105 1040 si
1131 1003 1271 1040 Christi
1298 1002 1452 1040 Domini
1479 1016 1635 1052 regnum
1663 1005 1703 1041 in

178 1068 348 1106 doctrina
384 1067 440 1104 sui
477 1067 676 1114 Euangelii
712 1067 892 1104 remorari
925 1066 1178 1116 impedireque
1213 1070 1276 1103 aut
1311 1066 1388 1102 ullo
1425 1066 1536 1103 modo
1566 1067 1703 1104 obscu-

178 1146 258 1169 rare
295 1132 494 1177 conemini,
521 1131 572 1168 ita
609 1118 721 1168 etiam
758 1131 866 1167 officii
895 1144 1043 1167 rursum
1073 1130 1185 1167 vestri
1212 1134 1333 1180 partes
1363 1130 1469 1167 vobis
1497 1130 1596 1168 idem
1623 1131 1702 1181 ipse

178 1196 363 1247 Propheta
390 1195 557 1246 exponit,
582 1199 624 1232 ut
652 1208 731 1232 eam
760 1195 880 1246 ipsam
909 1194 1158 1232 calamitatem
1185 1198 1221 1232 et
1248 1194 1319 1244 ipsi
1347 1194 1486 1245 alioqui
1517 1194 1703 1232 declinare

176 1267 213 1299 et
256 1275 276 1298 a
319 1264 399 1298 tota
443 1260 562 1311 patria
599 1264 762 1297 avertere
798 1260 964 1310 possitis,
1010 1259 1193 1310 siquidem
1228 1259 1447 1309 Prophetae,
1482 1265 1546 1297 aut
1581 1260 1702 1297 verius

178 1325 340 1376 Spiritus
368 1324 489 1361 sancti
526 1323 736 1369 consilium,
772 1336 836 1374 per
873 1323 1097 1374 Prophetam
1131 1323 1332 1373 loquentis,
1366 1323 1494 1360 audire
1527 1327 1563 1361 et
1600 1323 1706 1374 sequi

175 1390 309 1427 velitis.
363 1389 447 1426 Duo
486 1394 572 1426 sunt
600 1393 722 1425 autem
749 1388 960 1439 praecipua,
987 1402 1080 1438 quae
1108 1388 1294 1438 Propheta
1321 1392 1356 1425 et
1382 1388 1422 1425 in
1451 1385 1617 1437 Regibus
1643 1389 1703 1439 ip-

177 1455 227 1492 sis
262 1459 297 1491 et
324 1455 362 1491 in
387 1454 538 1491 illorum
564 1453 781 1504 proceribus
810 1453 997 1498 omnibus,
1024 1453 1089 1503 qui
1116 1454 1202 1501 (37)
1231 1453 1289 1490 vel
1316 1452 1495 1498 consiliis,
1521 1453 1576 1490 vel
1604 1453 1704 1490 iudi-

177 1519 243 1556 ciis
277 1519 437 1569 publicis
472 1522 662 1568 praesunt,
698 1518 873 1568 requirit:
911 1518 1079 1560 alterum,
1105 1522 1148 1555 ut
1175 1518 1394 1555 erudiantur
1420 1522 1531 1568 atque
1557 1517 1610 1555 ita
1639 1518 1703 1555 de-

176 1596 277 1619 mum
306 1582 465 1632 sapiant.
483 1604 532 1610 —
560 1582 730 1624 alterum,
756 1587 796 1618 ut
821 1581 860 1618 id
880 1582 1051 1632 protinus
1072 1585 1107 1619 et
1128 1581 1207 1619 sine
1225 1594 1330 1618 mora
1351 1582 1611 1619 causationeve
1625 1582 1702 1619 ulla

176 1645 329 1684 faciant.
375 1645 517 1681 uNunc
544 1644 618 1681 iam
647 1644 764 1693 igitur
793 1644 921 1695 sapite,
946 1644 1082 1694 inquit,
1111 1657 1131 1680 o
1159 1644 1297 1692 Reges!
1326 1644 1537 1690 erudimini,
1556 1657 1577 1680 o
1596 1657 1702 1695 prae-

178 1709 274 1747 sides
300 1709 462 1746 terrae!”
500 1708 606 1746 Quid
634 1711 740 1746 vero!
769 1708 1007 1757 desipiuntne
1034 1721 1138 1754 reges
1166 1712 1202 1745 et
1227 1708 1400 1745 inscitiae
1426 1721 1597 1758 proceres
1616 1708 1702 1745 illo-

177 1787 259 1811 rum
295 1776 519 1811 accusantur
554 1786 696 1818 omncs,
732 1773 804 1810 nisi
832 1773 1040 1823 Prophetae
1068 1772 1129 1809 hic
1156 1772 1366 1809 doctrinam
1393 1772 1547 1809 audiant
1573 1786 1616 1810 ac
1644 1786 1702 1810 sc·

177 1839 365 1889 quantur?
419 1838 616 1888 Equidem,
643 1838 708 1888 qui
746 1837 868 1875 verbis
906 1838 1007 1874 hisce
1044 1836 1296 1882 offenduntur,
1331 1850 1407 1874 non
1444 1851 1602 1882 mecum,
1638 1838 1702 1875 sed

179 1917 261 1941 cum
297 1903 481 1954 Propheta
507 1903 589 1953 ipso
617 1903 853 1953 expostulare
881 1902 1083 1940 debebunt.
1139 1902 1329 1940 Quorsum
1359 1902 1457 1939 enim
1484 1906 1549 1940 aut
1576 1916 1703 1954 sapere

178 1969 312 2012 denuo,
347 1967 410 2017 qui
445 1980 510 2017 per
546 1980 584 2004 se
610 1966 750 2017 alioqui
778 1967 950 2017 sapiant?
979 1972 1042 2003 aut
1069 1967 1135 2017 qui
1161 1966 1369 2004 eruditione
1395 1967 1550 2017 pollent,
1579 1967 1700 2005 denuo

176 2033 301 2075 etiam,
335 2038 371 2068 et
407 2031 558 2081 quidem
593 2031 780 2081 protinus,
816 2030 957 2068 erudiri
984 2030 1189 2080 iubentur?
1217 2030 1330 2081 idque
1357 2031 1548 2081 proposito
1578 2031 1700 2068 horri-

178 2097 245 2134 bili
289 2110 331 2133 ac
366 2096 573 2147 repentino,
609 2095 683 2134 nisi
717 2096 756 2133 id
791 2096 946 2141 faciant,
982 2096 1135 2134 interitu
1169 2096 1348 2146 ipsorum.
1412 2096 1701 2147 Qualiacunque

176 2161 291 2210 igitur
333 2164 369 2198 et
413 2160 662 2210 undecunque
707 2160 822 2210 petita
868 2160 1023 2197 consilia
1069 2160 1250 2197 stultitiae
1286 2160 1348 2197 hic
1381 2165 1492 2211 atque
1527 2161 1699 2198 inscitiae

177 2226 346 2264 damnari
373 2225 494 2263 verbis
522 2225 740 2275 Prophetae,
768 2224 949 2266 videmus,
976 2225 1007 2262 si
1036 2238 1117 2262 cum
1140 2225 1278 2262 tradita
1299 2238 1363 2275 per
1386 2225 1510 2275 ipsum
1530 2225 1699 2263 doctrina

179 2290 382 2327 consistere
417 2302 492 2326 non
522 2294 672 2339 queant.
728 2288 886 2326 Orditur
914 2302 1002 2336 ergo
1031 2302 1135 2326 suam
1163 2288 1208 2325 ad
1238 2288 1357 2336 Reges
1386 2301 1587 2338 eorumque
1613 2302 1699 2339 pro·

179 2368 277 2393 ceres
313 2354 620 2398 admonitionem,
653 2357 694 2390 ut
729 2355 827 2401 (38),
862 2354 1016 2391 abiectis
1045 2353 1221 2391 omuibus
1249 2354 1433 2391 humanae
1459 2353 1563 2394 iuxta
1589 2367 1698 2390 mun-

176 2419 263 2455 dum
301 2418 508 2469 sapientiae·
535 2418 714 2460 consiliis,
750 2417 797 2454 ad
833 2431 911 2454 eam
950 2418 1067 2455 solam
1096 2431 1188 2468 quae
1216 2431 1260 2454 ex
1291 2417 1367 2454 Deo
1395 2422 1451 2454 est
1478 2416 1695 2467 sapientiam

175 2482 321 2519 animos
359 2495 445 2518 suos
484 2482 675 2525 adiiciant,
712 2482 808 2519 hanc
845 2495 955 2518 unam
994 2486 1187 2532 quaerant,
1223 2481 1263 2518 in
1297 2481 1366 2517 hac
1403 2494 1440 2518 se
1466 2480 1605 2517 erudiri
1631 2493 1696 2530 pa-

175 2546 328 2589 tiantur,
364 2546 468 2582 iuxta
503 2546 599 2583 hanc
635 2559 699 2583 sua
736 2546 938 2583 instituant
971 2547 1096 2583 omnia
1130 2550 1242 2597 atque
1277 2546 1324 2583 ab
1351 2546 1414 2583 illa
1452 2559 1489 2582 se
1517 2546 1697 2584 dimoveri

176 2624 253 2648 non
289 2610 434 2656 sinant;
472 2611 688 2660 praesertim
727 2624 827 2656 vero,
863 2611 951 2648 dum
986 2611 1129 2649 Christi
1165 2624 1321 2660 regnum
1356 2611 1393 2647 in
1432 2610 1602 2647 doctrina
1640 2611 1711 2653 sui,

175 2674 374 2723 Euangelii
407 2674 650 2712 inclarescere
687 2673 827 2717 vident,
854 2688 900 2712 ne
927 2680 962 2712 ct
991 2675 1063 2711 sibi
1090 2674 1239 2725 ipsimet
1266 2678 1302 2711 et
1330 2673 1406 2710 suis
1433 2672 1609 2710 omnibus
1637 2687 1694 2711 re-

174 2740 367 2790 pentinum
403 2738 594 2775 interitum
622 2742 825 2776 accersant.
880 2739 1061 2776 Recenset
1088 2742 1209 2776 autem
1240 2737 1384 2774 divinae
1414 2735 1520 2773 huius
1549 2737 1696 2787 sapien-

173 2804 248 2841 tiae
284 2802 402 2840 officia
428 2815 471 2839 ac
499 2802 656 2846 fructus,
692 2807 732 2839 ut
758 2802 910 2840 illorum
936 2801 1100 2847 indiciis,
1127 2801 1241 2839 veluti
1269 2801 1368 2839 notis
1396 2800 1634 2850 quibusdam,
1660 2806 1696 2840 et

175 2866 304 2905 sentiri
349 2866 445 2904 intra
489 2878 557 2903 nos
601 2865 702 2916 ipsos
740 2866 989 2903 conscientiae
1025 2872 1173 2903 nostrae
1209 2864 1421 2903 testimonio
1459 2868 1495 2901 et
1530 2865 1577 2902 ab
1614 2865 1696 2904 aliis
