1818 3178
203 71 274 107 310

198 179 264 217 illa
307 178 578 222 maledicentia,
611 190 684 228 qua
732 190 801 214 nos
837 177 1026 215 fanatismi
1061 182 1226 223 accusat,
1257 191 1300 216 eo
1336 178 1438 230 quod
1473 178 1586 217 fidem
1623 179 1720 217 nihil

200 256 340 288 eorum,
371 255 464 294 quae
491 242 529 279 in
555 254 684 279 sensus
712 244 860 279 nostras
888 254 965 279 non
993 241 1144 288 cadunt,
1169 241 1211 279 in
1238 242 1346 280 terris
1373 242 1435 280 hic
1461 255 1636 293 quaerere
1661 242 1723 280 in·

201 307 296 344 tueri
322 310 386 343 aut
411 304 689 362 apprehendere
717 303 929 344 doceamus,
985 305 1093 343 Quae
1120 305 1166 343 de
1191 306 1373 345 immensa
1402 306 1544 344 Christi
1569 306 1724 345 Domini

201 371 390 420 totiusque
425 370 517 407 adeo
553 369 685 407 triadis
715 369 871 407 Divinae
898 369 1097 407 nobiscum
1125 369 1186 407 hic
1211 371 1422 421 praesentia
1447 371 1603 422 profert,
1629 372 1724 409 nihil

203 439 330 472 contra
366 447 434 471 nos
467 434 623 476 faciunt.
658 447 780 485 neque
814 434 861 472 ad
896 438 1064 472 nostram
1098 436 1389 473 controversiam
1423 436 1612 487 pertinent
1645 437 1723 474 ullo

201 500 326 538 modo.
367 499 448 536 Nos
475 499 694 537 immensam
721 498 804 544 Dei,
830 503 865 536 et
893 499 1009 549 patris
1036 503 1072 536 et
1099 499 1166 537 filii
1193 505 1229 538 et
1255 500 1406 551 spiritus
1435 501 1568 543 sancti,
1582 500 1722 552 ubique

198 563 445 614 praesentiam
475 576 616 613 semper
643 563 877 612 agnovimus,
904 563 1069 614 adeoque
1097 563 1168 601 soli
1194 563 1273 602 Deo
1302 565 1403 602 illam
1430 565 1616 616 propriam
1646 578 1724 602 esse

200 641 319 678 neque
354 627 422 665 ulli
456 628 609 665 omnino
648 631 836 665 creaturae
871 641 1029 678 usquam
1065 627 1183 666 tribui
1220 630 1294 666 ullo
1330 630 1442 668 etiam
1477 630 1589 667 modo
1617 642 1725 680 posse

198 692 383 737 docemus,
417 714 468 721 -
500 705 543 729 ac
570 692 745 743 pro-(fol.
775 692 930 739 66)inde
966 705 1012 729 ne
1049 693 1197 743 corpori
1223 693 1373 744 quidem
1401 694 1542 731 Christi
1569 693 1724 732 Domini

197 756 300 794 illam
335 756 546 803 tribuimus,
578 757 721 795 etiamsi
750 756 846 794 illud
874 757 1139 808 personali
1165 757 1305 795 unione
1332 758 1459 795 Verbo
1487 758 1565 796 Deo
1596 758 1724 797 couni-

197 822 279 856 tum
322 832 401 857 esse
441 832 517 858 non
554 819 779 863 dubitemus,
826 832 910 856 cum
946 819 1111 857 Verbum
1147 820 1271 870 ipsum
1308 820 1429 857 Deum
1463 834 1554 867 esse,
1590 832 1722 871 corpus

199 896 285 921 vero
323 884 436 921 Verbi
473 897 550 922 non
586 897 674 922 sane
710 884 842 929 Deum,
870 884 931 921 sed
963 889 1167 922 creaturam
1198 885 1320 923 carnis
1348 889 1510 931 nostrae,
1537 899 1582 924 ex
1608 891 1725 923 matre

200 948 358 996 Virgine
393 953 523 986 autore
557 949 700 999 Spiritu
733 952 862 986 sancto
899 954 1122 1000 assumptae,
1159 963 1250 994 esse,
1287 950 1562 1001 Scripturarum
1589 955 1625 988 et
1651 951 1723 988 Ca-

199 1013 361 1051 tholicae
397 1013 537 1051 Christi
574 1013 760 1051 Ecclesiae
788 1014 955 1051 unanimi
980 1013 1196 1052 testimonio
1225 1014 1437 1053 doceamur.
1492 1016 1584 1053 Cum
1610 1015 1726 1064 igitur

201 1078 246 1115 de
278 1077 460 1115 immensa
496 1077 625 1122 Verbi,
658 1078 846 1129 totiusque
874 1078 966 1115 adeo
995 1078 1126 1116 triadis
1154 1079 1301 1117 divinae
1328 1080 1537 1130 praesentia
1565 1079 1658 1117 nihil
1684 1079 1724 1117 in

200 1143 454 1192 quaestionem
481 1156 666 1188 vocemus,
694 1143 798 1181 cuius
825 1143 964 1193 alioqui
992 1143 1099 1192 signa
1127 1148 1239 1195 atque
1265 1144 1404 1181 indicia
1431 1144 1471 1181 in
1499 1157 1626 1182 sensus
1654 1157 1723 1182 no-

199 1211 296 1244 stros
325 1220 522 1258 corporeos
550 1207 647 1255 (Deo
676 1208 727 1245 ita
755 1207 919 1255 volente)
947 1207 1155 1253 incurrunt,
1183 1208 1245 1246 sed
1276 1208 1320 1246 de
1348 1208 1515 1258 corporis
1547 1208 1726 1246 duntaxat

201 1272 339 1309 Christi
365 1272 574 1322 praesentia
602 1271 854 1309 controversia
882 1276 1086 1316 moveatur,
1113 1285 1226 1322 quam
1254 1286 1322 1310 nos
1350 1272 1405 1309 illi
1433 1275 1492 1321 (ut
1521 1274 1724 1320 creaturae)

199 1337 355 1374 localem
384 1337 576 1381 duntaxat,
604 1349 681 1373 non
708 1340 828 1374 autem
859 1336 1077 1374 immensam
1106 1339 1165 1385 (ut
1193 1337 1272 1374 Deo
1303 1337 1432 1385 verbo)
1450 1336 1725 1383 tribuimus,—

199 1400 436 1452 perspicuum
472 1405 538 1445 est,
574 1401 822 1438 obiectionem
861 1401 1067 1451 Westphali
1106 1401 1150 1439 de
1187 1402 1367 1439 immensa
1397 1402 1549 1447 Christi,
1574 1405 1616 1439 ut
1643 1402 1726 1448 Dei,

199 1465 387 1515 totiusque
421 1465 514 1502 adeo
549 1464 680 1502 triadis
717 1465 874 1502 Divinae
902 1465 1098 1502 nobiscum
1127 1465 1187 1503 hic
1214 1466 1251 1503 in
1280 1466 1388 1503 terris
1414 1466 1622 1516 praesentia
1649 1479 1726 1504 non

200 1529 239 1567 in
267 1529 349 1566 loco
378 1529 488 1566 nobis
516 1530 674 1580 opponi;
703 1534 738 1567 et
765 1530 866 1580 quod
893 1542 969 1567 non
997 1529 1076 1567 sola
1091 1530 1163 1567 fide
1177 1534 1335 1574 tantum,
1355 1530 1417 1567 sed
1437 1530 1600 1568 externis
1617 1531 1726 1569 etiam

202 1594 374 1632 sensibus
411 1594 548 1632 nostris
583 1594 820 1645 percipiatur,
860 1599 1042 1645 quatenus
1079 1608 1170 1632 sane
1205 1595 1244 1631 in
1286 1594 1365 1632 Deo
1404 1594 1562 1632 vivimus
1601 1608 1726 1638 sumus

200 1663 236 1697 et
271 1672 462 1696 movemur
499 1671 638 1703 omnes,
665 1659 704 1696 id
731 1659 831 1710 quod
861 1659 1014 1696 Ethnici
1041 1672 1189 1710 quoque
1215 1664 1411 1706 testantur,
1437 1664 1474 1697 et
1500 1660 1600 1710 quia,
1627 1660 1726 1711 quod

199 1724 422 1761 immensum
459 1728 527 1769 est,
563 1724 665 1760 nullo
694 1737 849 1774 usquam
885 1724 968 1761 loco
997 1737 1116 1774 neque
1144 1724 1292 1761 excludi
1321 1738 1440 1775 neque
1470 1725 1724 1763 circumscribi

199 1789 308 1826 etiam
353 1793 487 1839 potest.
541 1789 679 1826 Probet
714 1789 817 1839 prius
853 1788 968 1837 igitur
1004 1788 1241 1839 Westphalus
1276 1789 1442 1840 corporis
1479 1789 1619 1827 Christi
1654 1790 1725 1827 im-

200 1866 367 1890 mensam
392 1853 531 1903 ubique
558 1853 817 1903 praesentiam,
846 1853 889 1890 de
917 1865 988 1902 qua
1016 1852 1056 1889 in
1085 1853 1277 1903 scripturis
1303 1853 1399 1890 nihil
1425 1866 1641 1904 expressum
1660 1853 1725 1891 ha·

200 1917 341 1961 bemus,
367 1922 402 1953 et
430 1930 451 1952 a
478 1916 609 1966 priscis
638 1916 827 1954 Ecclesiae
853 1918 1063 1967 primaeva-e
1092 1916 1266 1955 Patribus
1294 1917 1397 1954 illam
1425 1916 1725 1967 Eutychianismi

196 1981 363 2018 accusari
397 1981 567 2030 legimus,
609 1995 720 2031 quam
757 1994 827 2018 nos
855 1981 955 2018 illius
983 1981 1135 2019 nomine
1162 1982 1288 2019 nescio
1312 1982 1418 2019 cuius
1447 1982 1505 2019 sui
1532 1981 1725 2019 fanatismi

194 2050 353 2088 accuset,
380 2050 442 2082 aut
471 2045 651 2083 blaterare
677 2045 717 2082 in
744 2058 812 2082 nos
841 2045 997 2090 desinat,
1016 2046 1116 2096 quod
1137 2051 1173 2083 et
1191 2047 1399 2097 primaevae
1417 2051 1502 2097 post
1520 2047 1722 2097 Apostolos
1768 2040 1771 2042 ¹

197 2109 386 2147 Ecclesiae
413 2113 449 2146 et
478 2109 753 2159 Scripturarum
779 2109 819 2146 in
847 2109 977 2160 primis
1005 2110 1244 2147 autoritatem
1270 2110 1491 2148 turbulento
1512 2110 1629 2161 ipsius
1649 2112 1723 2161 spi-

196 2174 286 2212 ritui
314 2179 595 2224 anteponamus.
627 2175 751 2224 Atque
782 2174 850 2211 hoc
869 2175 920 2212 ita
938 2175 1096 2223 Pa-(fol.
1116 2175 1371 2226 67)ragrapho
1390 2175 1453 2213 isti
1472 2175 1724 2226 Westphalico

194 2252 414 2289 responsum
441 2243 534 2277 esto.

197 2304 327 2341 Ioan.
356 2302 379 2340 a
406 2303 574 2342 Lasco.
1155 2306 1218 2344 27.

230 2369 356 2416 Pergit
382 2373 509 2406 nostra
539 2381 600 2405 ca·
1029 2368 1226 2419 Westph
1242 2368 1361 2407 alus.

194 2433 373 2471 lumniari
394 2433 591 2483 Westpha-
695 2435 797 2479 Item,
835 2435 935 2482 quod
969 2436 1071 2472 locus
1102 2434 1336 2472 Christianae
1364 2435 1650 2472 conversaliom's
1677 2438 1725 2473 sit

193 2501 272 2542 lus,
316 2504 351 2536 et
390 2498 510 2535 denuo
546 2512 591 2536 ex
643 2491 866 2537 selummodo
903 2511 1049 2536 sursum
1086 2512 1207 2548 supra
1242 2500 1355 2536 nubes
1396 2505 1429 2536 et
1454 2512 1529 2535 ‘non
1555 2500 1594 2535 in
1621 2506 1721 2537 terra

195 2575 262 2600 suo
281 2561 386 2598 addit
401 2560 592 2610 quaedam,
644 2564 766 2606 etiam,
806 2562 1015 2610 ubicunque
1059 2563 1132 2598 cluo
1167 2563 1222 2599 vel
1259 2568 1332 2598 tres
1368 2569 1646 2609 conyreyantur
1682 2565 1720 2599 in

195 2640 289 2678 quac
322 2638 390 2663 nos
424 2638 499 2662 non
529 2637 591 2662 co·
643 2628 786 2663 nomine
828 2626 972 2671 Christi,
1008 2627 1072 2663 ubi
1106 2626 1252 2663 verbum
1287 2627 1361 2662 Dei
1396 2627 1537 2669 docent,
1564 2627 1722 2675 Baptis-

195 2691 394 2740 gitavimus
419 2702 592 2739 unquam,
644 2704 741 2726 mum
770 2697 801 2728 et
833 2693 991 2728 Coenam
1019 2698 1190 2727 sanctam
1219 2691 1494 2736 administrant,
1523 2691 1642 2727 Deum
1664 2692 1721 2727 ἰη-

191 2755 266 2792 imo
303 2766 462 2804 quorum
490 2765 588 2800 ‚con-
641 2761 773 2790 vocant
799 2756 836 2790 in
864 2756 996 2803 spiritu
1023 2761 1056 2792 et
1081 2756 1243 2798 veritate,
1265 2755 1332 2803 ple
1361 2761 1559 2803 sancteque
1585 2756 1716 2792 viv-nnc.

191 2819 304 2857 traria
356 2817 477 2856 verbis
526 2830 590 2854 ex·
