1818 3178
187 112 259 149 330

187 222 437 273 Westphalus,
473 225 515 258 ut
549 234 701 271 prorsus
737 220 898 266 invertat
925 223 1042 258 totam
1070 220 1170 258 illius
1200 220 1541 261 ratiocinationem.
1569 226 1605 260 et
1633 223 1710 260 eius

184 300 273 325 mox
307 287 391 335 (fol.
420 288 511 333 100)
548 285 784 322 autoritatem
823 298 910 322 suae
944 285 1061 336 ipsius
1094 285 1355 334 imaginationi
1383 286 1576 325 obtendat.
1630 288 1710 325 Ubi

185 365 271 390 vero
307 352 396 388 haec
430 350 528 401 apud
565 350 745 400 Cyrillum
783 349 994 387 habentur?
1031 363 1163 400 nempe
1199 364 1278 388 eam
1316 364 1394 388 esse
1429 351 1505 387 vim
1531 352 1710 400 mysticae

186 413 454 453 benedictionis
481 414 520 452 in
543 427 679 451 coenae
698 413 918 451 Dominicae
937 427 1019 458 usu,
1040 418 1079 451 ut
1100 413 1288 452 credentes
1309 427 1462 465 corpore
1487 414 1626 452 Christi
1646 428 1712 466 per

182 479 376 529 mysticam
398 479 696 517 communionem
716 478 1009 517 benedicantur?
1028 482 1068 515 ut
1087 477 1170 515 ideo
1191 478 1388 516 efficiamur
1407 492 1535 518 omnes
1556 480 1707 528 [unum]

183 557 316 594 corpus
362 543 513 589 Christi,
549 544 635 593 quia
673 556 787 581 unum
823 556 954 593 panem
993 555 1121 580 omnes
1157 542 1361 580 sumimus?
1399 544 1557 581 ntideo
1595 543 1710 581 simus

182 621 311 645 omnes
348 621 480 659 corpus
515 611 551 645 et
587 608 752 645 membra
789 607 939 651 Christi,
976 607 1061 658 quia
1097 608 1288 658 perillam
1318 608 1708 646 benedictionem

181 673 405 723 mysterii
453 673 576 723 ipsum
611 673 731 711 filium
767 672 837 710 Dci
880 672 1132 723 suscipimus?
1186 671 1305 718 Haec,
1339 672 1505 723 inquam,
1541 673 1650 710 nobis
1688 687 1708 711 a

183 737 412 788 Westphalo,
449 737 579 774 citato
603 737 643 774 in
678 736 865 787 Apologia
903 736 1034 786 Cyrilli
1069 736 1167 780 1000,
1205 737 1490 774 commonstrari
1518 738 1707 776 vellemus.

182 801 273 839 Esto
310 806 445 847 autem,
481 801 617 839 dixerit
652 801 793 851 aliquid
830 800 1012 837 eiusmodi
1049 800 1231 849 Cyrillus:
1268 804 1329 837 An
1356 801 1527 851 protinus
1554 801 1605 838 ita
1631 802 1706 838 iam

180 864 447 914 intelligendus
482 864 565 910 erit,
596 869 636 901 ut
674 878 694 901 a
740 863 954 914 West-phalo
992 863 1217 914 exponitur?
1245 877 1293 901 an
1320 876 1447 901 vocem
1477 863 1707 902 benedictio-

180 930 239 968 nis
274 930 327 968 ita
363 929 628 978 intelligemus,
661 933 704 966 ut
743 942 822 966 eam
863 928 1099 978 Westphalus
1137 929 1216 966 vult
1243 928 1431 978 intelligi?
1460 928 1504 966 de
1531 942 1605 979 qua
1627 930 1706 978 jam

179 996 319 1046 alioqui
355 995 497 1032 dictum
534 998 590 1032 est
615 995 726 1044 paulo
755 998 877 1031 antea.
933 992 1035 1031 Quid
1063 997 1187 1030 autem
1214 998 1270 1030 est
1297 993 1512 1043 Westphalo
1545 993 1707 1043 Mystica

177 1059 392 1097 communio
428 1059 467 1096 in
505 1059 628 1095 Coena
665 1057 843 1094 Domini?
907 1057 1067 1107 Cyrillus
1104 1057 1144 1094 in
1180 1070 1295 1095 coena
1332 1061 1366 1094 et
1407 1057 1635 1108 spiritualem
1672 1062 1710 1096 et

179 1125 410 1176 corporalem
446 1128 612 1161 nostram
653 1135 737 1159 cum
775 1122 924 1159 Christo
955 1122 1254 1159 communionem
1286 1122 1556 1172 complectitur,
1583 1122 1706 1160 West·

178 1189 310 1240 phalus
337 1194 460 1225 autem
487 1192 594 1224 vocat
623 1186 835 1236 Mysticam.
878 1186 985 1223 Idem
1012 1191 1067 1223 est
1095 1185 1316 1236 Westphalo
1346 1186 1487 1224 seilicet
1516 1187 1707 1237 corporale

178 1268 242 1292 seu
278 1254 460 1297 naturale,
493 1258 528 1289 et
567 1251 797 1301 Mysticum?
852 1251 910 1288 Ita
939 1251 1115 1288 nimirum
1143 1251 1296 1288 adflavit
1325 1251 1513 1288 hominem
1541 1251 1705 1300 Erinnys

175 1319 304 1370 ipsius,
339 1323 381 1355 ut
418 1317 559 1355 nesciat
594 1316 683 1367 quid
722 1316 832 1360 dicat,
868 1319 903 1353 et
932 1328 1055 1352 secum
1082 1316 1162 1366 ipse
1189 1319 1341 1366 pugnet.
1397 1315 1438 1352 Si
1464 1316 1623 1365 mystica
1650 1320 1706 1354 est

179 1383 360 1420 duntaxat
396 1381 614 1431 Westphalo
652 1380 691 1417 in
729 1393 841 1416 coena
871 1380 1098 1424 communio,
1125 1393 1198 1429 quo
1228 1385 1349 1430 pactO,
1377 1379 1478 1429 quod
1507 1380 1703 1429 mysticum

176 1451 244 1490 est,
270 1458 333 1483 ore
362 1445 501 1482 carnali
529 1443 732 1494 percipitur
759 1448 794 1480 et
823 1443 869 1480 ad
897 1443 1033 1493 impios
1060 1444 1200 1493 pariter
1228 1456 1271 1479 ac
1297 1443 1379 1493 pios
1406 1443 1589 1494 pertinet?
1609 1457 1705 1494 quae

175 1514 300 1547 tamen
336 1513 390 1546 est
425 1521 567 1545 summa
593 1507 788 1544 universae
817 1506 1093 1557 westphalicae
1119 1507 1342 1554 theologiae.
1396 1509 1457 1544 An
1486 1521 1576 1553 non,
1604 1508 1701 1558 quod

176 1575 374 1625 mysticum
410 1581 475 1619 est,
511 1573 608 1610 idem
645 1585 792 1623 quoque
827 1576 862 1609 et
899 1572 1090 1622 spirituale
1127 1571 1175 1609 sit
1212 1584 1360 1609 necesse
1396 1573 1477 1609 est?
1520 1586 1567 1609 an
1603 1573 1704 1617 item,

177 1639 277 1691 quod
314 1639 503 1691 spirituale
530 1644 596 1681 est,
625 1651 688 1675 ore
717 1638 854 1675 carnali
881 1637 1094 1688 percipitur,
1121 1643 1156 1675 et
1185 1638 1231 1675 ad
1257 1637 1393 1688 impios
1420 1638 1603 1689 pertinet?
1632 1639 1705 1676 nisi

177 1703 208 1741 si
236 1702 486 1754 Westphalus,
520 1701 620 1752 quod
648 1706 703 1738 est
731 1700 934 1751 spirituale,
961 1701 1006 1738 ad
1036 1701 1215 1751 Spiritum
1244 1706 1415 1738 sanctum
1442 1701 1571 1739 referri
1598 1702 1705 1747 nolit,

178 1780 223 1804 ne
265 1766 359 1804 illud
386 1766 473 1804 fidei
499 1766 638 1816 potius,
664 1778 775 1815 quam
802 1764 886 1812 (fol.
915 1766 1007 1811 101)
1036 1764 1177 1802 carnali
1205 1777 1268 1802 ore
1294 1764 1436 1816 percipi
1464 1769 1633 1816 oportere
1660 1780 1703 1803 ac

175 1831 333 1882 proinde
368 1831 416 1869 ad
452 1831 586 1881 impios
614 1829 710 1868 nihi]
735 1829 931 1880 pertinere,
956 1829 1066 1867 fateri
1095 1833 1260 1879 cogatur,
1286 1842 1399 1880 reque
1424 1830 1504 1881 ipsa
1532 1830 1706 1877 declaret,

177 1909 215 1934 se
241 1895 281 1933 in
309 1895 434 1933 eadem
462 1894 605 1932 haeresi
630 1898 754 1932 totum
781 1893 942 1939 haerere,
968 1907 1080 1944 quam
1107 1894 1147 1932 in
1176 1894 1287 1932 nobis
1313 1898 1507 1946 tantopere
1527 1895 1703 1934 destatur.

178 1959 301 1998 Nobis
337 1972 448 2011 porro
486 1959 559 1997 alia
586 1959 698 2007 longe
725 1962 779 1997 est
809 1959 1013 2010 corporalis
1042 1972 1106 1996 seu
1134 1959 1330 2005 naturalis,
1357 1959 1429 1997 alia
1457 1973 1544 1998 vero
1570 1960 1703 2010 mysti-

179 2038 220 2062 ca.
257 2038 320 2062 seu
357 2023 561 2075 spiritualis
609 2023 750 2061 Christi
785 2023 982 2061 nobiscum
1018 2028 1054 2061 et
1091 2028 1220 2062 nostra
1258 2037 1339 2061 cum
1374 2024 1440 2061 illo
1478 2025 1702 2065 communio.

178 2088 368 2126 Nimirum
394 2088 576 2126 naturalis
604 2101 669 2125 seu
697 2087 900 2138 corporalis
927 2101 969 2126 ea
997 2092 1064 2133 est,
1092 2101 1165 2138 qua
1191 2088 1291 2125 filius
1320 2088 1390 2126 Dei
1417 2102 1454 2126 se
1482 2089 1592 2127 nobis
1616 2103 1701 2127 nos·

176 2167 248 2204 que
285 2153 357 2190 sibi
391 2166 455 2203 per
494 2157 698 2190 naturae
734 2156 883 2189 nostrae
917 2151 958 2189 in
996 2165 1105 2190 carne
1142 2156 1272 2190 nostra
1311 2152 1629 2191 identitatem
1662 2167 1702 2191 re

175 2218 255 2269 ipsa
284 2217 492 2264 coniunxit,
519 2216 835 2268 quemadmodum
863 2217 1024 2266 Cyrillus
1051 2217 1131 2267 ipse
1157 2220 1335 2263 testatum
1362 2239 1415 2245 —
1440 2218 1598 2267 mystica
1615 2231 1700 2256 vero

177 2295 240 2319 seu
268 2281 485 2332 spiritualis,
511 2294 624 2332 quam
650 2280 748 2317 idem
775 2280 854 2331 ipse
882 2281 1042 2330 Cyrillus
1071 2280 1179 2319 docet
1206 2294 1284 2318 non
1299 2280 1470 2331 equidem
1498 2285 1703 2319 naturae

176 2350 326 2383 nostrae
362 2345 401 2382 in
437 2358 545 2382 carne
581 2349 709 2382 nostra
737 2344 1009 2382 identitate
1037 2348 1220 2390 constare,
1248 2344 1310 2382 sed
1340 2344 1538 2382 divinae
1563 2345 1701 2395 potius,

176 2412 212 2446 et
239 2413 415 2459 paternae
442 2414 478 2446 et
506 2422 603 2454 suae,
632 2412 834 2446 naturae
861 2408 1050 2453 affinitate,
1080 2422 1191 2459 quam
1217 2409 1281 2446 ille
1309 2409 1518 2447 coniunctis
1546 2409 1618 2446 sibi
1637 2424 1701 2460 per

176 2473 287 2510 fidem
321 2478 356 2510 et
392 2473 629 2510 sanctitatem
663 2477 748 2523 post
785 2472 910 2509 datum
946 2473 999 2510 eis
1036 2473 1216 2523 Spiritum
1252 2478 1422 2511 sanctum
1455 2474 1619 2523 gratuito
1655 2475 1700 2512 de

177 2550 243 2575 suo
280 2537 431 2587 proprio
467 2537 638 2586 largitur.
692 2536 784 2574 Eam
822 2536 937 2586 igitur
976 2541 1162 2587 utranque
1204 2538 1505 2576 communionem
1532 2542 1699 2575 nostram

178 2615 260 2639 cum
307 2601 454 2638 Christo
500 2601 662 2639 Domino
714 2615 777 2639 seu
814 2602 1028 2639 societatem
1066 2602 1279 2639 confirmari
1315 2602 1354 2639 in
1390 2602 1523 2639 animis
1562 2603 1699 2640 nostris

178 2666 321 2717 Spiritu
357 2669 485 2703 sancto
523 2671 663 2709 autore,
698 2666 863 2717 adeoque
900 2671 934 2704 et
968 2680 1038 2704 nos
1073 2667 1111 2704 in
1139 2667 1212 2704 fide
1239 2666 1339 2704 illius
1367 2666 1413 2703 ad
1443 2667 1555 2704 vitam
1582 2674 1700 2705 aeter-

177 2745 263 2768 nam
291 2730 496 2779 obsignari,
535 2730 717 2768 credimus
753 2735 789 2769 et
826 2731 1014 2776 docemus,
1048 2731 1088 2769 in
1115 2731 1280 2781 legitimo
1310 2732 1454 2768 Coenae
1481 2730 1700 2770 Dominicae

176 2807 258 2838 usn,
285 2794 387 2831 iuxta
417 2793 589 2830 traditam
619 2794 729 2831 uobis
756 2794 794 2830 in
826 2795 1026 2845 Scripturis
1055 2798 1370 2832 sacramentorum
1399 2794 1565 2832 omnium
1579 2797 1700 2846 (quod

177 2858 224 2895 ad
261 2856 476 2907 mysterium
510 2856 660 2893 illorum
691 2858 904 2906 praesertim
935 2858 1083 2905 attinet)
1113 2864 1281 2895 naturam
1308 2871 1351 2894 ac
1378 2857 1572 2897 rationem.
1626 2860 1698 2896 Sed
