1818 3178
1551 99 1622 136 331

96 214 220 253 adhue
246 213 364 251 maius
391 216 459 259 est,
484 211 585 262 quod
613 211 760 250 subdit:
788 211 871 250 Nos
898 214 1090 262 propterea
1117 207 1218 249 effici
1237 223 1354 248 unum
1383 222 1517 261 corpus
1543 222 1627 247 cum

100 278 250 316 Christo
278 276 453 320 Domino,
480 276 584 326 quod
610 289 740 314 omnes
767 275 812 314 de
837 288 914 313 uno
942 289 1038 326 pane
1065 276 1210 314 Coenae
1236 274 1517 326 participamus.
1546 273 1629 311 Nos

98 343 182 381 ideo
217 355 297 380 esse
334 354 467 391 eorpus
503 345 539 377 et
575 340 740 378 membra
779 340 930 385 Christi,
966 340 1054 390 quia
1081 352 1144 390 per
1173 339 1299 379 neseio
1329 339 1433 376 cuius
1460 337 1629 389 mysterii

101 405 500 445 benedictionem
534 404 656 455 ipsum
693 404 764 442 Dei
801 405 921 442 filium
950 404 1186 455 suscipimus.
1240 403 1459 455 Westphalo
1488 403 1629 440 scilieet

99 472 146 509 ad
183 484 316 521 corpus
353 469 675 507 ChristiDomini
703 482 779 507 non
808 469 1050 520 pertinemus,
1075 469 1295 520 priusquam
1324 469 1468 506 Coenae
1496 468 1629 505 Domi-

100 537 204 574 nieae
239 535 414 586 par-(fol.
443 534 748 585 102)tieipemus.
803 534 937 584 Neque
971 533 1076 584 prius
1112 534 1280 571 membra
1317 533 1457 571 Christi
1489 546 1632 577 sumus,

99 613 207 651 quam
240 599 362 650 ipsum
400 598 470 636 Dei
504 598 624 636 filium
660 611 723 649 per
761 597 1163 636 benedictionem
1191 597 1422 647 mysterii
1449 597 1630 648 suscipia-

99 678 194 702 mus.
232 664 392 725 Egregia
419 664 588 715 profecto
617 668 653 701 et
681 663 795 712 digna
821 663 932 713 plane
961 661 1214 712 Westphalieo
1244 661 1378 712 spiritu
1407 661 1628 700 consolatio.

100 729 283 780 Equidem
311 730 342 766 si
367 728 452 766 ideo
480 728 655 766 efficimur
681 740 798 765 unum
829 739 961 777 corpus
990 739 1072 763 eum
1103 725 1265 771 Christo,
1292 726 1392 776 quod
1419 725 1459 763 in
1486 726 1632 764 Coenae

99 807 170 832 usu
206 794 250 831 de
285 806 361 830 uno
395 806 491 844 pane
525 792 806 844 participamus,
841 795 877 828 et
914 791 945 828 si
982 783 1199 841 propterea
1224 803 1356 840 eorpus
1393 795 1428 828 et
1464 791 1630 828 membra

101 858 241 896 Christi
277 871 417 904 sumus,
453 857 553 909 quod
588 861 668 894 tum
694 856 807 894 etiam
833 869 896 906 per
924 855 1091 904 mysterii
1117 854 1243 892 nescio
1273 855 1377 892 euius
1406 855 1631 893 benedie-

98 923 280 961 tionem
316 923 440 973 ipsum
475 922 545 959 Dei
580 921 698 958 filium
726 919 983 970 suscipiamus,
1006 919 1079 956 iam
1108 932 1227 969 neque
1254 920 1415 957 infantes
1445 920 1565 957 nostri
1591 920 1631 957 in

99 1000 217 1024 unum
262 986 403 1024 Christi
452 986 600 1023 Domini
643 998 776 1035 eorpus
823 983 1123 1034 baptizabuntur,
1166 997 1285 1034 neque
1317 983 1485 1021 fidelium
1521 983 1632 1022 liberi

100 1052 221 1089 saneti
258 1054 470 1094 nascentur,
506 1062 625 1100 neque
660 1049 792 1086 foedus
826 1048 918 1086 adeo
956 1047 1039 1090 Dei,
1075 1060 1162 1090 cum
1197 1048 1389 1085 Abraham
1427 1053 1463 1086 et
1492 1049 1632 1087 semine

100 1115 216 1165 ipsius
244 1115 282 1152 in
311 1118 504 1152 aeternum
531 1113 659 1157 ictum,
686 1112 731 1150 ad
761 1125 830 1149 nos
859 1125 1058 1162 semenque
1085 1115 1258 1149 nostrum
1286 1112 1390 1162 prius
1417 1114 1632 1163 pertinebit,

100 1178 174 1216 nisi
209 1177 240 1216 si
274 1181 340 1215 aut
367 1177 442 1214 vim
469 1176 599 1214 Divini
625 1176 822 1213 nobiscum
849 1174 1010 1212 foederis
1038 1178 1219 1212 arctatam
1246 1188 1325 1212 esse
1351 1175 1425 1213 iam
1453 1177 1491 1214 in
1523 1177 1632 1214 Chri-

100 1248 170 1286 sto,
206 1246 270 1279 aut
303 1254 373 1279 nos
409 1254 430 1278 a
466 1240 614 1278 foedere
647 1240 713 1295 illo
740 1238 890 1277 excludi
916 1243 1023 1290 putat
1052 1238 1312 1289 Westphalus:
1341 1245 1382 1276 ut
1410 1253 1530 1290 neque
1553 1241 1632 1289 jam

99 1307 147 1344 sit
182 1306 291 1343 nobis
327 1318 424 1343 unus
463 1304 578 1350 Deus,
613 1303 645 1342 si
680 1303 940 1354 Westphalum
966 1303 1175 1349 audiamus,
1203 1316 1322 1354 neque
1349 1316 1423 1340 una
1450 1303 1521 1341 Dei
1549 1317 1632 1342 eum

100 1370 325 1408 Patriarehis
361 1374 397 1408 et
429 1369 627 1420 Prophetis
662 1368 843 1413 Ecclesia,
878 1381 999 1419 neque
1032 1381 1151 1405 unum
1190 1367 1386 1418 baptisma,
1414 1381 1533 1419 neque
1558 1383 1633 1406 una

98 1436 203 1474 fides.
258 1435 372 1473 Cuius
408 1448 494 1472 vero
530 1434 700 1484 mysterii
727 1433 1025 1471 benedictionem
1052 1433 1244 1482 intelligit,
1273 1433 1361 1470 dum
1389 1433 1434 1471 de
1460 1439 1635 1484 myste-

99 1500 164 1538 rii
200 1498 554 1538 benedictione
588 1498 785 1549 loquitur?
839 1497 879 1533 Si
916 1496 1136 1547 mysterium
1172 1496 1295 1547 ipsum
1335 1495 1567 1534 benedicitur
1593 1497 1633 1535 in

98 1565 179 1616 ipso
209 1565 355 1602 Coenae
380 1576 467 1608 usu,
495 1563 564 1600 hoc
591 1566 659 1607 est,
686 1561 874 1613 operativa
903 1561 1065 1612 quadam
1093 1561 1292 1619 verborum
1305 1561 1525 1599 recitatione
1544 1575 1634 1599 eon-

100 1633 277 1675 secratur,
311 1633 353 1666 ut
389 1628 463 1665 iam
500 1631 672 1665 sanctum
709 1627 770 1672 sit,
798 1626 899 1677 quod
926 1626 1069 1676 alioqui
1095 1626 1297 1677 profanum
1324 1631 1414 1670 erat,
1442 1626 1633 1676 quodnam

101 1693 208 1738 illud,
233 1706 385 1744 quaese,
410 1692 561 1730 tandem
588 1695 643 1730 est
670 1691 905 1741 mysterium,
931 1691 1031 1742 quod
1061 1690 1231 1734 benedici
1259 1691 1395 1728 docet?
1444 1690 1484 1727 Si
1511 1683 1635 1741 ipsum'

103 1757 242 1795 Christi
277 1757 431 1795 Domini
467 1770 600 1807 eorpus
628 1756 818 1805 intelligit,
847 1769 915 1794 nos
942 1755 1038 1793 illud
1066 1755 1113 1793 ab
1140 1755 1223 1806 ipso
1252 1757 1327 1792 iam
1353 1768 1470 1806 usque
1498 1755 1635 1792 verbi

100 1821 359 1859 incarnatione
395 1824 667 1859 sacramentum
702 1834 783 1858 esse
819 1820 1016 1866 eredimus,
1042 1819 1209 1870 adeoque
1236 1824 1272 1858 et
1299 1820 1539 1857 sanctificans
1565 1833 1635 1857 nos

101 1887 141 1924 in
178 1899 216 1923 se
252 1898 392 1931 omnes,
426 1885 562 1923 nedum
597 1890 641 1923 ut
675 1885 752 1922 ulla
791 1890 918 1922 nostra
947 1883 1209 1922 benedictione
1237 1884 1397 1935 amplius
1426 1884 1636 1922 consecrari

102 1963 253 2000 quoquo
280 1949 393 1986 modo
421 1953 486 1986 aut
513 1948 645 1987 debeat
669 1953 734 1986 aut
762 1949 875 1986 etiam
901 1948 1042 1999 poss-its
1089 1948 1128 1985 Si
1157 1961 1242 1986 vero
1272 1948 1342 1985 sub
1372 1948 1538 1998 mysterii
1566 1961 1635 1985 no·

102 2014 203 2052 mine
237 2013 417 2051 elementa
455 2013 600 2051 Coenae
634 2013 720 2061 (fol.
750 2015 840 2058 103)
876 2012 1056 2061 intelligit
1091 2016 1126 2050 et
1154 2012 1437 2050 consecratione
1464 2015 1636 2050 sanetum

102 2079 182 2116 fieri
217 2081 335 2128 putat,
361 2077 463 2127 quod
489 2075 530 2114 in
558 2090 596 2114 se
622 2076 763 2127 alioqui
789 2076 989 2127 profanum
1017 2080 1108 2123 erat,
1133 2077 1291 2114 ubinam
1317 2076 1362 2122 ei,
1390 2076 1493 2127 quod
1520 2081 1636 2114 terre·

103 2157 192 2181 num
221 2148 288 2189 est,
313 2143 439 2179 locum
465 2141 505 2179 in
535 2143 659 2179 Coena
686 2141 805 2178 ullum
832 2129 1019 2191 relinquet
1047 2140 1301 2191 WestphaluS‚
1329 2145 1368 2178 ut
1395 2140 1636 2178 Eucharistia

104 2208 248 2245 duabus
276 2207 386 2245 rebus
415 2210 571 2249 constet,
598 2205 912 2257 quemadmodum
939 2206 1114 2243 Irenaeus
1144 2205 1278 2243 docet?
1316 2205 1436 2250 Certe,
1452 2209 1635 2256 quatenus

103 2271 245 2322 aliquid
272 2284 336 2322 per
365 2284 403 2308 se
429 2274 619 2308 terrenum
646 2273 714 2316 est,
741 2270 922 2307 haetenus
951 2283 1034 2307 vere
1063 2274 1234 2307 sanctum
1263 2282 1382 2320 neque
1409 2282 1488 2307 esse
1515 2283 1636 2321 neque

103 2337 178 2374 diei
214 2340 355 2387 potest:
391 2335 510 2372 multo
546 2335 669 2372 minus
705 2340 828 2373 autem
864 2335 915 2373 ita
945 2335 1156 2372 consecrari
1184 2335 1259 2372 ullo
1287 2342 1416 2372 nostro
1443 2347 1564 2385 opere,
1593 2339 1633 2372 ut

103 2416 149 2440 ex
184 2402 342 2452 profano
380 2414 442 2438 seu
477 2400 667 2437 communi
702 2405 872 2438 sanctum
898 2401 976 2438 fiat.
1031 2399 1186 2450 Alioqui
1214 2413 1333 2450 neque
1361 2412 1429 2437 nos
1457 2399 1632 2437 immuta-

103 2467 246 2505 tionem
292 2465 411 2504 nostri
446 2470 641 2515 expectare
675 2464 798 2502 adhuc
833 2468 1021 2515 oporteret
1061 2468 1098 2502 et
1133 2465 1274 2502 frustra
1310 2465 1432 2502 omnis
1468 2470 1635 2502 ereatura

104 2532 227 2569 adhue
264 2531 555 2580 congemisceret
591 2529 636 2567 ad
675 2530 938 2567 revelationem
976 2529 1137 2566 filiorum
1175 2529 1256 2574 Dei,
1290 2529 1321 2567 si
1356 2529 1464 2580 panis
1491 2529 1570 2580 ipse
1597 2529 1636 2567 in

107 2597 252 2634 Coenae
278 2608 349 2633 usu
385 2599 535 2633 sanctus
573 2594 646 2632 iam
673 2595 740 2632 fiat
774 2607 838 2644 per
868 2593 1034 2631 Ministri
1063 2595 1379 2632 consecrationem
1408 2594 1486 2631 sive
1514 2593 1638 2631 West-

104 2660 294 2711 phalieam
331 2659 641 2697 benedictionem.
696 2658 846 2695 Habeat
880 2658 953 2695 sibi
990 2658 1226 2709 Westphalus
1254 2658 1370 2708 igitur
1398 2672 1500 2696 suam
1529 2659 1640 2695 istam

106 2725 232 2763 nescio
279 2725 384 2762 cuius
428 2724 597 2774 mysterii
634 2723 945 2770 benedictionem,
985 2736 1053 2761 nos
1089 2737 1237 2762 earnem
1282 2728 1464 2768 nostram,
1500 2736 1645 2773 nosque

107 2789 198 2827 adeo
234 2793 335 2827 totos
371 2789 411 2826 in
457 2788 607 2826 Christo
645 2787 809 2825 Domino
846 2787 919 2825 iam
956 2787 1045 2826 olim
1082 2787 1334 2826 sanctificatos
1370 2801 1435 2838 per
1471 2787 1549 2824 eius
1585 2787 1645 2824 in-

108 2853 373 2899 carnationem,
407 2853 527 2891 iustos
561 2852 649 2890 item
690 2865 754 2902 per
782 2852 974 2890 absolutae
1000 2851 1100 2890 illius
1127 2865 1213 2902 erga
1241 2853 1390 2890 Patrem
1417 2864 1524 2889 suum
1555 2851 1645 2889 obe-
