1818 3178
425 121 1689 136 mmmmmsxm

281 429 361 467 AD
408 429 771 470 MINISTROS
813 432 1272 471 ECCLESIARUM
1317 433 1577 471 FRISIAE

722 507 1140 548 ORIENTALIS.

218 850 408 890 Quoniam
442 849 582 901 passim
617 850 881 900 indignissime
909 850 1154 897 traducimur,
1181 851 1253 888 viri
1280 852 1432 890 fratres!
1461 852 1568 903 quasi
1595 865 1696 891 nunc

169 915 315 953 Coenae
342 914 562 952 Dominicae
589 914 810 964 dignitatem
838 912 1010 952 doctrina
1038 919 1167 952 nostra
1195 915 1350 953 nimium
1379 916 1576 962 elevemus,
1594 916 1696 968 quod

167 979 403 1029 potissimum
440 978 574 1017 attinet
607 979 654 1016 ad
690 978 906 1029 mysterium
935 982 1084 1016 nostrae
1112 992 1195 1016 cum
1224 979 1372 1017 Christo
1402 979 1564 1018 Domino
1593 993 1695 1018 com-

168 1043 371 1090 munionis,
406 1049 441 1081 et
482 1044 648 1094 corporis
675 1043 763 1082 item
790 1043 846 1082 sui
873 1043 913 1081 in
943 1044 1067 1081 Coena
1094 1044 1386 1092 exhibitionem3
1415 1058 1533 1096 neque
1563 1045 1697 1083 desunt

168 1108 292 1155 etiam,
319 1108 383 1159 qui
411 1121 480 1146 nos
507 1108 667 1160 priorem
696 1122 738 1146 ea
765 1108 810 1146 de
837 1122 876 1146 re
903 1108 1140 1155 sententiam,
1167 1109 1293 1147 nescio
1322 1123 1394 1161 qua
1422 1114 1538 1160 parte,
1556 1114 1698 1148 mutas-

170 1186 208 1210 se
242 1176 389 1223 putant,
414 1193 465 1201 —
493 1173 613 1210 visum
640 1176 695 1210 est
721 1171 848 1223 paucis
877 1172 924 1210 ad
950 1185 1127 1224 praesens
1154 1173 1313 1211 istorum
1342 1173 1538 1211 calumniis
1566 1186 1698 1211 occur·

170 1250 263 1282 rere,
295 1237 521 1289 publicoque
556 1237 628 1275 hoc
663 1238 802 1288 scripto
830 1250 912 1275 meo
940 1238 1080 1283 testari,
1115 1238 1215 1289 quod
1245 1251 1364 1289 neque
1393 1239 1538 1276 Coenae
1570 1238 1698 1276 Domi-

171 1302 278 1340 nicae
321 1301 541 1352 dignitatem
586 1306 713 1340 nostra
751 1302 922 1341 doctrina
962 1303 1147 1341 elevemus
1183 1316 1334 1354 quoquo
1370 1303 1495 1350 modo,
1536 1303 1601 1342 sed
1635 1316 1700 1356 per

169 1366 263 1404 alios
291 1365 554 1405 labefactatam
581 1366 638 1404 illi
673 1367 799 1418 potius
834 1367 1084 1412 restituamus,
1111 1381 1230 1419 neque
1257 1382 1278 1406 a
1305 1368 1430 1419 priore
1457 1373 1584 1406 nostra
1611 1368 1700 1406 item

170 1429 240 1467 hac
274 1430 314 1467 in
350 1435 454 1481 parte
481 1430 678 1476 sententia,
714 1444 826 1482 quam
853 1431 892 1469 in
921 1437 1049 1470 nostro
1079 1431 1140 1469 hic
1166 1431 1376 1470 ministerio
1404 1431 1598 1470 vobiscum
1626 1445 1700 1470 una

171 1493 448 1532 consentienter
482 1494 642 1545 professi
670 1508 810 1541 sumus,
837 1495 895 1533 vel
922 1495 1052 1542 latum,
1077 1495 1178 1546 quod
1206 1496 1324 1542 aiunt,
1348 1509 1511 1546 unguem
1539 1509 1700 1535 recesse-

171 1558 301 1597 rimus.
356 1558 445 1596 Non
481 1558 612 1596 dubito
649 1563 771 1597 autem
806 1572 872 1597 vos
907 1560 1085 1598 memoria
1113 1560 1236 1598 adhuc
1261 1565 1385 1599 tenere
1413 1561 1605 1600 doctrinae
1632 1574 1701 1600 no-

173 1629 269 1661 strae
303 1623 610 1670 moderationem,
645 1637 710 1675 per
745 1637 805 1663 me
830 1629 959 1675 postea
987 1625 1057 1662 sub
1085 1625 1205 1662 forma
1232 1625 1411 1677 epistolae
1439 1625 1635 1676 cujusdam
1660 1626 1701 1665 in

171 1687 310 1737 Anglia
344 1687 496 1733 editam,
532 1701 645 1739 quam
672 1688 856 1726 Dominus
884 1688 1127 1728 Hermannus
1155 1689 1343 1736 Brassius,
1371 1690 1515 1738 collega
1542 1689 1603 1728 hic
1630 1703 1701 1728 no-

172 1756 259 1796 ster,
294 1751 333 1789 in
361 1752 557 1803 publi-(A.
586 1755 687 1800 2³)ca
725 1753 905 1791 concione
941 1752 1096 1791 Nordae
1122 1758 1208 1791 ante
1234 1767 1355 1792 annos
1382 1755 1498 1792 ferme
1525 1758 1609 1793 octo
1637 1758 1702 1792 aut

172 1816 332 1866 amplius
366 1818 557 1867 professus
593 1820 660 1861 est,
697 1822 733 1854 et
769 1816 933 1868 plerique
968 1821 1128 1855 vestrum
1157 1818 1381 1869 exscriptam
1411 1818 1558 1856 demum
1587 1819 1701 1857 etiam

171 1880 417 1920 retinuerunt.
463 1880 569 1918 Haec
596 1881 677 1932 ipsa
704 1881 819 1931 igitur
847 1881 1038 1920 doctrinae
1065 1885 1216 1919 nostrae
1243 1896 1263 1919 a
1290 1895 1349 1920 me
1377 1882 1437 1920 hic
1465 1883 1592 1921 relicta
1618 1896 1701 1920 mo-

174 1944 330 1989 deratio,
355 1949 390 1982 et
417 1945 573 1996 epistola
600 1949 787 1996 praeterea
814 1945 861 1982 ad
888 1945 1109 1983 Bremenses
1139 1945 1335 1984 Ministros
1362 1960 1383 1984 a
1410 1959 1467 1984 me
1486 1947 1596 1998 paulo
1615 1952 1702 1998 post

172 2009 342 2047 unanimi
364 2009 514 2047 interim
542 2010 768 2059 collegarum
797 2009 857 2047 hio
883 2023 1051 2048 meorum
1079 2023 1265 2048 consensu
1284 2011 1433 2061 scripta,
1450 2011 1559 2049 facile
1575 2015 1701 2049 osten-

176 2072 277 2119 dent,
313 2072 496 2123 siquidem
534 2086 618 2111 cum
654 2073 723 2111 hac
759 2087 838 2111 mea
875 2087 974 2112 nunc
1011 2074 1245 2112 confessione
1282 2075 1533 2119 conferantur,
1568 2088 1627 2113 me
1661 2075 1702 2114 in

174 2137 301 2174 eadem
344 2137 437 2188 ipsa,
482 2151 595 2188 quam
631 2137 691 2176 hic
720 2151 800 2176 sum
835 2140 1039 2190 professus,
1074 2139 1244 2177 doctrina
1281 2152 1324 2176 ac
1361 2138 1544 2178 sententia
1578 2139 1701 2177 modis

173 2202 348 2240 omnibus
382 2206 557 2253 perstare.
614 2201 737 2241 Meam
775 2216 861 2240 vero
899 2203 994 2242 hanc
1031 2203 1305 2242 confessionem
1332 2203 1438 2242 vobis
1465 2203 1702 2256 potissimum

172 2265 256 2303 ideo
293 2279 508 2317 nuncupare
544 2266 657 2311 volui,
693 2267 794 2318 quod
830 2280 939 2305 nemo
976 2267 1069 2306 alius
1108 2267 1152 2306 de
1179 2281 1259 2305 mea
1299 2267 1359 2304 hic
1385 2267 1614 2316 innocentia,
1639 2272 1703 2307 aut

174 2329 334 2380 plenius,
368 2333 432 2367 aut
469 2329 581 2367 etiam
616 2329 762 2368 fidelius
800 2331 1056 2369 testimonium
1092 2331 1286 2383 perhibere
1320 2332 1451 2382 possit,
1486 2345 1596 2384 quam
1626 2345 1705 2377 vos,

176 2395 241 2446 qui
268 2395 306 2433 in
334 2394 464 2433 eodem
493 2408 565 2433 una
592 2408 737 2433 mecum
765 2395 973 2434 ministerio
999 2396 1137 2448 pariter
1165 2396 1301 2434 versati
1327 2397 1428 2437 estis.
1481 2396 1583 2435 Deus
1612 2397 1703 2449 opt.

179 2459 280 2499 Max.
317 2465 422 2510 regat
458 2473 523 2497 vos
560 2460 692 2511 spiritu
729 2465 857 2498 sancto
895 2474 960 2499 suo
997 2466 1032 2499 et
1059 2462 1184 2500 efficax
1210 2461 1341 2500 reddat
1367 2461 1614 2502 ministerium
1641 2476 1704 2500 ve·

177 2529 296 2563 strum
322 2524 368 2562 ad
396 2523 555 2574 gloriam
583 2524 641 2561 sui
668 2524 851 2562 adorandi
878 2525 1055 2572 nominis,
1082 2525 1239 2563 salutem
1267 2529 1426 2565 vestram
1453 2530 1488 2565 et
1516 2526 1705 2569 Ecclesiae

176 2588 485 2627 aedificationem.
515 2589 650 2627 Amen.
677 2589 744 2636 (A.
772 2588 834 2637 2¹³)
