1818 3178
181 121 227 154 60
633 126 684 152 nr:
710 125 872 151 cnm-sn
901 123 1218 154 INCARNA'HONR.

178 231 234 264 cst
268 226 381 275 igitur
417 226 559 263 divinae
594 223 862 274 promissionis,
896 228 936 260 ut
972 237 1116 262 carnem
1145 239 1225 264 esse
1251 240 1326 265 non
1352 228 1552 279 permittat,
1587 231 1689 282 quod

177 302 220 327 ex
250 302 356 327 carne
382 293 506 326 natum
534 291 609 332 est3
635 307 686 315 —·
713 287 743 324 si
771 287 860 324 haec
887 287 1062 332 infantes,
1089 288 1120 325 si
1146 290 1307 335 adultos,
1334 292 1365 330 si
1391 297 1508 331 totam
1528 295 1688 347 denique

175 353 376 390 Ecclesiam
415 352 460 388 ab
496 364 535 388 ea
571 351 651 398 lege
686 351 829 394 liberat,
857 351 1021 389 omnium
1050 358 1146 391 certe
1174 357 1332 394 maxime
1358 371 1453 403 eum,
1479 360 1542 409 qui
1569 361 1686 399 totius

173 416 358 453 Ecclesiae
386 419 492 465 caput
518 418 584 457 est,
613 419 648 451 et
674 414 709 451 in
739 428 847 465 quem
875 415 994 452 solum
1023 429 1163 461 omnes,
1189 424 1372 471 quotquot
1402 435 1555 473 usquam
1583 430 1684 472 sunt,

169 479 428 529 promissiones
455 478 655 521 intuentur,
682 478 868 523 liberabit,
896 493 1014 530 neque
1042 493 1125 518 caro
1153 494 1231 520 esse
1259 485 1412 522 omnino
1434 491 1554 537 potest
1576 488 1685 526 Chri-

168 546 244 579 stus
279 542 471 586 Dominus,
506 554 714 592 quanquam
753 556 797 580 ex
834 556 955 588 carne,
990 557 1120 595 nempe
1158 559 1177 583 e
1205 546 1349 596 virgine
1375 554 1503 594 matre,
1529 556 1564 588 et
1593 565 1683 590 con-

167 610 291 655 ceptus
325 609 360 642 et
387 610 495 642 natus
522 610 595 651 est;
625 606 768 643 etiamsi
797 611 897 644 tuam
925 607 1041 658 ipsius
1068 608 1411 659 interpretationem
1440 615 1673 665 recipiamus,

214 669 295 705 Stat
307 681 393 717 ergo
410 669 574 713 immota,
592 682 700 719 quam
715 670 785 707 tibi
803 671 1036 716 tradidimus,
1057 676 1182 709 nostra
1203 677 1682 730 argumentatio‚simulque

163 737 198 768 et
244 731 410 769 doctrina
454 736 531 769 tota
576 733 619 770 de
657 734 795 771 Christi
832 734 982 772 Domini
1019 737 1260 787 conceptione
1298 739 1373 776 sive
1411 740 1683 789 incarnatione,

164 796 297 832 frustra
333 795 399 832 abs
435 799 470 833 te
506 796 684 834 hactenus
712 798 857 848 tuisque
884 798 940 846 (K
968 795 1040 846 vib)
1070 801 1283 850 symmystis
1310 801 1539 853 impugnata.
1595 807 1677 845 Stat

162 859 324 904 immota,
350 859 513 909 inquam,
534 874 649 911 neque
670 861 754 898 ullis
775 863 932 900 Satanae
953 864 1145 901 conatibus
1165 865 1382 904 labefactari
1401 873 1534 918 potest.
1567 870 1679 909 Quod

161 928 337 972 superest,
371 923 414 961 de
450 924 654 974 Baptism0‚
695 926 810 976 deque
845 926 1106 965 Ecclesiastica
1135 929 1341 972 vocatione,
1368 931 1404 968 id
1434 945 1581 984 quoque
1608 935 1679 973 tibi

162 985 263 1022 brevi
297 986 348 1034 (si
375 986 557 1024 Dominus
585 989 701 1035 volet.)
731 989 913 1035 dabimus,
940 994 975 1028 et
1002 991 1066 1036 ita,
1093 993 1192 1042 quod
1220 1006 1284 1043 per
1309 995 1469 1043 gratiam
1497 996 1577 1035 Dei·
1596 1012 1678 1049 spe-

159 1061 213 1093 ro,
247 1049 430 1095 dabimus,
463 1057 502 1088 ut
541 1051 604 1088 illa
641 1053 847 1091 convellere
883 1067 957 1092 non
993 1068 1118 1105 queas,
1171 1056 1326 1095 Interim
1355 1062 1391 1096 te
1417 1063 1452 1097 et
1480 1073 1613 1099 moneo
1641 1067 1678 1101 et

160 1112 299 1157 hortor,
333 1117 374 1151 ut
410 1119 472 1152 aut
507 1115 638 1153 doceas
675 1117 988 1167 circumspectius.
1015 1124 1077 1156 aut
1104 1119 1151 1157 ab
1178 1134 1220 1158 eo
1249 1135 1399 1160 munere
1426 1124 1626 1170 abstineas,
1653 1140 1675 1164 0

165 1175 335 1218 Menn01,
363 1190 408 1213 ne
435 1179 654 1226 sanguinem
682 1179 894 1218 miserarum
923 1181 1142 1227 animarum,
1169 1197 1232 1234 per
1258 1189 1295 1223 te
1321 1186 1605 1237 implicatarum,
1630 1190 1676 1229 de

161 1251 270 1275 manu
305 1243 367 1276 tua
402 1241 564 1290 requirat
601 1242 639 1279 in
675 1243 739 1280 illo
778 1243 836 1281 die
870 1244 989 1282 iustus
1026 1246 1148 1289 iudex,
1184 1248 1246 1298 qui
1274 1253 1329 1287 est
1357 1250 1461 1288 Iesus
1491 1252 1676 1299 Christus,

161 1313 266 1339 verus
295 1302 394 1340 Deus
423 1317 600 1356 verusque
628 1306 737 1345 homo
766 1307 803 1345 in
832 1309 956 1346 omnia
985 1311 1128 1349 saecula
1158 1311 1385 1359 benedictus,
1414 1318 1545 1354 Amen.
