1818 3178
145 131 217 167 208
496 135 547 162 DE
577 131 858 161 SAORAMENTIS
887 130 1105 158 EchESIAE
1133 131 1315 160 cnms'rI.

144 254 230 279 vero
265 240 376 288 longe
410 242 465 275 est
498 237 761 273 testamentum
797 233 838 270 in
874 232 1068 280 sanguine,
1103 232 1205 271 aliud
1242 246 1326 271 vero
1364 233 1445 284 ipsa
1472 234 1667 282 sanguinis

144 302 364 346 substantia,
390 306 444 345 ut,
479 300 509 336 si
546 298 602 335 vel
629 297 821 347 ipsiusmet
851 296 991 334 Christi
1022 296 1174 333 Domini
1203 297 1314 334 verba
1342 297 1386 334 de
1413 310 1508 348 pane
1535 301 1571 335 et
1597 311 1667 348 po·

145 369 225 405 culo
263 366 494 403 conferamus
529 362 633 398 iuxta
670 360 776 398 Pauli
814 364 849 398 et
886 360 1009 397 Lucae
1048 360 1321 400 narrationem.
1357 366 1432 399 tam
1475 374 1563 399 sane
1592 375 1668 400 non

143 431 325 481 possimus
353 428 420 465 sub
441 426 524 475 (fol.
549 425 658 473 11112)
687 424 852 475 corporis
880 424 1031 462 nomine
1058 424 1098 461 in
1126 425 1247 463 verbis
1275 425 1320 463 de
1345 438 1442 477 pane
1461 426 1670 475 intelligere

141 495 258 545 ipsam
302 490 479 529 naturalis
518 488 684 538 eorporis
721 488 991 534 substantiam,
1033 501 1145 538 quam
1181 490 1250 526 snb
1287 490 1481 538 sanguinis
1518 490 1670 528 nomine

141 559 219 608 ipsa
247 555 440 605 sanguinis
469 553 678 591 substantia
706 553 804 604 apud
831 553 987 591 Paulum
1015 558 1050 590 et
1076 552 1220 590 Lucam
1246 554 1409 603 intelligi
1429 568 1504 592 non
1533 559 1669 606 potest.

143 621 328 660 Nimirum
371 619 583 657 testamenti
610 617 760 655 nomine
786 617 827 655 in
855 618 978 655 verbis
1007 617 1108 654 hisce
1137 618 1276 656 Christi
1315 619 1425 657 nobis
1453 619 1670 668 designatur

141 686 298 724 visibilis
331 684 512 735 quaedam
548 683 782 728 contestatio,
816 682 855 720 in
893 682 1000 731 signo
1039 695 1175 719 coenae
1201 681 1423 721 Doniinicae
1452 684 1670 726 constituta,

144 752 301 789 donatae
336 748 446 787 nobis
483 760 608 786 seeum
645 747 919 785 communionis
954 760 1017 785 seu
1054 747 1242 785 societatis
1270 747 1310 785 in
1340 761 1493 798 corpore
1519 753 1554 786 et
1583 762 1668 786 san-

142 816 253 865 guine
278 814 408 865 ipsius.

190 880 383 917 Postremo
419 878 499 929 ipsa
535 877 620 915 fidei
648 877 820 926 analogia
846 890 923 914 non
951 877 1103 927 patitur,
1129 881 1171 914 ut
1200 876 1269 914 sub
1299 877 1466 927 corporis
1492 882 1555 914 aut
1583 890 1669 914 san·

140 945 265 995 guinis
292 943 444 981 nomine
469 943 510 980 in
539 941 660 980 verbis
690 954 824 980 coenae
850 942 969 992 ipsam
999 942 1163 993 corporis
1191 947 1254 979 aut
1281 942 1476 991 sanguinis
1493 942 1669 980 substan-

140 1010 229 1047 tiam
256 1007 520 1056 intelligamus,
552 1010 732 1056 quatenus
760 1018 848 1043 sane
874 1006 915 1043 in
941 1019 995 1050 ea,
1022 1019 1116 1056 quae
1144 1010 1198 1043 est
1221 1006 1318 1044 inter
1337 1013 1407 1043 nos
1424 1010 1459 1043 et
1480 1005 1666 1044 Christum

141 1073 356 1118 Dominum,
392 1071 653 1109 communione
688 1084 765 1108 non
799 1084 842 1108 ea
875 1070 1091 1108 hauddubie
1128 1071 1403 1108 communionis
1431 1084 1515 1121 pars
1543 1062 1666 1109 sacra-

141 1138 274 1176 mentis
309 1136 484 1174 omnibus
521 1135 737 1184 designatur
774 1135 941 1186 adeoque
968 1140 1004 1172 et
1030 1135 1250 1185 obsignatur
1276 1135 1315 1173 in
1346 1135 1527 1180 Ecclesia,
1561 1136 1667 1173 iuxta

142 1215 253 1253 quam
288 1202 350 1238 ille
385 1213 405 1238 a
441 1199 551 1237 nobis
584 1198 740 1250 aliquid,
773 1199 874 1249 quod
911 1203 1081 1236 nostrum
1117 1199 1309 1250 proprium
1344 1199 1479 1244 fuerat,
1516 1200 1670 1250 accepit,

143 1266 207 1304 sed
241 1265 345 1303 iuxta
380 1277 490 1315 quam
517 1263 597 1315 ipse
624 1263 734 1301 nobis
762 1263 807 1301 de
833 1276 914 1309 su0,
946 1263 1048 1313 quod
1075 1276 1182 1301 suum
1211 1263 1400 1314 proprium
1432 1264 1567 1309 fuerat,
1602 1264 1668 1301 do·

142 1329 265 1376 navit3
294 1342 365 1380 qua
394 1329 438 1366 de
464 1341 503 1366 re
528 1328 568 1365 in
597 1327 853 1378 superioribus
881 1329 1030 1378 copiose
1047 1341 1115 1365 nos
1136 1327 1225 1365 satis
1245 1327 1463 1365 disseruisse
1479 1333 1665 1378 putamus.

143 1394 204 1440 Et,
236 1397 278 1431 ut
314 1393 447 1430 clarius
484 1391 667 1429 sententia
704 1395 832 1429 nostra
870 1391 914 1429 de
950 1404 1086 1428 coenae
1122 1391 1246 1428 verbis
1273 1391 1434 1440 intelligi
1460 1391 1591 1442 possit,
1618 1392 1668 1430 ita

142 1456 206 1494 illa
242 1456 479 1506 exponimus:
528 1456 625 1500 Hoc,
659 1454 696 1491 id
734 1459 801 1498 est,
836 1453 908 1491 hoc
945 1460 1065 1492 totum
1102 1454 1203 1505 quod
1239 1468 1340 1492 nunc
1376 1468 1460 1492 ecce
1496 1455 1668 1501 instituo,

143 1521 226 1569 (sol.
257 1521 365 1568 1122)
402 1533 533 1570 nempe
562 1519 652 1557 haec
679 1532 806 1563 coena,
843 1531 907 1563 est,
940 1519 1044 1557 iuxta
1072 1532 1191 1557 meam
1217 1520 1507 1567 institutionem,
1534 1536 1670 1571 corpus

143 1599 271 1630 meum,
306 1584 376 1622 hoc
412 1589 480 1629 est,
511 1583 604 1621 iuris
642 1583 829 1621 societatis
866 1595 929 1620 seu
964 1582 1238 1621 communionis
1273 1588 1425 1622 nostrae
1458 1597 1670 1623 sacramen·

143 1653 222 1686 tum
258 1648 296 1685 in
334 1661 487 1699 corpore
521 1660 616 1694 me0‚
653 1646 967 1698 quemadmodum
994 1647 1131 1685 Paulus
1167 1648 1340 1698 explieat,
1376 1654 1438 1686 aut
1465 1653 1668 1687 testamen-

142 1718 219 1751 tum
257 1714 296 1751 in
332 1726 414 1751 meo
452 1725 618 1763 corpore,
652 1711 963 1762 quemadmodum
1001 1712 1123 1750 Lucas
1160 1716 1196 1750 et
1230 1712 1367 1751 Paulus
1402 1713 1443 1751 in
1472 1714 1594 1753 verbis
1623 1716 1668 1753 de

143 1777 277 1827 poculo
308 1776 457 1822 habent,
483 1776 555 1813 hoc
582 1780 648 1821 est,
676 1775 835 1814 visibilis
861 1775 900 1813 in
929 1775 1036 1825 signo
1058 1776 1129 1813 hoc
1146 1776 1320 1816 instituta
1343 1778 1548 1816 voluntatis
1568 1793 1669 1817 meae

143 1845 326 1878 extremae
364 1840 586 1878 contestatio
633 1839 678 1877 de
715 1839 853 1878 donata
891 1840 997 1877 vobis
1034 1840 1209 1879 societate
1237 1853 1272 1879 et
1301 1843 1564 1881 communione
1590 1857 1669 1881 me-

145 1919 227 1944 eum
252 1906 293 1943 in
320 1918 474 1956 corpore
501 1917 594 1943 meo·

193 1972 318 2020 Atque
353 1982 398 2007 ex
432 1968 489 2006 his
525 1968 634 2006 facile
669 1968 830 2016 intelligi
864 1982 973 2019 posse
998 1973 1186 2019 putamus,
1222 1983 1291 2009 nos
1318 1971 1423 2009 iuxta
1449 1971 1666 2010 unanimem

146 2033 260 2071 totius
298 2033 498 2084 scripturae
533 2037 708 2075 mentem,
744 2032 848 2070 iuxta
884 2033 973 2070 item
1001 2037 1172 2071 naturam
1211 2035 1380 2073 omnium
1407 2036 1667 2075 Sam-amento-

144 2110 237 2143 rum,
264 2102 450 2148 praeterea
485 2097 589 2135 iuxta
626 2109 838 2147 expressam
874 2097 980 2134 Pauli
1008 2096 1155 2135 duobus
1182 2098 1276 2136 loeis
1302 2103 1338 2137 et
1366 2099 1491 2138 Lucae
1519 2100 1667 2152 exposi-

143 2161 295 2207 tionem,
320 2166 507 2212 postremo
543 2161 647 2198 iuxta
673 2159 793 2212 ipsam
821 2160 932 2198 etiam
959 2161 1047 2199 fidei
1073 2162 1298 2211 analogiam,
1323 2185 1375 2193 —
1401 2165 1471 2203 sub
1500 2166 1669 2217 corporis

146 2229 182 2261 et
216 2225 406 2274 sanguinis
442 2225 596 2263 vocibus
622 2232 722 2263 reete
748 2225 788 2263 in
816 2226 938 2263 verbis
967 2239 1102 2264 coenae
1128 2227 1336 2278 intelligere
1364 2242 1441 2267 non
1473 2230 1592 2281 ipsam
1620 2231 1666 2268 il-

146 2290 265 2327 lorum
301 2291 559 2335 substantiam,
585 2295 627 2328 ut
653 2304 717 2341 per
744 2303 874 2328 manus
900 2291 1063 2330 ministri
1090 2292 1128 2330 in
1158 2306 1294 2332 coenae
1320 2294 1513 2333 elementis
1540 2295 1666 2334 distri-

147 2353 302 2397 buatur,
345 2354 408 2391 sed
458 2354 672 2392 societatem
713 2354 837 2405 potius
873 2368 915 2392 ac
953 2356 1253 2395 communionem
1296 2371 1359 2396 seu
1392 2359 1450 2396 ius
1487 2359 1666 2398 donatum

147 2423 264 2456 morte
300 2417 438 2456 Christi
471 2419 510 2456 in
540 2432 692 2469 corpore
719 2426 754 2456 et
783 2420 965 2468 sangnine
992 2420 1121 2471 ipsius,
1149 2425 1187 2459 ut
1212 2421 1278 2459 illo
1306 2435 1370 2472 per
1396 2422 1507 2460 fidem
1535 2423 1582 2461 ad
1611 2425 1665 2462 vi·

144 2486 220 2520 tam
255 2482 432 2524 fruamur,
470 2488 505 2520 et
530 2483 571 2520 in
596 2483 669 2521 fide
695 2483 796 2521 illius
825 2497 892 2522 usu
921 2489 1239 2524 sacramentorum
1267 2498 1312 2524 ex
1341 2487 1481 2524 Christi
1508 2487 1664 2526 Domini

146 2546 383 2584 institutione
410 2546 661 2594 obsignemur.

196 2609 309 2648 Unde
343 2622 429 2646 sane
464 2609 604 2659 liquido
638 2612 715 2660 jam
755 2617 911 2657 constat,
940 2625 1016 2650 non
1041 2613 1145 2651 alind
1173 2614 1255 2662 (fol.
1287 2616 1394 2662 11212)
1423 2628 1502 2653 esse
1527 2621 1647 2665 myste

147 2675 241 2713 rium
279 2686 413 2711 coenae
448 2672 684 2719 Dominio-ae,
726 2689 834 2725 quam
870 2676 1027 2714 aliorum
1066 2678 1410 2725 Sacramentorum,
1444 2692 1576 2730 nempe
1609 2679 1666 2717 ius

146 2740 358 2778 societatem
391 2750 434 2775 ac
471 2738 766 2776 communionem
803 2746 968 2778 nostram
1007 2754 1091 2779 cum
1129 2743 1276 2780 Christo
1315 2742 1479 2781 Domino
1515 2745 1555 2781 in
1584 2757 1665 2780 cor-

146 2816 234 2854 pore
272 2808 308 2841 et
344 2801 523 2851 sanguine
557 2800 685 2851 ipsius,
731 2802 796 2848 sic,
832 2808 872 2840 ut
907 2804 980 2842 iam
1015 2810 1212 2857 utramque
1247 2807 1480 2846 Sam-amenti
1511 2813 1666 2858 partem,

149 2881 280 2919 nempe
323 2868 471 2918 signum
506 2878 549 2903 ac
583 2865 813 2915 mysterium,
854 2867 892 2905 in
930 2881 1043 2906 coena
1086 2884 1232 2921 quoqne
1268 2871 1442 2918 Domini,
1487 2873 1664 2923 quemad-
