1818 3178
174 83 247 120 554
833 89 893 116 ΕΡ.
923 89 1070 116 Docrn.

181 197 217 231 et
252 190 477 244 palpabilem
516 203 554 228 se
589 201 669 227 esse
696 190 866 234 testetur,
893 192 928 226 et
957 202 1002 226 ne
1029 187 1120 239 quid
1148 187 1194 226 de
1219 187 1509 227 insensibilitate
1545 187 1604 227 sui
1632 201 1712 227 cor·

182 258 283 308 poris
321 254 563 300 somniamus,
597 254 677 290 vult
704 256 747 290 ut
776 252 847 289 hoc
875 240 1089 289 discrimine
1117 252 1239 302 ipsum
1267 265 1288 290 a
1317 253 1449 303 spiritu
1477 253 1611 303 quovis
1639 253 1718 291 dis·

186 332 392 366 cernamus,
428 317 529 370 quod
566 316 721 369 spiritus
749 320 837 354 sunt
863 315 1074 353 invisibiles
1102 320 1139 352 et
1167 315 1429 367 inpalpabiles,
1454 317 1533 368 ipse
1560 329 1648 354 vero
1675 317 1716 355 in

186 397 341 436 corpore
368 396 446 430 suo,
474 382 564 419 dum
591 381 708 425 adest,
734 383 770 418 et
798 379 967 417 videatur
993 382 1030 417 et
1056 379 1255 430 palpetur?
1303 380 1498 432 Torquent
1524 379 1633 419 Pauli
1659 380 1718 418 lo-

187 462 273 487 cum
307 447 407 499 apud
441 446 636 497 Ephesios,
674 448 714 483 ut
752 457 857 482 suam
895 444 1119 481 confirmant
1157 450 1460 494 παντκχουσὶαιν
1497 449 1532 484 et
1560 444 1716 484 verbum

187 517 339 564 πληρόω
375 512 423 550 ad
457 512 617 550 localem
652 509 908 561 impletionem
935 509 1100 546 referunt
1127 507 1173 545 de
1199 521 1274 558 qua
1301 513 1427 546 tamen
1453 510 1592 550 Paulus
1621 511 1718 550 nihil

188 576 342 615 omnino
380 574 573 625 cogitavit,
608 574 674 611 Sed
715 572 944 610 absolvenda
980 571 1279 622 perficiendaque
1315 572 1440 610 omnia
1469 586 1549 612 esse
1573 574 1718 613 iudica-

192 643 246 680 vit
289 642 329 679 in
376 639 557 684 Ecclesia,
591 642 835 690 posteaquam
870 636 1069 682 Dominus,
1104 636 1231 687 quiet
1269 635 1521 684 descenderat,
1546 638 1720 690 idemque

192 719 339 757 quoque
365 706 405 742 in
434 704 577 742 coelum
604 715 734 740 rursus
762 701 1002 746 ascendisset,
1029 699 1345 751 quemadmodum
1365 703 1449 749 (59)
1471 705 1507 739 et
1536 701 1721 740 Dominus

192 771 272 821 ipse
300 769 445 807 venisse
472 781 510 806 se
538 767 602 813 ait,
631 771 669 804 ut
696 766 828 816 legem,
856 778 876 802 a
902 765 1013 802 Patre
1041 776 1107 802 suo
1135 777 1201 814 per
1227 764 1374 803 Mosem
1401 765 1525 812 latam,
1554 779 1631 804 non
1649 767 1725 804 sol·

195 838 297 873 veret
325 833 388 871 sed
417 833 599 883 impleret,
628 830 729 882 quod
759 829 929 880 equidem
957 828 1041 867 ideo
1080 841 1343 875 oommcmoro,
1369 833 1412 867 ut
1437 829 1626 879 intelligas
1655 842 1724 868 nos

194 912 271 937 non
307 911 387 936 esse
422 897 487 948 qui
514 897 573 934 vel
599 896 639 934 in
667 895 836 938 locorum
865 894 1177 945 interpretatione
1204 894 1316 932 nobis
1343 894 1502 932 nimium
1529 895 1726 946 permitta-

193 977 290 1009 mus,
316 963 374 1000 vel
401 968 551 999 nostrae
580 960 764 998 duntaxat
790 959 947 997 rationis
973 958 1156 996 iudicium
1186 972 1382 1010 sequamur
1407 959 1447 997 in
1466 959 1725 1011 impugnanda

196 1027 349 1064 coelesti
382 1025 453 1063 hac
489 1025 615 1063 nescio
653 1037 727 1075 qua
772 1022 1005 1061 insensibilis
1040 1022 1287 1073 immensique
1324 1023 1491 1074 corporis
1519 1023 1659 1062 Christi
1686 1025 1727 1063 in

198 1104 314 1129 coena
341 1090 459 1141 ipsius
488 1088 557 1127 sub
586 1101 681 1140 pane
707 1087 918 1125 inclusione
946 1087 1024 1124 sive
1049 1087 1206 1137 physica
1232 1087 1454 1137 praesentia,
1482 1087 1546 1125 sed
1572 1101 1636 1126 eos
1659 1101 1728 1140 po-

195 1157 271 1194 tius
308 1155 372 1206 qui
401 1168 485 1193 cum
512 1158 714 1204 utrumque
741 1152 780 1190 id
807 1152 918 1190 nobis
944 1164 1083 1201 magno
1112 1151 1277 1202 quodam
1305 1151 1505 1202 supercilio
1534 1151 1729 1198 obiiciant,

196 1221 270 1272 ipsi
303 1219 456 1258 interim
487 1223 613 1257 tamen
642 1219 792 1267 fingunt
820 1230 955 1268 corpus
984 1216 1125 1254 Christi
1152 1216 1383 1263 insensibile,
1404 1218 1552 1266 fingunt
1582 1204 1749 1258 nava-bs

197 1304 334 1328 τοπον,
367 1286 518 1334 fingunt
544 1285 793 1333 ἶιὲιιὶμετρου,
819 1282 933 1333 idque
960 1281 1040 1319 sine
1069 1281 1275 1332 scripturae
1311 1281 1513 1319 autoritate
1539 1281 1629 1326 ulla,
1656 1281 1730 1319 nisi

198 1349 300 1401 quod
339 1349 436 1387 hanc
463 1361 566 1386 suam
596 1347 680 1384 talis
709 1346 876 1398 corporis
903 1345 1152 1397 praesentiam
1181 1345 1379 1383 coelestem
1406 1359 1486 1383 esse
1512 1346 1646 1384 volunt
1670 1350 1729 1383 at-

198 1427 270 1465 que
299 1413 408 1451 huius
436 1412 600 1450 nominis
630 1411 847 1448 celebritate
873 1410 977 1447 illam
1008 1409 1284 1447 commendant.
1327 1410 1379 1447 At
1408 1422 1494 1447 vero
1522 1409 1561 1447 id
1590 1409 1729 1448 docen-

202 1478 292 1515 dum
320 1481 429 1523 esset,
455 1476 674 1527 priusquam
701 1478 808 1513 tanto
837 1473 978 1525 impetu
1005 1478 1199 1522 urgeatur.
1256 1474 1338 1511 Nos
1366 1473 1463 1511 nihil
1490 1473 1600 1512 nobis
1631 1474 1731 1511 credi

202 1542 448 1594 postulamus,
484 1540 559 1579 nisi
592 1539 692 1591 quod
721 1539 857 1590 apertis
885 1538 1090 1589 scripturae
1125 1537 1348 1576 testimoniis
1377 1539 1731 1585 confirmaverimus,

203 1620 298 1658 quae
333 1607 387 1644 ita
423 1604 593 1656 equidem
628 1604 675 1642 ad
713 1617 862 1642 causam
897 1608 1066 1641 nostram
1102 1602 1346 1640 accomodare
1376 1602 1579 1648 studemus,
1614 1607 1656 1641 ut
1691 1603 1731 1641 in

203 1674 309 1712 omni
338 1676 467 1711 nostra
495 1671 668 1709 doctrina
695 1675 732 1709 et
761 1670 848 1708 fidei
877 1682 1076 1720 sequamur
1103 1668 1330 1717 analogiam,
1359 1668 1461 1719 quod
1490 1681 1578 1706 sane
1604 1668 1645 1707 in
1663 1682 1733 1707 no·

205 1740 263 1778 bis
292 1739 429 1777 Paulus
456 1737 693 1789 potissimum
722 1735 891 1786 requirit,
918 1739 954 1772 et
982 1734 1106 1772 nullas
1133 1732 1289 1770 omnino
1316 1732 1355 1770 in
1376 1732 1569 1784 scripturis
1588 1746 1733 1784 pugnas

205 1805 364 1843 scientes
392 1807 428 1841 et
456 1803 623 1840 volentes
653 1813 832 1838 seramus.
868 1799 1003 1850 Neque
1031 1810 1117 1836 vero
1146 1797 1339 1835 doctrinae
1366 1801 1517 1836 nostrae
1544 1797 1588 1836 de
1617 1810 1733 1836 coena

207 1869 362 1908 Domini
399 1871 548 1905 autores
586 1865 766 1903 habemus
796 1865 853 1903 vel
881 1863 1184 1902 Carolostadium
1213 1862 1269 1900 vel
1298 1862 1532 1912 Zwiuglium,
1558 1863 1736 1914 quemad·

209 1934 364 1972 modum
392 1937 434 1971 tu
463 1930 646 1982 suspicari
674 1929 766 1967 mihi
794 1928 944 1971 videris,
971 1927 1123 1965 etiamsi
1145 1926 1186 1964 in
1213 1931 1373 1977 utroque
1401 1926 1589 1977 pietatem,
1613 1927 1655 1964 in
1682 1927 1737 1964 al·

208 2005 289 2037 tero
318 2002 443 2036 autem
470 2009 546 2034 non
575 1995 729 2044 vulgare
756 1993 939 2031 iudicium
969 2005 1051 2030 curn
1082 2006 1226 2030 summa
1254 1990 1467 2029 eruditione
1495 1990 1738 2029 coniunctum

208 2065 368 2102 libenter
396 2074 658 2112 agnoscamus.
711 2058 813 2097 Illud
842 2058 953 2096 nobis
981 2057 1130 2109 quidem
1160 2070 1355 2095 commune
1383 2069 1466 2094 cum
1494 2056 1547 2094 eis
1573 2069 1652 2094 esse
1679 2056 1739 2094 in-

210 2142 332 2179 genue
368 2129 539 2171 fatemur,
574 2124 674 2176 quod
704 2137 773 2162 nos
802 2135 916 2174 aeque
944 2127 1054 2173 atque
1081 2122 1137 2159 illi
1164 2121 1356 2173 physicam
1385 2120 1425 2158 in
1451 2133 1546 2171 pane
1574 2120 1740 2171 corporis

215 2193 355 2232 Christi
391 2191 641 2229 inclusionem
677 2202 739 2226 seu
767 2187 1016 2239 praesentiam
1045 2186 1185 2234 (omnis
1220 2185 1363 2236 alioqui
1389 2185 1592 2235 papisticae
1618 2184 1741 2221 idolo-

214 2259 344 2297 latriae
371 2257 579 2309 parentem)
606 2254 873 2306 improbamus.
920 2252 992 2289 Sed
1021 2252 1061 2289 in
1090 2251 1212 2289 verbis
1241 2263 1378 2288 coenae
1404 2248 1636 2300 explicandis
1665 2261 1739 2286 non

214 2336 367 2375 prorsus
404 2321 595 2372 sequimur
623 2319 774 2356 illorum
804 2316 1162 2368 interpretationem.
1217 2315 1306 2352 Non
1335 2313 1434 2365 quod
1465 2312 1629 2351 studium
1656 2312 1742 2349 illo-

217 2401 301 2425 rum
337 2386 377 2424 in
415 2385 485 2422 hac
519 2387 625 2435 parte
662 2383 891 2428 damnemus,
929 2381 991 2419 sed
1019 2380 1120 2431 quod
1146 2380 1233 2416 illos
1262 2392 1282 2416 a
1309 2377 1461 2430 proprio
1489 2380 1741 2414 sacramento-

218 2466 301 2490 rum
330 2464 443 2502 scopo
473 2448 649 2488 nonnihil
677 2448 801 2485 adhuc
829 2446 1034 2484 declinasse
1060 2445 1100 2482 in
1129 2458 1194 2482 sua
1230 2441 1538 2494 interpretatione
1565 2441 1746 2485 videmus,

219 2530 329 2569 quem
366 2520 431 2553 aut
465 2514 633 2552 nondum
669 2513 780 2564 plane
814 2516 896 2550 tum
924 2510 1086 2549 assecuti
1114 2511 1280 2553 fuerunt,
1307 2512 1370 2545 aut
1399 2506 1430 2544 si
1458 2509 1545 2544 sunt
1571 2504 1745 2548 assecuti,

216 2581 424 2634 exprimere
455 2580 563 2617 illum
600 2585 697 2616 certe
732 2577 881 2629 proprie
915 2589 994 2615 non
1029 2578 1246 2626 potuerunt,
1281 2571 1596 2623 quemadmodum
1622 2582 1741 2620 neque

218 2660 288 2686 nos
323 2645 361 2682 id
401 2644 511 2682 nobis
540 2643 721 2681 sumimus
748 2641 873 2688 etiam,
899 2645 941 2679 ut
969 2653 1045 2678 non
1073 2639 1192 2677 multo
1221 2638 1312 2675 olim
1339 2635 1483 2674 felicius
1511 2634 1631 2672 adhuc
1658 2637 1744 2684 post

218 2725 288 2750 nos
315 2713 576 2760 argumentum
605 2708 676 2745 hoc
701 2720 766 2758 per
794 2706 888 2744 alios
915 2704 1134 2756 explicetur.
1182 2703 1237 2740 Ut
1263 2705 1387 2740 autem
1414 2702 1578 2738 nostram
1605 2697 1678 2735 tibi
1705 2698 1744 2736 in

218 2775 342 2813 verbis
389 2785 524 2811 coenae
570 2770 788 2809 enarrandis
826 2768 1051 2807 sententiam
1086 2766 1214 2818 paucis
1249 2770 1285 2804 et
1320 2777 1432 2816 quam
1469 2761 1744 2813 simplicissime

220 2850 462 2891 exponamus,
500 2849 568 2876 nos
605 2848 724 2886 neque
751 2835 790 2872 in
818 2833 997 2885 particula
1027 2830 1319 2870 demonstrativa
1349 2831 1483 2874 ταῦτα,
1510 2840 1629 2878 neque
1655 2827 1744 2866 item
