1818 3178
750 131 807 156 ΕΡ.
841 131 932 157 ηοω
947 131 982 156 u.
1561 125 1632 164 487

107 230 298 269 Persuasit
332 229 467 269 misero
505 230 627 269 Deum
662 231 715 270 ita
752 230 894 270 bonum
921 239 1014 278 esse,
1049 236 1101 278 ut,
1126 232 1274 272 etiamsi
1302 245 1377 272 non
1406 246 1549 285 semper
1576 234 1631 272 illi

105 294 354 333 obediendum
392 307 472 332 esse
506 299 728 341 statuamus,
764 309 840 334 non
869 296 918 335 sit
944 296 1007 335 ille
1034 300 1158 335 tamen
1186 310 1325 348 poenas
1352 297 1632 336 inobedientiae

105 364 255 398 nostrae
290 359 402 398 semel
439 361 678 407 constitutas,
712 361 819 399 iuxta
847 375 953 400 suam
989 362 1185 407 iustitiam,
1212 363 1460 413 irrogaturus»,
1488 362 1552 401 sed
1578 364 1632 402 ita

105 424 310 474 benignum
346 436 426 461 esse
460 428 496 462 et
531 425 693 470 facilem,
728 430 770 464 ut
806 426 837 463 si
874 427 929 464 illi
957 426 1191 478 splendidum
1222 427 1377 478 aliquod
1406 428 1630 467 sacrificium

102 488 358 533 instituamus,
384 488 559 539 protinus
587 489 636 527 sit
662 489 726 527 ille
752 490 922 541 placatus
952 490 1180 535 muneribus,
1208 491 1252 529 de
1279 505 1345 530 sua
1373 492 1517 530 iustitia
1535 505 1630 530 non-

101 552 198 590 nihil
232 552 466 592 remissurus,
520 554 572 592 At
607 567 693 592 vero
731 554 911 601 videmus,
938 569 1103 606 quonam
1131 555 1330 594 detruserit
1360 556 1508 594 Saulem
1538 555 1628 593 haec

101 617 217 669 ipsius
255 618 451 666 cogitatio.
505 618 688 657 Videmus
721 619 809 658 item
847 625 1029 671 quantum
1058 621 1145 658 mali
1174 621 1286 659 nobis
1313 621 1497 672 pepererit
1524 621 1630 659 Adae

102 682 266 732 parentis
303 683 425 720 nostri
462 682 663 722 dubitatio.
719 684 848 722 Quare
885 684 1055 722 doctrina
1086 684 1176 722 haec
1215 686 1254 723 in
1283 685 1451 723 Ecclesia
1477 685 1629 723 retineri

101 747 224 793 debet,
251 747 371 785 Deum
398 761 478 785 esse
506 747 625 785 Deum
655 753 826 787 nostrum
854 749 918 800 qui
946 763 965 787 a
995 749 1106 787 nobis
1136 749 1261 799 exigat
1287 749 1461 788 timorem
1486 755 1523 788 et
1541 751 1631 788 obc-

103 812 298 857 dientiam,
334 817 370 850 et
406 825 486 851 esse
516 826 683 851 veracem
712 826 754 851 ac
783 813 938 858 iustum,
966 818 1005 852 ut
1034 827 1110 851 non
1139 819 1257 851 mutet
1284 814 1386 865 quod
1414 815 1525 852 semel
1555 819 1632 853 sta-

100 876 171 914 tuit
196 880 233 914 et
261 876 437 914 omnibus
465 876 565 927 quod
594 877 751 928 quisque
778 878 1007 928 promeritus
1035 882 1092 915 est
1120 877 1251 916 reddat
1308 878 1487 917 Veracem
1515 883 1630 917 testa-

98 945 159 978 tur
187 953 266 978 esse
294 940 469 978 Christus
497 941 588 992 ipse.
644 941 725 980 Qui
752 955 823 986 me,
850 942 989 993 inquit,
1018 942 1122 980 misit
1150 955 1262 981 verax
1291 948 1360 981 est.
1415 943 1464 980 Et
1493 944 1630 981 Paulus

97 1016 183 1043 eum
219 1004 313 1042 alias
350 1004 510 1050 fidelem,
538 1005 631 1044 alias
660 1019 829 1044 veracem
856 1007 1035 1057 appellat.
1090 1006 1146 1045 De
1182 1007 1327 1044 iustitia
1356 1021 1442 1045 vero
1470 1008 1550 1045 eius
1578 1007 1632 1045 sic

98 1069 199 1107 canit
227 1069 389 1108 Psaltes:
442 1070 574 1108 Iustus
603 1070 790 1108 Dominus
818 1071 857 1108 in
886 1071 1064 1109 omnibus
1093 1072 1163 1109 viis
1192 1072 1282 1118 suis,
1308 1093 1358 1101 -—
1385 1086 1429 1110 ac
1457 1086 1627 1110 rursum:

97 1135 249 1173 Iustitia
277 1139 364 1173 ante
390 1148 476 1173 eum
503 1136 727 1174 ambulabit.
763 1138 938 1174 Ceterum
966 1137 1037 1175 hoc
1066 1141 1122 1175 est
1149 1137 1426 1175 observandum
1455 1139 1494 1176 in
1522 1138 1630 1176 iusti·

95 1201 170 1240 tiae
205 1200 355 1238 divinae
393 1200 708 1247 consideratione,
747 1201 842 1239 duos
868 1201 971 1239 illius
1007 1202 1100 1239 fines
1128 1215 1220 1247 esse,
1247 1202 1406 1240 alterum
1434 1206 1476 1240 ut
1500 1215 1630 1240 omnes

98 1265 240 1303 servari
267 1265 369 1310 velit,
398 1265 560 1302 alterum
589 1269 629 1303 ut
655 1265 835 1303 omnibus
864 1265 964 1316 quod
993 1266 1154 1317 quisque
1183 1270 1359 1312 meretur,
1388 1267 1533 1305 reddat.
1562 1267 1632 1304 Est

95 1327 195 1365 enim
221 1327 294 1365 Dei
320 1327 465 1365 iustitia
493 1327 587 1365 nihil
617 1328 734 1372 aliud,
761 1342 872 1379 quam
902 1328 1053 1366 divinae
1081 1329 1290 1367 voluntatis
1319 1343 1406 1368 suae
1425 1329 1630 1373 decretum,

93 1391 160 1443 qui
198 1391 293 1429 velle
330 1404 406 1429 non
443 1396 568 1442 potest
604 1392 678 1430 nisi
712 1392 816 1444 quod
855 1392 996 1431 iustum
1033 1397 1152 1431 estet
1179 1393 1323 1431 iustum
1353 1394 1516 1432 vicissim
1547 1394 1628 1433 esse

95 1469 172 1494 non
206 1459 343 1507 potest,
379 1456 453 1494 nisi
489 1456 590 1507 quod
628 1457 709 1508 ipse
747 1457 849 1496 velit.
903 1458 986 1495 Iam
1024 1458 1089 1509 qui
1127 1458 1319 1496 hominem
1356 1459 1404 1496 ad
1432 1459 1540 1509 regni
1567 1459 1627 1497 sui

95 1520 365 1559 haereditatem
403 1521 554 1566 creavit,
589 1522 671 1559 fieri
708 1535 784 1560 non
820 1526 946 1573 potest
981 1527 1023 1560 ut
1051 1523 1158 1560 illum
1188 1523 1331 1561 servari
1359 1523 1471 1567 nolit,
1497 1529 1533 1562 et
1561 1524 1625 1575 qui

91 1585 224 1637 pietati
258 1586 436 1637 praemia,
473 1586 661 1638 impietati
699 1600 786 1624 vero
826 1600 969 1639 poenas
1006 1588 1219 1631 constituit,
1255 1588 1354 1626 idem
1393 1603 1482 1627 sane
1509 1590 1621 1627 etiam

94 1650 310 1701 unicuique,
344 1651 446 1701 quod
475 1664 584 1688 suum
612 1656 683 1696 est,
709 1652 853 1690 reddat.
907 1651 964 1690 Ut
991 1652 1090 1689 enim
1120 1658 1175 1690 est
1202 1658 1377 1691 aeternus
1404 1654 1483 1705 ipse
1511 1654 1627 1699 Deus,

91 1728 212 1766 neque
246 1715 386 1753 mutari
423 1729 591 1767 unquam
627 1721 764 1767 potest,
801 1717 854 1755 ita
891 1718 1067 1756 voluntas
1096 1731 1248 1770 quoque
1275 1731 1320 1756 ac
1346 1719 1494 1757 iustitia
1520 1719 1625 1758 illius

91 1780 338 1819 immutabilis
375 1785 432 1819 est
467 1785 503 1820 et
537 1785 728 1827 aeternus,
765 1786 807 1820 ut
843 1782 943 1834 quod
972 1784 1032 1832 (4)
1068 1782 1108 1821 in
1144 1797 1182 1821 se
1217 1788 1274 1821 est
1301 1793 1338 1822 et
1366 1785 1508 1822 servari
1537 1785 1626 1823 velit

90 1857 220 1882 omncs
255 1847 293 1882 et
328 1844 506 1882 omnibus
540 1844 692 1884 interim
727 1845 827 1897 quod
862 1847 1021 1898 quisque
1063 1852 1226 1885 meretur
1272 1847 1419 1887 reddat.
1474 1848 1537 1888 Ab
1566 1849 1623 1889 his

90 1922 203 1960 porro
239 1908 389 1948 duobus
424 1909 591 1948 iustitiae
628 1910 779 1949 divinae
805 1911 947 1950 finibus
976 1912 1164 1963 duplicem
1194 1913 1307 1951 nobis
1335 1913 1521 1952 iustitiam
1552 1913 1622 1951 Dei

91 1978 232 2013 veteres
268 1975 547 2014 constituerunt
583 1974 902 2026 ἐπανορθωτικῆν
940 1983 1005 2018 καὶ
1037 1981 1368 2024 &wanoh-taxis,
1397 1978 1433 2017 h.
1464 1991 1510 2023 e..
1538 1992 1622 2017 cor-

90 2039 268 2078 rectivam
313 2043 349 2078 et
385 2040 662 2086 retributivam,
704 2054 748 2079 ac
785 2042 1031 2080 correctivam
1067 2043 1114 2080 ad
1151 2055 1236 2081 eum
1272 2043 1387 2080 finem
1422 2043 1624 2095 pertinere,

89 2116 164 2154 quo
201 2116 331 2142 omnes
368 2104 508 2142 servari
535 2104 650 2156 cupit,
677 2105 854 2144 nimirum
881 2110 923 2144 ut
953 2119 1083 2145 omnes
1111 2107 1177 2158 qui
1206 2107 1331 2145 sanari
1359 2108 1470 2145 modo
1499 2108 1623 2146 adhuc

89 2173 238 2219 queant,
276 2169 413 2220 partim
448 2169 562 2208 minis
599 2170 740 2221 adigat,
772 2171 908 2222 partim
938 2184 1025 2209 vero
1053 2172 1373 2223 promissionibus
1402 2174 1544 2212 alliciat
1572 2174 1619 2212 ad

91 2234 188 2272 vitae
222 2234 536 2274 emendationem.
591 2235 872 2274 Retributivam
910 2249 996 2274 vero
1034 2240 1076 2275 ut
1103 2237 1251 2288 piorum
1281 2238 1538 2277 obedientiam
1565 2253 1622 2277 re-

91 2302 258 2337 muneret
293 2304 330 2336 et
365 2303 621 2350 contemptum
657 2299 860 2351 impiorum
897 2301 1044 2352 puniat.
1097 2301 1215 2350 (Vide
1245 2302 1290 2340 de
1319 2303 1392 2340 hoc
1421 2303 1552 2342 Hiero.
1584 2305 1621 2342 1.

89 2376 169 2414 cap.
207 2365 229 2401 3
265 2363 360 2401 Ione
395 2364 436 2402 in
472 2365 580 2411 fine).
632 2364 735 2402 Addi
771 2370 893 2404 autem
931 2366 1136 2404 corrective
1174 2367 1461 2417 promissiones,
1487 2374 1528 2406 ut
1555 2368 1619 2419 qui

89 2425 214 2464 sanari
239 2427 364 2465 adhuc
391 2432 562 2478 possunt,
588 2428 641 2466 eis
668 2428 787 2467 illecti
815 2430 1052 2480 resipiscant.
1108 2430 1211 2469 Addi
1238 2431 1328 2469 item
1355 2436 1392 2469 et
1418 2432 1553 2475 minas,
1581 2437 1621 2471 ut

91 2490 148 2528 his
175 2490 296 2529 territi
328 2491 376 2529 ad
414 2504 478 2529 cor
514 2492 679 2539 redeant,
717 2506 794 2532 non
821 2494 924 2545 quod
953 2495 1010 2532 vel
1037 2495 1307 2546 promissiones
1334 2496 1381 2534 ad
1409 2510 1473 2535 eos
1500 2497 1617 2548 perti-

89 2560 213 2602 neant,
248 2557 314 2608 qui
350 2570 426 2595 non
463 2558 701 2609 resipiscunt,
737 2559 794 2597 vel
826 2559 951 2598 minae
987 2560 1033 2598 ad
1068 2560 1156 2600 illos
1194 2561 1259 2613 qui
1287 2561 1525 2613 resipiscunt,
1553 2563 1618 2600 sed

87 2621 189 2672 quod
225 2621 301 2659 illis
338 2623 543 2673 propositis
574 2622 673 2661 Deus
702 2636 770 2662 nos
798 2623 845 2662 ad
873 2625 1170 2676 resipiscentiam
1199 2627 1404 2665 sollicitare
1432 2628 1616 2679 quodam-

87 2686 199 2724 modo
237 2687 337 2734 velit,
374 2692 416 2725 ut
453 2688 510 2726 vel
540 2688 725 2726 bonorum
754 2702 818 2740 spc
846 2690 962 2728 illecti
992 2692 1049 2730 vel
1078 2696 1177 2730 metu
1205 2693 1390 2730 malorum
1419 2693 1541 2731 territi
1568 2693 1614 2730 ad

78 2749 185 2797 riam
213 2751 344 2789 salutis
374 2752 580 2797 redeamus,
608 2753 748 2804 fiatque
775 2754 865 2791 satis
892 2754 996 2792 illius
1024 2755 1200 2801 iustitiae,
1233 2770 1307 2808 qua
1335 2770 1465 2795 omnes
1494 2757 1616 2794 homi-

89 2828 152 2852 nes
181 2815 319 2853 servari
349 2817 465 2867 cupit.
495 2817 558 2854 Sic
585 2831 605 2856 e
633 2817 762 2866 Moysi
791 2819 930 2870 populo
960 2820 1021 2859 vix
1051 2833 1147 2860 unus
1175 2826 1288 2873 atque
1315 2823 1409 2860 alter
1436 2826 1576 2861 terram
1596 2836 1617 2860 a

86 2877 163 2916 Deo
207 2880 429 2932 promissam
468 2881 660 2931 ingressus
698 2888 767 2928 est,
801 2884 947 2924 etiamsi
984 2886 1055 2924 toti
1093 2887 1231 2941 populo
1269 2887 1468 2950 promissio
1515 2887 1612 2941 facta
