1818 3178
1533 129 1604 167 387

80 244 203 279 tutum
239 252 331 285 esse,
367 251 410 276 ac
437 237 596 289 proinde
624 238 733 275 facile
759 238 944 287 intelligo,
970 241 1140 288 oportere
1167 237 1290 275 adhuc
1316 250 1395 275 esse
1422 237 1609 288 quandam

76 305 216 343 rituum
263 303 489 356 varietatem,
536 302 773 353 potissimum
818 307 942 340 autem
986 302 1024 340 in
1070 302 1217 340 Coenae
1254 302 1474 341 ceremonia.
1537 302 1610 340 Sed

77 382 154 407 non
195 373 272 407 tam
314 371 371 406 est
416 367 529 405 noxia
575 368 715 405 rituum
753 367 822 404 hac
858 367 895 404 in
932 370 1038 417 parte
1075 367 1232 405 varietas
1268 388 1318 396 —
1353 366 1478 412 modo,
1512 381 1608 418 quae

80 438 166 472 sunt
200 433 410 484 praecipua,
447 444 524 469 non
562 431 704 469 varient
731 438 795 468 aut
820 432 1066 481 profanentur
1093 452 1142 459 —
1169 444 1283 481 quam
1310 435 1366 469 est
1393 432 1506 469 noxia
1533 432 1608 469 fre-

77 511 193 549 quens
230 496 419 535 varietatis
454 497 626 534 mutatio.
680 495 786 533 Haec
821 496 922 533 enim
949 495 1048 546 apud
1075 495 1245 533 rudiores
1272 500 1390 534 totam
1418 497 1494 534 fere
1520 497 1607 534 reli·

77 561 239 611 gionem,
274 561 435 611 primum
471 561 510 598 in
548 560 832 605 dubitationem,
871 559 1004 597 deinde
1030 572 1117 597 vero
1146 560 1258 597 etiam
1284 560 1324 598 in
1353 565 1605 612 contemptum

75 636 208 662 vocare
235 624 342 662 solet.
373 623 482 661 Quae
508 623 608 661 enim
636 623 765 660 crebro
794 626 1000 667 mutantur,
1027 635 1070 660 ea
1099 635 1188 659 sane
1216 623 1374 674 populus
1401 637 1469 675 pro
1489 624 1606 663 firmis

75 701 118 725 ac
155 687 284 726 solidis
321 687 458 725 habere
484 700 562 724 nou
588 690 724 737 potest,
760 690 869 736 atque
897 685 950 723 ita
977 685 1127 723 demum
1154 686 1263 724 facile
1289 687 1354 724 illa
1380 687 1421 725 in
1450 687 1606 726 dubium

75 756 184 791 vocat
210 765 372 802 moxque
398 752 510 792 etiam
540 750 758 795 contemnit,
784 750 823 787 id
851 749 951 800 quod
978 749 1122 800 alioqui
1148 750 1276 788 multis
1301 751 1396 789 locis
1428 751 1608 789 accidisse

76 817 255 855 videmus.
310 817 450 861 Quare,
478 817 510 854 si
537 829 631 866 quae
658 815 706 853 sit
732 814 944 852 inducenda
972 814 1114 852 rituum
1140 815 1310 861 mutatio,
1337 816 1521 854 eiusmodi
1549 817 1608 854 in-

76 881 162 918 duci
202 885 381 932 optarem.
418 893 512 931 quae
549 880 641 917 alias
676 892 825 916 rursum
861 878 1087 916 mutationes
1124 891 1202 916 non
1238 880 1397 930 amplius
1434 879 1610 930 requirat,

79 944 149 981 hoc
184 948 252 988 est,
291 947 332 981 ut
364 942 552 994 Papistica
586 941 736 992 quidem
772 940 1003 978 abominatio
1041 940 1222 978 radicitus
1259 941 1414 979 omnino
1442 942 1613 988 tollatur,

76 1008 261 1046 declarata
286 1006 475 1057 impietate
500 1005 612 1049 illius,
630 1025 680 1034 —
700 1005 740 1041 in
766 1004 1008 1042 instituendis
1034 1016 1122 1042 vero
1150 1004 1233 1042 aliis
1251 1005 1335 1042 loco
1354 1005 1454 1043 illius
1477 1006 1612 1044 ritibus

78 1073 122 1110 ad
160 1072 521 1123 prirn-(lO7)aevam
548 1070 924 1122 illam-Apostolicae
950 1061 1142 1106 Ecclesiae
1168 1069 1371 1120 puritatem
1398 1083 1441 1106 ac
1469 1070 1612 1121 simpli-

77 1137 224 1174 citatem
259 1149 372 1187 quam
407 1135 575 1185 proxime
604 1133 863 1189 contendatur,
890 1146 984 1184 quae
1011 1123 1126 1171 nullis
1155 1133 1328 1184 deinceps
1356 1134 1497 1185 alioqui
1526 1147 1608 1171 cor-

74 1200 303 1238 rectionibus
339 1203 435 1248 eget.
490 1199 717 1248 Quanquam
752 1202 874 1235 autem
911 1197 1031 1246 magis
1059 1201 1114 1235 est
1144 1198 1257 1235 noxia
1286 1199 1459 1249 frequens
1489 1199 1607 1236 varie-

77 1265 167 1303 tatis
203 1264 374 1308 mutatio,
409 1277 522 1314 quam
549 1263 629 1313 ipsa
656 1263 795 1300 rituum
826 1262 997 1307 varietas,
1033 1266 1160 1300 tamen
1189 1263 1227 1302 in
1258 1263 1435 1301 varietate
1462 1277 1610 1314 quoque

75 1335 130 1367 cst
156 1329 367 1367 adhibenda
394 1327 615 1374 moderatio,
642 1340 688 1365 ne
715 1326 873 1364 nimium
899 1340 1075 1375 magnam
1103 1327 1242 1364 rituum
1263 1327 1607 1365 dissimilitudinem

75 1392 240 1431 inducat.
294 1392 400 1430 Haeo
434 1391 534 1429 enim
568 1391 608 1429 in
644 1391 751 1442 plebe
787 1391 824 1429 et
859 1391 1087 1441 praeiudicia
1122 1391 1232 1429 facile
1268 1391 1404 1441 gignit,
1432 1392 1517 1429 dum
1547 1393 1610 1430 alii

76 1458 169 1496 alios
205 1471 292 1509 prae
328 1471 366 1495 se
401 1457 541 1495 rituum
579 1469 730 1494 suorum
767 1456 921 1493 nomine
956 1460 1213 1503 contemnunt,
1250 1456 1287 1494 et
1314 1457 1460 1495 animos
1488 1457 1611 1495 homi-

77 1536 166 1560 num
194 1523 242 1559 ab
268 1522 428 1560 invicem
455 1522 531 1559 fere
560 1520 748 1559 dissociat.
795 1520 1011 1558 Videndum
1038 1520 1166 1571 igitur,
1193 1525 1375 1572 quatenus
1403 1522 1450 1560 sit
1478 1522 1610 1561 alenda

78 1588 217 1626 rituum
259 1587 430 1633 varietas,
475 1600 522 1624 ne
566 1590 602 1623 et
638 1586 700 1623 hic
736 1585 847 1623 nobis
884 1586 1010 1623 omnia
1045 1586 1157 1624 licere
1193 1591 1377 1637 putemus,
1439 1587 1610 1626 Varietas

77 1665 188 1703 porro
223 1651 405 1702 quaedam
437 1651 577 1688 rituum
613 1650 792 1688 hactenus
831 1651 1011 1688 duntaxat
1046 1651 1150 1688 utilis
1187 1656 1242 1689 est
1277 1652 1316 1689 in
1353 1652 1531 1698 ecclesiis,
1569 1658 1609 1690 nt

79 1715 287 1753 libertatem
328 1715 478 1752 illarum
519 1714 698 1752 adversus
749 1714 1004 1752 Pharisaicam
1053 1715 1347 1753 ceremoniarum
1393 1717 1609 1755 servitutem

79 1784 238 1825 tucatur,
280 1783 315 1817 et
351 1779 494 1824 doceat,
540 1791 609 1816 nos
643 1782 796 1817 externa
832 1778 943 1817 huius
979 1783 1045 1817 aut
1078 1779 1180 1817 illius
1216 1780 1310 1818 ritus
1347 1780 1609 1820 observatione

79 1857 156 1882 non
192 1843 272 1881 fieri
308 1843 365 1881 vel
401 1843 590 1892 digniores
626 1843 685 1880 vel
721 1842 954 1892 indigniores
990 1843 1089 1894 apud
1129 1843 1265 1890 Deum,
1292 1845 1607 1895 quemadmodum

80 1907 316 1957 Augustinus
351 1907 529 1957 loquitur.
583 1907 665 1944 Iam
701 1919 787 1944 vero
826 1907 980 1945 libertas
1017 1907 1206 1946 Ecclesiae
1243 1921 1319 1946 non
1360 1909 1532 1959 equidem
1568 1910 1609 1948 in

79 1985 121 2009 eo
159 1971 343 2017 consistit,
377 1975 420 2008 ut
455 1971 612 2021 quisque
646 1984 714 2022 pro
749 1983 815 2008 suo
857 1971 1014 2009 arbitrio
1041 1971 1216 2010 instituat
1243 1986 1337 2023 quae
1363 1973 1451 2010 velit
1479 1978 1515 2011 et
1542 1987 1608 2024 pro

80 2049 122 2075 eo
159 2049 203 2074 ac
240 2036 326 2075 velit
362 2036 401 2073 in
430 2049 495 2073 sua
523 2035 704 2080 Ecclesia,
731 2048 808 2073 non
837 2035 966 2074 habita
994 2036 1070 2073 ulla
1098 2036 1253 2074 aliarum
1282 2039 1392 2086 (108)
1422 2038 1609 2077 Ecclesia-

80 2115 163 2140 rmn
199 2101 355 2147 ratione,
391 2100 455 2138 sed
491 2104 533 2138 ut
570 2113 678 2138 nemo
709 2100 866 2138 decretis
894 2100 1068 2138 humanis
1097 2101 1228 2139 salutis
1258 2115 1344 2140 suae
1370 2103 1534 2153 periculo
1562 2105 1609 2142 ad

82 2172 201 2205 certos
245 2166 339 2205 ritus
371 2165 457 2203 illos
493 2164 760 2214 adstringatur,
798 2164 946 2203 etiamsi
982 2165 1247 2216 speciosissimi
1284 2180 1363 2205 esse
1400 2167 1609 2209 videantur.

82 2231 199 2269 Aliud
235 2234 290 2268 est
326 2234 463 2275 autem,
498 2242 576 2267 non
612 2229 800 2278 adstringi
835 2229 882 2267 ad
920 2229 1074 2281 aliquid,
1110 2230 1213 2268 aliud
1241 2244 1340 2274 vero,
1365 2231 1476 2270 licere
1504 2233 1602 2283 quic-

81 2294 171 2345 quid
207 2294 311 2332 libet.
365 2292 448 2330 Etsi
485 2293 584 2330 enim
621 2292 735 2330 nullis
771 2292 945 2330 humanis
980 2293 1126 2342 legibus
1163 2293 1210 2330 ad
1238 2294 1333 2331 ullas
1363 2298 1480 2332 certas
1510 2309 1609 2334 cere—

80 2358 225 2396 monias
261 2356 447 2405 adstringi
473 2355 674 2407 possimus,
711 2356 912 2407 spectanda
939 2360 994 2394 est
1020 2357 1171 2395 interim
1199 2357 1453 2396 Ecclesiarum
1479 2360 1608 2398 aedifi-

84 2423 192 2467 catio,
226 2422 272 2460 ad
308 2435 419 2472 quam
456 2425 491 2459 et
527 2420 596 2458 Dei
632 2420 749 2471 ipsius
789 2425 824 2458 et
855 2420 1046 2459 charitatis
1073 2425 1225 2460 mutuae
1252 2423 1333 2472 lege
1359 2424 1529 2462 adstricti
1554 2425 1608 2463 ita

83 2500 222 2530 sumus,
258 2490 298 2523 ut
334 2485 429 2523 nihil
464 2485 575 2522 nobis
610 2484 722 2522 licere
757 2488 941 2535 putemus,
977 2485 1076 2535 quod
1111 2485 1213 2524 illam
1253 2490 1318 2524 aut
1343 2487 1521 2538 impedire
1548 2496 1611 2527 aut

82 2551 261 2589 remorari
289 2550 364 2588 ullo
392 2548 505 2586 modo
532 2549 664 2600 possit.
717 2549 915 2587 Quatenus
943 2549 1059 2598 igitur
1085 2550 1224 2588 rituum
1253 2564 1389 2600 magna
1418 2553 1609 2591 dissimili-

80 2615 210 2653 tudine
246 2614 283 2652 (Ξῖ
317 2613 543 2665 praeiudicia
569 2613 779 2662 gignuntur
804 2612 845 2651 in
871 2613 978 2663 plebe
1006 2613 1042 2651 et
1070 2613 1265 2652 hominum
1293 2616 1408 2653 animi
1436 2617 1483 2654 ab
1511 2617 1609 2654 invi-

83 2692 160 2717 cem
188 2680 264 2718 sere
292 2679 556 2724 dissociantur,
581 2678 630 2715 ad
657 2678 748 2715 haec
775 2682 809 2715 et
838 2677 1060 2716 offendicula
1086 2678 1198 2716 etiam
1227 2680 1391 2725 aluntur,
1414 2702 1464 2709 —
1484 2681 1609 2720 hacte-

82 2756 152 2781 nus
180 2757 268 2781 sane
293 2756 336 2781 ea
362 2743 503 2780 rituum
528 2741 687 2780 varietas
714 2741 836 2779 modis
863 2741 1039 2780 omnibus
1065 2742 1218 2780 vitanda
1240 2747 1308 2789 est,
1323 2757 1417 2795 quae
1434 2757 1608 2793 magnam

84 2806 423 2845 dissimilitudinem
449 2806 490 2844 in
518 2819 555 2843 se
582 2806 719 2844 habere
744 2805 904 2846 videtur.
932 2806 1094 2844 Proinde
1121 2806 1183 2845 hic
1208 2820 1290 2845 eam
1318 2808 1609 2848 moderationem

84 2870 354 2976 obserKandam
391 2884 470 2909 6536
505 2870 771 2918 existimarem,
805 2874 846 2908 ut
881 2882 990 2908 nemo
1028 2871 1128 2908 solus
1156 2871 1352 2923 quicquam
1380 2872 1419 2909 in
1447 2872 1523 2910 suis
1551 2873 1609 2911 in-
