<?xml version="1.0" encoding="UTF-8"?>
<!DOCTYPE html PUBLIC "-//W3C//DTD XHTML 1.0 Transitional//EN"
    "http://www.w3.org/TR/xhtml1/DTD/xhtml1-transitional.dtd">
<html xmlns="http://www.w3.org/1999/xhtml" xml:lang="en" lang="en">
 <head>
  <title>
</title>
<meta http-equiv="Content-Type" content="text/html;charset=utf-8" />
  <meta name='ocr-system' content='tesseract 3.04.00' />
  <meta name='ocr-capabilities' content='ocr_page ocr_carea ocr_par ocr_line ocrx_word'/>
</head>
<body>
  <div class='ocr_page' id='page_1' title='image "./operatameditaqua01lask_0599.png"; bbox 0 0 1818 3178; ppageno 0'>
   <div class='ocr_carea' id='block_1_1' title="bbox 568 114 1613 153">
    <p class='ocr_par' dir='ltr' id='par_1_1' title="bbox 568 114 1613 153">
     <span class='ocr_line' id='line_1_1' title="bbox 568 114 1613 153; baseline 0.001 -4"><span class='ocrx_word' id='word_1_1' title='bbox 568 122 710 150; x_wconf 76' lang='grc' dir='ltr'>511ΜΜΑ</span> <span class='ocrx_word' id='word_1_2' title='bbox 739 122 882 151; x_wconf 53' lang='grc'>6011111.</span> <span class='ocrx_word' id='word_1_3' title='bbox 912 123 964 149; x_wconf 77' lang='lat' dir='ltr'>DE</span> <span class='ocrx_word' id='word_1_4' title='bbox 994 123 1137 150; x_wconf 78' lang='lat' dir='ltr'>COENA.</span> <span class='ocrx_word' id='word_1_5' title='bbox 1540 114 1613 153; x_wconf 76' lang='lat'>471</span> 
     </span>
    </p>
   </div>
   <div class='ocr_carea' id='block_1_2' title="bbox 80 225 1630 2864">
    <p class='ocr_par' dir='ltr' id='par_1_2' title="bbox 80 225 1627 1569">
     <span class='ocr_line' id='line_1_2' title="bbox 82 225 1612 277; baseline -0.001 -14"><span class='ocrx_word' id='word_1_6' title='bbox 82 226 237 264; x_wconf 86' lang='lat' dir='ltr'>dissidia</span> <span class='ocrx_word' id='word_1_7' title='bbox 272 226 381 277; x_wconf 83' lang='lat' dir='ltr'>parit,</span> <span class='ocrx_word' id='word_1_8' title='bbox 418 228 453 262; x_wconf 87' lang='lat' dir='ltr'>et</span> <span class='ocrx_word' id='word_1_9' title='bbox 490 238 612 266; x_wconf 78' lang='lat' dir='ltr'>voces,</span> <span class='ocrx_word' id='word_1_10' title='bbox 647 239 742 276; x_wconf 89' lang='lat' dir='ltr'>quae</span> <span class='ocrx_word' id='word_1_11' title='bbox 777 226 817 263; x_wconf 90' lang='lat' dir='ltr'>in</span> <span class='ocrx_word' id='word_1_12' title='bbox 854 226 924 263; x_wconf 90' lang='lat' dir='ltr'>hae</span> <span class='ocrx_word' id='word_1_13' title='bbox 960 225 1186 263; x_wconf 78' lang='lat' dir='ltr'>adhibentur</span> <span class='ocrx_word' id='word_1_14' title='bbox 1223 225 1486 270; x_wconf 87' lang='lat' dir='ltr'>controversia,</span> <span class='ocrx_word' id='word_1_15' title='bbox 1522 237 1612 262; x_wconf 88' lang='lat' dir='ltr'>nus-</span> 
     </span>
     <span class='ocr_line' id='line_1_3' title="bbox 81 289 1615 342; baseline -0.001 -14"><span class='ocrx_word' id='word_1_16' title='bbox 81 304 193 342; x_wconf 82' lang='lat' dir='ltr'>quam</span> <span class='ocrx_word' id='word_1_17' title='bbox 228 291 267 327; x_wconf 93' lang='lat' dir='ltr'>in</span> <span class='ocrx_word' id='word_1_18' title='bbox 296 290 490 340; x_wconf 86' lang='lat' dir='ltr'>scripturis</span> <span class='ocrx_word' id='word_1_19' title='bbox 517 290 708 339; x_wconf 74' lang='lat' dir='ltr'>leguntur.</span> <span class='ocrx_word' id='word_1_20' title='bbox 763 290 870 327; x_wconf 87' lang='lat' dir='ltr'>Intra</span> <span class='ocrx_word' id='word_1_21' title='bbox 898 290 966 328; x_wconf 90' lang='lat' dir='ltr'>hos</span> <span class='ocrx_word' id='word_1_22' title='bbox 994 291 1087 328; x_wconf 89' lang='lat' dir='ltr'>fines</span> <span class='ocrx_word' id='word_1_23' title='bbox 1114 292 1282 327; x_wconf 88' lang='lat' dir='ltr'>nostram</span> <span class='ocrx_word' id='word_1_24' title='bbox 1308 303 1378 327; x_wconf 91' lang='lat' dir='ltr'>nos</span> <span class='ocrx_word' id='word_1_25' title='bbox 1406 289 1615 326; x_wconf 77' lang='lat' dir='ltr'>doctrinam</span> 
     </span>
     <span class='ocr_line' id='line_1_4' title="bbox 80 353 1613 406; baseline -0.001 -15"><span class='ocrx_word' id='word_1_26' title='bbox 80 356 181 406; x_wconf 88' lang='lat' dir='ltr'>apud</span> <span class='ocrx_word' id='word_1_27' title='bbox 215 355 392 405; x_wconf 91' lang='lat' dir='ltr'>populum</span> <span class='ocrx_word' id='word_1_28' title='bbox 420 354 465 391; x_wconf 88' lang='grc'>(16</span> <span class='ocrx_word' id='word_1_29' title='bbox 492 354 616 392; x_wconf 85' lang='lat' dir='ltr'>Coena</span> <span class='ocrx_word' id='word_1_30' title='bbox 645 354 798 392; x_wconf 86' lang='lat' dir='ltr'>Domini</span> <span class='ocrx_word' id='word_1_31' title='bbox 828 356 1073 399; x_wconf 80' lang='lat' dir='ltr'>continemus,</span> <span class='ocrx_word' id='word_1_32' title='bbox 1101 358 1139 392; x_wconf 82' lang='lat' dir='ltr'>ut</span> <span class='ocrx_word' id='word_1_33' title='bbox 1167 354 1251 405; x_wconf 87' lang='lat' dir='ltr'>paci</span> <span class='ocrx_word' id='word_1_34' title='bbox 1278 368 1322 392; x_wconf 85' lang='lat' dir='ltr'>ac</span> <span class='ocrx_word' id='word_1_35' title='bbox 1348 353 1613 405; x_wconf 73' lang='lat' dir='ltr'>tranquillitati</span> 
     </span>
     <span class='ocr_line' id='line_1_5' title="bbox 80 418 1615 463; baseline -0.001 -6"><span class='ocrx_word' id='word_1_36' title='bbox 80 419 332 457; x_wconf 88' lang='lat' dir='ltr'>Ecclesiarum</span> <span class='ocrx_word' id='word_1_37' title='bbox 366 421 576 456; x_wconf 85' lang='lat' dir='ltr'>nostrarum</span> <span class='ocrx_word' id='word_1_38' title='bbox 617 420 867 461; x_wconf 74' lang='lat' dir='ltr'>consulamus,</span> <span class='ocrx_word' id='word_1_39' title='bbox 903 433 972 457; x_wconf 89' lang='lat' dir='ltr'>nec</span> <span class='ocrx_word' id='word_1_40' title='bbox 1009 419 1237 463; x_wconf 74' lang='lat' dir='ltr'>dubitamus,</span> <span class='ocrx_word' id='word_1_41' title='bbox 1265 431 1333 456; x_wconf 89' lang='lat' dir='ltr'>nos</span> <span class='ocrx_word' id='word_1_42' title='bbox 1369 419 1439 455; x_wconf 89' lang='lat' dir='ltr'>hae</span> <span class='ocrx_word' id='word_1_43' title='bbox 1475 418 1615 456; x_wconf 87' lang='lat' dir='ltr'>doctri-</span> 
     </span>
     <span class='ocr_line' id='line_1_6' title="bbox 82 483 1615 534; baseline -0.001 -13"><span class='ocrx_word' id='word_1_44' title='bbox 82 497 151 521; x_wconf 88' lang='lat' dir='ltr'>nae</span> <span class='ocrx_word' id='word_1_45' title='bbox 186 487 334 521; x_wconf 85' lang='lat' dir='ltr'>nostrae</span> <span class='ocrx_word' id='word_1_46' title='bbox 371 483 626 521; x_wconf 82' lang='lat' dir='ltr'>moderatione</span> <span class='ocrx_word' id='word_1_47' title='bbox 663 484 700 521; x_wconf 72' lang='grc'>61</span> <span class='ocrx_word' id='word_1_48' title='bbox 737 484 885 521; x_wconf 88' lang='lat' dir='ltr'>Christo</span> <span class='ocrx_word' id='word_1_49' title='bbox 923 484 996 534; x_wconf 90' lang='lat' dir='ltr'>ipsi</span> <span class='ocrx_word' id='word_1_50' title='bbox 1033 484 1196 521; x_wconf 91' lang='lat' dir='ltr'>Domino</span> <span class='ocrx_word' id='word_1_51' title='bbox 1226 483 1377 534; x_wconf 88' lang='lat' dir='ltr'>eiusque</span> <span class='ocrx_word' id='word_1_52' title='bbox 1403 483 1615 521; x_wconf 83' lang='lat' dir='ltr'>institutio-</span> 
     </span>
     <span class='ocr_line' id='line_1_7' title="bbox 84 547 1616 599; baseline -0.001 -13"><span class='ocrx_word' id='word_1_53' title='bbox 84 548 123 586; x_wconf 90' lang='lat' dir='ltr'>ni</span> <span class='ocrx_word' id='word_1_54' title='bbox 160 547 198 585; x_wconf 66' lang='lat' dir='ltr'>et</span> <span class='ocrx_word' id='word_1_55' title='bbox 232 547 303 599; x_wconf 90' lang='lat' dir='ltr'>piis</span> <span class='ocrx_word' id='word_1_56' title='bbox 339 547 497 585; x_wconf 85' lang='lat' dir='ltr'>ubilibet</span> <span class='ocrx_word' id='word_1_57' title='bbox 534 549 700 585; x_wconf 90' lang='lat' dir='ltr'>locorum</span> <span class='ocrx_word' id='word_1_58' title='bbox 739 548 925 592; x_wconf 90' lang='lat' dir='ltr'>omnibus,</span> <span class='ocrx_word' id='word_1_59' title='bbox 963 552 1001 585; x_wconf 89' lang='lat' dir='ltr'>ut</span> <span class='ocrx_word' id='word_1_60' title='bbox 1038 561 1139 585; x_wconf 91' lang='lat' dir='ltr'>nunc</span> <span class='ocrx_word' id='word_1_61' title='bbox 1176 552 1264 585; x_wconf 89' lang='lat' dir='ltr'>sunt</span> <span class='ocrx_word' id='word_1_62' title='bbox 1297 553 1478 598; x_wconf 84' lang='lat' dir='ltr'>tempora,</span> <span class='ocrx_word' id='word_1_63' title='bbox 1507 548 1616 585; x_wconf 86' lang='lat' dir='ltr'>satis-</span> 
     </span>
     <span class='ocr_line' id='line_1_8' title="bbox 82 612 1615 663; baseline -0.001 -12"><span class='ocrx_word' id='word_1_64' title='bbox 82 614 248 651; x_wconf 86' lang='lat' dir='ltr'>facturos</span> <span class='ocrx_word' id='word_1_65' title='bbox 276 626 366 651; x_wconf 88' lang='lat' dir='ltr'>esse.</span> <span class='ocrx_word' id='word_1_66' title='bbox 397 613 505 650; x_wconf 92' lang='lat' dir='ltr'>Nihil</span> <span class='ocrx_word' id='word_1_67' title='bbox 532 613 631 651; x_wconf 88' lang='lat' dir='ltr'>enim</span> <span class='ocrx_word' id='word_1_68' title='bbox 661 613 722 650; x_wconf 90' lang='lat' dir='ltr'>hie</span> <span class='ocrx_word' id='word_1_69' title='bbox 750 613 907 651; x_wconf 83' lang='lat' dir='ltr'>habetur</span> <span class='ocrx_word' id='word_1_70' title='bbox 933 616 1078 663; x_wconf 86' lang='lat' dir='ltr'>praeter</span> <span class='ocrx_word' id='word_1_71' title='bbox 1105 612 1260 650; x_wconf 88' lang='lat' dir='ltr'>verbum</span> <span class='ocrx_word' id='word_1_72' title='bbox 1290 612 1373 658; x_wconf 86' lang='lat' dir='ltr'>Dei,</span> <span class='ocrx_word' id='word_1_73' title='bbox 1400 615 1436 650; x_wconf 90' lang='lat' dir='ltr'>et</span> <span class='ocrx_word' id='word_1_74' title='bbox 1463 612 1615 649; x_wconf 89' lang='lat' dir='ltr'>interim</span> 
     </span>
     <span class='ocr_line' id='line_1_9' title="bbox 82 677 1618 729; baseline -0.001 -14"><span class='ocrx_word' id='word_1_75' title='bbox 82 678 240 716; x_wconf 85' lang='lat' dir='ltr'>habetur</span> <span class='ocrx_word' id='word_1_76' title='bbox 276 678 377 729; x_wconf 89' lang='lat' dir='ltr'>quod</span> <span class='ocrx_word' id='word_1_77' title='bbox 411 679 455 715; x_wconf 85' lang='lat' dir='ltr'>ad</span> <span class='ocrx_word' id='word_1_78' title='bbox 495 679 648 716; x_wconf 88' lang='lat' dir='ltr'>salutem</span> <span class='ocrx_word' id='word_1_79' title='bbox 688 678 864 728; x_wconf 86' lang='lat' dir='ltr'>cuiusque</span> <span class='ocrx_word' id='word_1_80' title='bbox 901 678 992 715; x_wconf 85' lang='lat' dir='ltr'>satis</span> <span class='ocrx_word' id='word_1_81' title='bbox 1028 681 1104 715; x_wconf 89' lang='lat' dir='ltr'>est:</span> <span class='ocrx_word' id='word_1_82' title='bbox 1141 677 1237 714; x_wconf 89' lang='lat' dir='ltr'>nihil</span> <span class='ocrx_word' id='word_1_83' title='bbox 1272 679 1359 715; x_wconf 90' lang='lat' dir='ltr'>item</span> <span class='ocrx_word' id='word_1_84' title='bbox 1400 677 1499 727; x_wconf 86' lang='lat' dir='ltr'>quod</span> <span class='ocrx_word' id='word_1_85' title='bbox 1541 690 1618 714; x_wconf 89' lang='grc'>11011</span> 
     </span>
     <span class='ocr_line' id='line_1_10' title="bbox 84 740 1619 786; baseline -0.001 -6"><span class='ocrx_word' id='word_1_86' title='bbox 84 756 280 781; x_wconf 89' lang='lat' dir='ltr'>commune</span> <span class='ocrx_word' id='word_1_87' title='bbox 315 742 426 780; x_wconf 88' lang='lat' dir='ltr'>nobis</span> <span class='ocrx_word' id='word_1_88' title='bbox 463 756 545 780; x_wconf 88' lang='lat' dir='ltr'>cum</span> <span class='ocrx_word' id='word_1_89' title='bbox 585 742 778 780; x_wconf 89' lang='lat' dir='ltr'>Catholica</span> <span class='ocrx_word' id='word_1_90' title='bbox 816 742 956 779; x_wconf 85' lang='lat' dir='ltr'>Christi</span> <span class='ocrx_word' id='word_1_91' title='bbox 993 740 1162 779; x_wconf 85' lang='lat' dir='ltr'>Ecclesia</span> <span class='ocrx_word' id='word_1_92' title='bbox 1199 742 1414 786; x_wconf 84' lang='lat' dir='ltr'>habeamus,</span> <span class='ocrx_word' id='word_1_93' title='bbox 1451 745 1493 779; x_wconf 88' lang='lat' dir='ltr'>ut</span> <span class='ocrx_word' id='word_1_94' title='bbox 1521 741 1619 778; x_wconf 89' lang='lat' dir='ltr'>hanc</span> 
     </span>
     <span class='ocr_line' id='line_1_11' title="bbox 85 805 1624 857; baseline -0.001 -13"><span class='ocrx_word' id='word_1_95' title='bbox 85 820 174 844; x_wconf 85' lang='lat' dir='ltr'>sane</span> <span class='ocrx_word' id='word_1_96' title='bbox 209 807 409 844; x_wconf 89' lang='lat' dir='ltr'>nobiscum</span> <span class='ocrx_word' id='word_1_97' title='bbox 444 807 688 857; x_wconf 87' lang='lat' dir='ltr'>reprehendat</span> <span class='ocrx_word' id='word_1_98' title='bbox 725 818 874 843; x_wconf 86' lang='grc'>11666556</span> <span class='ocrx_word' id='word_1_99' title='bbox 902 809 969 850; x_wconf 82' lang='grc'>651,</span> <span class='ocrx_word' id='word_1_100' title='bbox 998 806 1168 856; x_wconf 89' lang='lat' dir='ltr'>quisquis</span> <span class='ocrx_word' id='word_1_101' title='bbox 1196 809 1364 843; x_wconf 87' lang='lat' dir='ltr'>nostram</span> <span class='ocrx_word' id='word_1_102' title='bbox 1391 805 1502 843; x_wconf 89' lang='lat' dir='ltr'>istam</span> <span class='ocrx_word' id='word_1_103' title='bbox 1531 805 1624 842; x_wconf 85' lang='lat' dir='ltr'>doc-</span> 
     </span>
     <span class='ocr_line' id='line_1_12' title="bbox 81 869 1622 921; baseline -0.001 -13"><span class='ocrx_word' id='word_1_104' title='bbox 81 871 202 908; x_wconf 82' lang='lat' dir='ltr'>trinae</span> <span class='ocrx_word' id='word_1_105' title='bbox 237 870 532 908; x_wconf 87' lang='lat' dir='ltr'>moderationem</span> <span class='ocrx_word' id='word_1_106' title='bbox 568 870 836 921; x_wconf 85' lang='lat' dir='ltr'>reprehendere</span> <span class='ocrx_word' id='word_1_107' title='bbox 873 870 974 909; x_wconf 82' lang='lat' dir='ltr'>velit.</span> <span class='ocrx_word' id='word_1_108' title='bbox 1030 872 1123 907; x_wconf 88' lang='lat' dir='ltr'>Cum</span> <span class='ocrx_word' id='word_1_109' title='bbox 1160 870 1230 907; x_wconf 88' lang='lat' dir='ltr'>hac</span> <span class='ocrx_word' id='word_1_110' title='bbox 1257 883 1369 920; x_wconf 87' lang='lat' dir='ltr'>porro</span> <span class='ocrx_word' id='word_1_111' title='bbox 1398 869 1622 907; x_wconf 83' lang='lat' dir='ltr'>damnamus</span> 
     </span>
     <span class='ocr_line' id='line_1_13' title="bbox 84 935 1618 985; baseline 0 -14"><span class='ocrx_word' id='word_1_112' title='bbox 84 935 310 985; x_wconf 82' lang='lat' dir='ltr'>Papisticam</span> <span class='ocrx_word' id='word_1_113' title='bbox 346 935 731 980; x_wconf 83' lang='lat' dir='ltr'>transformationem,</span> <span class='ocrx_word' id='word_1_114' title='bbox 769 935 989 972; x_wconf 83' lang='lat' dir='ltr'>damnamus</span> <span class='ocrx_word' id='word_1_115' title='bbox 1016 935 1107 972; x_wconf 89' lang='lat' dir='ltr'>item</span> <span class='ocrx_word' id='word_1_116' title='bbox 1134 935 1304 977; x_wconf 85' lang='lat' dir='ltr'>localem,</span> <span class='ocrx_word' id='word_1_117' title='bbox 1332 938 1372 971; x_wconf 91' lang='lat' dir='ltr'>ut</span> <span class='ocrx_word' id='word_1_118' title='bbox 1398 937 1548 979; x_wconf 83' lang='lat' dir='ltr'>vocant,</span> <span class='ocrx_word' id='word_1_119' title='bbox 1575 947 1618 970; x_wconf 86' lang='lat' dir='ltr'>ac</span> 
     </span>
     <span class='ocr_line' id='line_1_14' title="bbox 84 999 1617 1051; baseline 0 -14"><span class='ocrx_word' id='word_1_120' title='bbox 84 1001 291 1037; x_wconf 84' lang='lat' dir='ltr'>naturalem</span> <span class='ocrx_word' id='word_1_121' title='bbox 332 1001 372 1037; x_wconf 90' lang='lat' dir='ltr'>in</span> <span class='ocrx_word' id='word_1_122' title='bbox 417 1014 525 1051; x_wconf 80' lang='lat' dir='ltr'>pane,</span> <span class='ocrx_word' id='word_1_123' title='bbox 570 1000 646 1038; x_wconf 88' lang='lat' dir='ltr'>sive</span> <span class='ocrx_word' id='word_1_124' title='bbox 683 1000 752 1037; x_wconf 86' lang='lat' dir='ltr'>sub</span> <span class='ocrx_word' id='word_1_125' title='bbox 789 1013 885 1050; x_wconf 88' lang='lat' dir='ltr'>pane</span> <span class='ocrx_word' id='word_1_126' title='bbox 930 1012 972 1036; x_wconf 90' lang='lat' dir='ltr'>ac</span> <span class='ocrx_word' id='word_1_127' title='bbox 1009 999 1110 1042; x_wconf 88' lang='lat' dir='ltr'>vino,</span> <span class='ocrx_word' id='word_1_128' title='bbox 1147 1000 1313 1050; x_wconf 88' lang='lat' dir='ltr'>corporis</span> <span class='ocrx_word' id='word_1_129' title='bbox 1348 1003 1383 1037; x_wconf 88' lang='grc'>61</span> <span class='ocrx_word' id='word_1_130' title='bbox 1420 999 1617 1048; x_wconf 80' lang='lat' dir='ltr'>sanguinis</span> 
     </span>
     <span class='ocr_line' id='line_1_15' title="bbox 85 1064 1622 1116; baseline -0.001 -14"><span class='ocrx_word' id='word_1_131' title='bbox 85 1065 224 1102; x_wconf 86' lang='lat' dir='ltr'>Christi</span> <span class='ocrx_word' id='word_1_132' title='bbox 269 1066 530 1111; x_wconf 82' lang='lat' dir='ltr'>inclusionem,</span> <span class='ocrx_word' id='word_1_133' title='bbox 574 1066 674 1116; x_wconf 89' lang='lat' dir='ltr'>quod</span> <span class='ocrx_word' id='word_1_134' title='bbox 715 1069 872 1116; x_wconf 87' lang='lat' dir='ltr'>utraque</span> <span class='ocrx_word' id='word_1_135' title='bbox 914 1065 1004 1102; x_wconf 88' lang='grc'>11366</span> <span class='ocrx_word' id='word_1_136' title='bbox 1047 1065 1127 1102; x_wconf 89' lang='grc'>51116</span> <span class='ocrx_word' id='word_1_137' title='bbox 1167 1065 1366 1102; x_wconf 90' lang='lat' dir='ltr'>manifesta</span> <span class='ocrx_word' id='word_1_138' title='bbox 1407 1064 1622 1102; x_wconf 84' lang='lat' dir='ltr'>idololatria</span> 
     </span>
     <span class='ocr_line' id='line_1_16' title="bbox 86 1129 1624 1181; baseline -0.001 -14"><span class='ocrx_word' id='word_1_139' title='bbox 86 1131 264 1167; x_wconf 88' lang='lat' dir='ltr'>constitui</span> <span class='ocrx_word' id='word_1_140' title='bbox 301 1144 377 1168; x_wconf 92' lang='lat' dir='ltr'>non</span> <span class='ocrx_word' id='word_1_141' title='bbox 415 1135 585 1181; x_wconf 87' lang='lat' dir='ltr'>possunt,</span> <span class='ocrx_word' id='word_1_142' title='bbox 613 1152 663 1159; x_wconf 89' lang='lat'><strong>—</strong></span> <span class='ocrx_word' id='word_1_143' title='bbox 689 1134 725 1168; x_wconf 91' lang='lat' dir='ltr'>et</span> <span class='ocrx_word' id='word_1_144' title='bbox 756 1130 976 1167; x_wconf 85' lang='lat' dir='ltr'>damnamus</span> <span class='ocrx_word' id='word_1_145' title='bbox 1004 1132 1193 1180; x_wconf 86' lang='lat' dir='ltr'>praeterea</span> <span class='ocrx_word' id='word_1_146' title='bbox 1220 1129 1432 1166; x_wconf 80' lang='lat' dir='ltr'>doctrinam</span> <span class='ocrx_word' id='word_1_147' title='bbox 1458 1130 1624 1173; x_wconf 88' lang='lat' dir='ltr'>illorum,</span> 
     </span>
     <span class='ocr_line' id='line_1_17' title="bbox 84 1184 1616 1245; baseline -0.001 -14"><span class='ocrx_word' id='word_1_148' title='bbox 84 1195 147 1245; x_wconf 91' lang='lat' dir='ltr'>qui</span> <span class='ocrx_word' id='word_1_149' title='bbox 181 1197 309 1243; x_wconf 76' lang='lat' dir='ltr'>(113a)</span> <span class='ocrx_word' id='word_1_150' title='bbox 346 1199 577 1233; x_wconf 86' lang='lat' dir='ltr'>sacramenta</span> <span class='ocrx_word' id='word_1_151' title='bbox 621 1195 746 1232; x_wconf 86' lang='lat' dir='ltr'>omnia</span> <span class='ocrx_word' id='word_1_152' title='bbox 788 1184 892 1232; x_wconf 72' lang='lat' dir='ltr'>nudav</span> <span class='ocrx_word' id='word_1_153' title='bbox 934 1194 1043 1242; x_wconf 73' lang='lat' dir='ltr'>signa</span> <span class='ocrx_word' id='word_1_154' title='bbox 1079 1207 1157 1231; x_wconf 90' lang='grc'>6556</span> <span class='ocrx_word' id='word_1_155' title='bbox 1197 1194 1332 1231; x_wconf 89' lang='lat' dir='ltr'>docent</span> <span class='ocrx_word' id='word_1_156' title='bbox 1369 1197 1481 1244; x_wconf 85' lang='lat' dir='ltr'>atque</span> <span class='ocrx_word' id='word_1_157' title='bbox 1518 1193 1616 1231; x_wconf 86' lang='lat' dir='ltr'>inter</span> 
     </span>
     <span class='ocr_line' id='line_1_18' title="bbox 84 1256 1627 1309; baseline -0.001 -14"><span class='ocrx_word' id='word_1_158' title='bbox 84 1272 141 1296; x_wconf 89' lang='lat' dir='ltr'>res</span> <span class='ocrx_word' id='word_1_159' title='bbox 177 1260 396 1309; x_wconf 67' lang='grc' dir='ltr'>ἀδικφόρκς</span> <span class='ocrx_word' id='word_1_160' title='bbox 435 1261 633 1296; x_wconf 87' lang='lat' dir='ltr'>numerant</span> <span class='ocrx_word' id='word_1_161' title='bbox 671 1261 706 1295; x_wconf 88' lang='lat' dir='ltr'>et</span> <span class='ocrx_word' id='word_1_162' title='bbox 743 1257 928 1294; x_wconf 85' lang='lat' dir='ltr'>humanae</span> <span class='ocrx_word' id='word_1_163' title='bbox 968 1257 1152 1294; x_wconf 76' lang='lat' dir='ltr'>duntaxat</span> <span class='ocrx_word' id='word_1_164' title='bbox 1190 1256 1487 1294; x_wconf 87' lang='lat' dir='ltr'>conversationis</span> <span class='ocrx_word' id='word_1_165' title='bbox 1517 1259 1627 1293; x_wconf 87' lang='lat' dir='ltr'>notas</span> 
     </span>
     <span class='ocr_line' id='line_1_19' title="bbox 85 1320 1626 1373; baseline -0.001 -13"><span class='ocrx_word' id='word_1_166' title='bbox 85 1337 165 1361; x_wconf 88' lang='grc'>6556</span> <span class='ocrx_word' id='word_1_167' title='bbox 194 1323 337 1366; x_wconf 86' lang='lat' dir='ltr'>volunt,</span> <span class='ocrx_word' id='word_1_168' title='bbox 364 1323 499 1373; x_wconf 88' lang='lat' dir='ltr'>quibus</span> <span class='ocrx_word' id='word_1_169' title='bbox 527 1336 548 1359; x_wconf 88' lang='lat' dir='ltr'>a</span> <span class='ocrx_word' id='word_1_170' title='bbox 575 1322 723 1360; x_wconf 87' lang='lat' dir='ltr'>Iudaeis</span> <span class='ocrx_word' id='word_1_171' title='bbox 752 1325 786 1359; x_wconf 85' lang='lat' dir='ltr'>et</span> <span class='ocrx_word' id='word_1_172' title='bbox 814 1321 990 1359; x_wconf 86' lang='lat' dir='ltr'>Ethnicis</span> <span class='ocrx_word' id='word_1_173' title='bbox 1018 1321 1195 1358; x_wconf 89' lang='lat' dir='ltr'>omnibus</span> <span class='ocrx_word' id='word_1_174' title='bbox 1223 1320 1492 1358; x_wconf 85' lang='lat' dir='ltr'>discernamur.</span> <span class='ocrx_word' id='word_1_175' title='bbox 1544 1320 1626 1358; x_wconf 89' lang='lat' dir='ltr'>Has</span> 
     </span>
     <span class='ocr_line' id='line_1_20' title="bbox 84 1386 1620 1439; baseline -0.002 -14"><span class='ocrx_word' id='word_1_176' title='bbox 84 1389 237 1439; x_wconf 89' lang='lat' dir='ltr'>inquam</span> <span class='ocrx_word' id='word_1_177' title='bbox 274 1388 463 1425; x_wconf 85' lang='lat' dir='ltr'>doctrinas</span> <span class='ocrx_word' id='word_1_178' title='bbox 501 1387 721 1424; x_wconf 79' lang='lat' dir='ltr'>damnamus</span> <span class='ocrx_word' id='word_1_179' title='bbox 759 1400 899 1432; x_wconf 85' lang='lat' dir='ltr'>omnes,</span> <span class='ocrx_word' id='word_1_180' title='bbox 929 1387 1077 1438; x_wconf 86' lang='lat' dir='ltr'>sequuti</span> <span class='ocrx_word' id='word_1_181' title='bbox 1104 1386 1144 1423; x_wconf 93' lang='lat' dir='ltr'>in</span> <span class='ocrx_word' id='word_1_182' title='bbox 1173 1386 1242 1423; x_wconf 89' lang='lat' dir='ltr'>hac</span> <span class='ocrx_word' id='word_1_183' title='bbox 1268 1390 1375 1436; x_wconf 84' lang='lat' dir='ltr'>parte</span> <span class='ocrx_word' id='word_1_184' title='bbox 1404 1386 1620 1423; x_wconf 83' lang='lat' dir='ltr'>Catholicae</span> 
     </span>
     <span class='ocr_line' id='line_1_21' title="bbox 86 1450 1620 1501; baseline -0.002 -11"><span class='ocrx_word' id='word_1_185' title='bbox 86 1453 226 1491; x_wconf 79' lang='lat' dir='ltr'>Christi</span> <span class='ocrx_word' id='word_1_186' title='bbox 262 1452 451 1489; x_wconf 87' lang='lat' dir='ltr'>Ecclesiae</span> <span class='ocrx_word' id='word_1_187' title='bbox 484 1452 666 1489; x_wconf 87' lang='lat' dir='ltr'>iudicium</span> <span class='ocrx_word' id='word_1_188' title='bbox 703 1464 745 1488; x_wconf 78' lang='lat' dir='ltr'>ex</span> <span class='ocrx_word' id='word_1_189' title='bbox 774 1452 887 1488; x_wconf 83' lang='lat' dir='ltr'>verbo</span> <span class='ocrx_word' id='word_1_190' title='bbox 918 1451 997 1497; x_wconf 78' lang='lat' dir='ltr'>Dei,</span> <span class='ocrx_word' id='word_1_191' title='bbox 1027 1464 1147 1501; x_wconf 85' lang='lat' dir='ltr'>neque</span> <span class='ocrx_word' id='word_1_192' title='bbox 1176 1450 1286 1488; x_wconf 88' lang='lat' dir='ltr'>nobis</span> <span class='ocrx_word' id='word_1_193' title='bbox 1313 1450 1397 1487; x_wconf 89' lang='lat' dir='ltr'>illas</span> <span class='ocrx_word' id='word_1_194' title='bbox 1425 1450 1523 1488; x_wconf 87' lang='lat' dir='ltr'>iuter</span> <span class='ocrx_word' id='word_1_195' title='bbox 1551 1463 1620 1487; x_wconf 90' lang='lat' dir='ltr'>nos</span> 
     </span>
     <span class='ocr_line' id='line_1_22' title="bbox 86 1516 880 1569; baseline -0.001 -15"><span class='ocrx_word' id='word_1_196' title='bbox 86 1516 351 1569; x_wconf 90' lang='lat' dir='ltr'>quoquomodo</span> <span class='ocrx_word' id='word_1_197' title='bbox 380 1517 554 1555; x_wconf 85' lang='lat' dir='ltr'>ferendas</span> <span class='ocrx_word' id='word_1_198' title='bbox 583 1530 662 1553; x_wconf 90' lang='lat' dir='ltr'>esse</span> <span class='ocrx_word' id='word_1_199' title='bbox 690 1519 880 1566; x_wconf 87' lang='lat' dir='ltr'>putamus.</span> 
     </span>
    </p>

    <p class='ocr_par' dir='ltr' id='par_1_3' title="bbox 86 1579 1630 2864">
     <span class='ocr_line' id='line_1_23' title="bbox 138 1579 1628 1631; baseline -0.003 -11"><span class='ocrx_word' id='word_1_200' title='bbox 138 1582 253 1620; x_wconf 74' lang='lat' dir='ltr'>Quod</span> <span class='ocrx_word' id='word_1_201' title='bbox 281 1595 367 1619; x_wconf 89' lang='lat' dir='ltr'>vero</span> <span class='ocrx_word' id='word_1_202' title='bbox 395 1581 444 1620; x_wconf 87' lang='lat' dir='ltr'>ad</span> <span class='ocrx_word' id='word_1_203' title='bbox 472 1582 679 1619; x_wconf 88' lang='lat' dir='ltr'>Doctorum</span> <span class='ocrx_word' id='word_1_204' title='bbox 706 1582 808 1618; x_wconf 83' lang='lat' dir='ltr'>illam</span> <span class='ocrx_word' id='word_1_205' title='bbox 833 1581 877 1618; x_wconf 86' lang='lat' dir='ltr'>de</span> <span class='ocrx_word' id='word_1_206' title='bbox 896 1579 1008 1618; x_wconf 86' lang='lat' dir='ltr'>modo</span> <span class='ocrx_word' id='word_1_207' title='bbox 1029 1579 1422 1631; x_wconf 81' lang='lat' dir='ltr'>praesentiaeChristi</span> <span class='ocrx_word' id='word_1_208' title='bbox 1443 1579 1481 1616; x_wconf 90' lang='lat' dir='ltr'>in</span> <span class='ocrx_word' id='word_1_209' title='bbox 1502 1579 1628 1616; x_wconf 83' lang='lat' dir='ltr'>Coena</span> 
     </span>
     <span class='ocr_line' id='line_1_24' title="bbox 93 1644 1629 1696; baseline -0.001 -13"><span class='ocrx_word' id='word_1_210' title='bbox 93 1646 384 1684; x_wconf 89' lang='lat' dir='ltr'>controversiam</span> <span class='ocrx_word' id='word_1_211' title='bbox 422 1646 569 1690; x_wconf 84' lang='lat' dir='ltr'>attinet,</span> <span class='ocrx_word' id='word_1_212' title='bbox 606 1646 649 1683; x_wconf 88' lang='lat' dir='ltr'>de</span> <span class='ocrx_word' id='word_1_213' title='bbox 688 1646 757 1683; x_wconf 85' lang='lat' dir='ltr'>hac</span> <span class='ocrx_word' id='word_1_214' title='bbox 785 1646 886 1695; x_wconf 38' lang='lat' dir='ltr'>&#39;eitra</span> <span class='ocrx_word' id='word_1_215' title='bbox 915 1646 1131 1696; x_wconf 87' lang='lat' dir='ltr'>cuiusquam</span> <span class='ocrx_word' id='word_1_216' title='bbox 1162 1644 1433 1695; x_wconf 88' lang='lat' dir='ltr'>praeiudicium</span> <span class='ocrx_word' id='word_1_217' title='bbox 1461 1648 1629 1682; x_wconf 86' lang='lat' dir='ltr'>nostram</span> 
     </span>
     <span class='ocr_line' id='line_1_25' title="bbox 89 1709 1630 1762; baseline -0.002 -14"><span class='ocrx_word' id='word_1_218' title='bbox 89 1710 354 1762; x_wconf 80' lang='lat' dir='ltr'>suspendimus</span> <span class='ocrx_word' id='word_1_219' title='bbox 383 1711 616 1751; x_wconf 76' lang='lat' dir='ltr'>sententiam,</span> <span class='ocrx_word' id='word_1_220' title='bbox 639 1710 756 1747; x_wconf 83' lang='lat' dir='ltr'>donec</span> <span class='ocrx_word' id='word_1_221' title='bbox 778 1724 797 1747; x_wconf 90' lang='lat' dir='ltr'>a</span> <span class='ocrx_word' id='word_1_222' title='bbox 821 1709 1014 1747; x_wconf 84' lang='lat' dir='ltr'>Catholica</span> <span class='ocrx_word' id='word_1_223' title='bbox 1033 1709 1177 1747; x_wconf 86' lang='lat' dir='ltr'>Christi</span> <span class='ocrx_word' id='word_1_224' title='bbox 1198 1709 1366 1746; x_wconf 84' lang='lat' dir='ltr'>Ecclesia</span> <span class='ocrx_word' id='word_1_225' title='bbox 1384 1709 1630 1750; x_wconf 79' lang='lat' dir='ltr'>discernatur,</span> 
     </span>
     <span class='ocr_line' id='line_1_26' title="bbox 86 1774 1626 1826; baseline -0.002 -13"><span class='ocrx_word' id='word_1_226' title='bbox 86 1778 123 1814; x_wconf 87' lang='grc'>61</span> <span class='ocrx_word' id='word_1_227' title='bbox 160 1775 279 1813; x_wconf 81' lang='lat' dir='ltr'>Deum</span> <span class='ocrx_word' id='word_1_228' title='bbox 307 1789 512 1826; x_wconf 81' lang='lat' dir='ltr'>precamur,</span> <span class='ocrx_word' id='word_1_229' title='bbox 531 1778 572 1812; x_wconf 91' lang='lat' dir='ltr'>ut</span> <span class='ocrx_word' id='word_1_230' title='bbox 594 1775 722 1812; x_wconf 79' lang='lat' dir='ltr'>omnia,</span> <span class='ocrx_word' id='word_1_231' title='bbox 752 1776 946 1812; x_wconf 86' lang='lat' dir='ltr'>doctrinae</span> <span class='ocrx_word' id='word_1_232' title='bbox 974 1774 1128 1812; x_wconf 85' lang='lat' dir='ltr'>dissidia</span> <span class='ocrx_word' id='word_1_233' title='bbox 1155 1787 1221 1825; x_wconf 90' lang='lat' dir='ltr'>per</span> <span class='ocrx_word' id='word_1_234' title='bbox 1250 1774 1420 1824; x_wconf 87' lang='lat' dir='ltr'>spiritum</span> <span class='ocrx_word' id='word_1_235' title='bbox 1452 1787 1559 1811; x_wconf 88' lang='lat' dir='ltr'>suum</span> <span class='ocrx_word' id='word_1_236' title='bbox 1586 1774 1626 1811; x_wconf 88' lang='lat' dir='ltr'>in</span> 
     </span>
     <span class='ocr_line' id='line_1_27' title="bbox 88 1837 1625 1889; baseline -0.001 -13"><span class='ocrx_word' id='word_1_237' title='bbox 88 1839 254 1877; x_wconf 83' lang='lat' dir='ltr'>Ecclesia</span> <span class='ocrx_word' id='word_1_238' title='bbox 284 1853 348 1876; x_wconf 87' lang='grc'>5113</span> <span class='ocrx_word' id='word_1_239' title='bbox 379 1843 592 1889; x_wconf 85' lang='lat' dir='ltr'>componat.</span> <span class='ocrx_word' id='word_1_240' title='bbox 631 1839 686 1876; x_wconf 91' lang='lat' dir='ltr'>Ut</span> <span class='ocrx_word' id='word_1_241' title='bbox 716 1843 841 1876; x_wconf 77' lang='lat' dir='ltr'>tamen</span> <span class='ocrx_word' id='word_1_242' title='bbox 872 1851 1053 1876; x_wconf 85' lang='lat' dir='ltr'>summam</span> <span class='ocrx_word' id='word_1_243' title='bbox 1081 1839 1201 1889; x_wconf 88' lang='lat' dir='ltr'>ipsam</span> <span class='ocrx_word' id='word_1_244' title='bbox 1232 1837 1507 1875; x_wconf 87' lang='lat' dir='ltr'>controversiae</span> <span class='ocrx_word' id='word_1_245' title='bbox 1538 1851 1625 1886; x_wconf 75' lang='lat' dir='ltr'>cog-</span> 
     </span>
     <span class='ocr_line' id='line_1_28' title="bbox 91 1901 1626 1953; baseline -0.001 -12"><span class='ocrx_word' id='word_1_246' title='bbox 91 1917 236 1947; x_wconf 86' lang='lat' dir='ltr'>noscas,</span> <span class='ocrx_word' id='word_1_247' title='bbox 273 1916 349 1941; x_wconf 90' lang='lat' dir='ltr'>non</span> <span class='ocrx_word' id='word_1_248' title='bbox 388 1905 510 1953; x_wconf 79' lang='lat' dir='ltr'>agitur</span> <span class='ocrx_word' id='word_1_249' title='bbox 547 1903 592 1940; x_wconf 89' lang='lat' dir='ltr'>de</span> <span class='ocrx_word' id='word_1_250' title='bbox 631 1916 766 1940; x_wconf 86' lang='lat' dir='ltr'>coenae</span> <span class='ocrx_word' id='word_1_251' title='bbox 796 1903 980 1952; x_wconf 64' lang='lat' dir='ltr'>(lignitate</span> <span class='ocrx_word' id='word_1_252' title='bbox 1007 1905 1070 1940; x_wconf 87' lang='lat' dir='ltr'>aut</span> <span class='ocrx_word' id='word_1_253' title='bbox 1098 1902 1258 1939; x_wconf 83' lang='lat' dir='ltr'>efficacia</span> <span class='ocrx_word' id='word_1_254' title='bbox 1286 1923 1336 1930; x_wconf 94' lang='lat'>--</span> <span class='ocrx_word' id='word_1_255' title='bbox 1366 1901 1411 1939; x_wconf 88' lang='lat' dir='ltr'>de</span> <span class='ocrx_word' id='word_1_256' title='bbox 1441 1901 1498 1938; x_wconf 90' lang='lat' dir='ltr'>his</span> <span class='ocrx_word' id='word_1_257' title='bbox 1526 1901 1626 1939; x_wconf 86' lang='lat' dir='ltr'>enim</span> 
     </span>
     <span class='ocr_line' id='line_1_29' title="bbox 91 1966 1623 2016; baseline -0.002 -10"><span class='ocrx_word' id='word_1_258' title='bbox 91 1969 265 2006; x_wconf 87' lang='lat' dir='ltr'>convenit</span> <span class='ocrx_word' id='word_1_259' title='bbox 292 1969 388 2006; x_wconf 85' lang='lat' dir='ltr'>inter</span> <span class='ocrx_word' id='word_1_260' title='bbox 416 1982 543 2005; x_wconf 82' lang='grc'>01111165</span> <span class='ocrx_word' id='word_1_261' title='bbox 571 1989 620 1996; x_wconf 95' lang='lat'>—-</span> <span class='ocrx_word' id='word_1_262' title='bbox 642 1968 705 2005; x_wconf 87' lang='lat' dir='ltr'>sed</span> <span class='ocrx_word' id='word_1_263' title='bbox 730 1968 773 2005; x_wconf 88' lang='lat' dir='ltr'>de</span> <span class='ocrx_word' id='word_1_264' title='bbox 794 1967 986 2006; x_wconf 83' lang='lat' dir='ltr'>clementis</span> <span class='ocrx_word' id='word_1_265' title='bbox 1004 1968 1149 2005; x_wconf 86' lang='lat' dir='ltr'>Coenae</span> <span class='ocrx_word' id='word_1_266' title='bbox 1170 1967 1354 2004; x_wconf 85' lang='lat' dir='ltr'>duntaxat</span> <span class='ocrx_word' id='word_1_267' title='bbox 1374 1966 1510 2016; x_wconf 73' lang='lat' dir='ltr'>agitur,</span> <span class='ocrx_word' id='word_1_268' title='bbox 1535 1966 1623 2003; x_wconf 87' lang='lat' dir='ltr'>dum</span> 
     </span>
     <span class='ocr_line' id='line_1_30' title="bbox 89 2032 1626 2083; baseline -0.001 -13"><span class='ocrx_word' id='word_1_269' title='bbox 89 2034 164 2071; x_wconf 88' lang='lat' dir='ltr'>illis</span> <span class='ocrx_word' id='word_1_270' title='bbox 192 2033 255 2070; x_wconf 88' lang='lat' dir='ltr'>alii</span> <span class='ocrx_word' id='word_1_271' title='bbox 282 2034 378 2083; x_wconf 87' lang='lat' dir='ltr'>plus,</span> <span class='ocrx_word' id='word_1_272' title='bbox 413 2033 477 2070; x_wconf 85' lang='lat' dir='ltr'>alii</span> <span class='ocrx_word' id='word_1_273' title='bbox 514 2033 640 2070; x_wconf 87' lang='lat' dir='ltr'>miuus</span> <span class='ocrx_word' id='word_1_274' title='bbox 668 2033 834 2070; x_wconf 82' lang='lat' dir='ltr'>tribuere</span> <span class='ocrx_word' id='word_1_275' title='bbox 863 2032 1048 2078; x_wconf 89' lang='lat' dir='ltr'>videntur,</span> <span class='ocrx_word' id='word_1_276' title='bbox 1075 2045 1207 2082; x_wconf 86' lang='lat' dir='ltr'>nempe</span> <span class='ocrx_word' id='word_1_277' title='bbox 1235 2035 1274 2069; x_wconf 86' lang='lat' dir='ltr'>ut</span> <span class='ocrx_word' id='word_1_278' title='bbox 1303 2036 1366 2069; x_wconf 84' lang='lat' dir='ltr'>aut</span> <span class='ocrx_word' id='word_1_279' title='bbox 1394 2032 1432 2069; x_wconf 85' lang='lat' dir='ltr'>in</span> <span class='ocrx_word' id='word_1_280' title='bbox 1460 2045 1554 2082; x_wconf 86' lang='lat' dir='ltr'>pane</span> <span class='ocrx_word' id='word_1_281' title='bbox 1583 2045 1626 2068; x_wconf 90' lang='grc'>36</span> 
     </span>
     <span class='ocr_line' id='line_1_31' title="bbox 89 2097 1628 2149; baseline -0.001 -14"><span class='ocrx_word' id='word_1_282' title='bbox 89 2099 176 2135; x_wconf 88' lang='lat' dir='ltr'>vino</span> <span class='ocrx_word' id='word_1_283' title='bbox 208 2111 341 2149; x_wconf 85' lang='lat' dir='ltr'>corpus</span> <span class='ocrx_word' id='word_1_284' title='bbox 369 2102 405 2135; x_wconf 90' lang='lat' dir='ltr'>et</span> <span class='ocrx_word' id='word_1_285' title='bbox 443 2098 663 2147; x_wconf 77' lang='lat' dir='ltr'>sanguinem</span> <span class='ocrx_word' id='word_1_286' title='bbox 704 2097 844 2135; x_wconf 81' lang='lat' dir='ltr'>Christi</span> <span class='ocrx_word' id='word_1_287' title='bbox 874 2097 1070 2142; x_wconf 85' lang='lat' dir='ltr'>contineri,</span> <span class='ocrx_word' id='word_1_288' title='bbox 1099 2101 1162 2134; x_wconf 88' lang='lat' dir='ltr'>aut</span> <span class='ocrx_word' id='word_1_289' title='bbox 1190 2097 1353 2134; x_wconf 86' lang='lat' dir='ltr'>ministri</span> <span class='ocrx_word' id='word_1_290' title='bbox 1381 2109 1491 2147; x_wconf 87' lang='lat' dir='ltr'>opere</span> <span class='ocrx_word' id='word_1_291' title='bbox 1517 2097 1628 2134; x_wconf 87' lang='lat' dir='ltr'>nobis</span> 
     </span>
     <span class='ocr_line' id='line_1_32' title="bbox 88 2161 1626 2214; baseline -0.001 -13"><span class='ocrx_word' id='word_1_292' title='bbox 88 2164 153 2201; x_wconf 88' lang='lat' dir='ltr'>illa</span> <span class='ocrx_word' id='word_1_293' title='bbox 182 2177 247 2214; x_wconf 87' lang='lat' dir='ltr'>per</span> <span class='ocrx_word' id='word_1_294' title='bbox 275 2176 409 2213; x_wconf 88' lang='lat' dir='ltr'>panem</span> <span class='ocrx_word' id='word_1_295' title='bbox 440 2176 482 2199; x_wconf 86' lang='lat' dir='ltr'>ac</span> <span class='ocrx_word' id='word_1_296' title='bbox 511 2163 638 2200; x_wconf 87' lang='lat' dir='ltr'>vinum</span> <span class='ocrx_word' id='word_1_297' title='bbox 667 2162 848 2207; x_wconf 78' lang='lat' dir='ltr'>exhiberi,</span> <span class='ocrx_word' id='word_1_298' title='bbox 863 2166 927 2200; x_wconf 86' lang='lat' dir='ltr'>aut</span> <span class='ocrx_word' id='word_1_299' title='bbox 947 2161 1190 2212; x_wconf 79' lang='lat' dir='ltr'>spiritualiter</span> <span class='ocrx_word' id='word_1_300' title='bbox 1208 2165 1354 2199; x_wconf 86' lang='lat' dir='ltr'>tantum</span> <span class='ocrx_word' id='word_1_301' title='bbox 1373 2175 1394 2198; x_wconf 86' lang='lat' dir='ltr'>a</span> <span class='ocrx_word' id='word_1_302' title='bbox 1413 2161 1524 2198; x_wconf 85' lang='lat' dir='ltr'>nobis</span> <span class='ocrx_word' id='word_1_303' title='bbox 1542 2175 1626 2212; x_wconf 86' lang='lat' dir='ltr'>per-</span> 
     </span>
     <span class='ocr_line' id='line_1_33' title="bbox 90 2225 1625 2278; baseline -0.001 -13"><span class='ocrx_word' id='word_1_304' title='bbox 90 2228 164 2278; x_wconf 89' lang='lat' dir='ltr'>cipi</span> <span class='ocrx_word' id='word_1_305' title='bbox 190 2232 324 2278; x_wconf 85' lang='lat' dir='ltr'>putant</span> <span class='ocrx_word' id='word_1_306' title='bbox 354 2227 434 2264; x_wconf 86' lang='lat' dir='ltr'>sine</span> <span class='ocrx_word' id='word_1_307' title='bbox 459 2227 536 2264; x_wconf 85' lang='lat' dir='ltr'>ulla</span> <span class='ocrx_word' id='word_1_308' title='bbox 565 2228 623 2264; x_wconf 87' lang='lat' dir='ltr'>vel</span> <span class='ocrx_word' id='word_1_309' title='bbox 651 2227 697 2264; x_wconf 90' lang='lat' dir='ltr'>ad</span> <span class='ocrx_word' id='word_1_310' title='bbox 727 2227 906 2264; x_wconf 85' lang='lat' dir='ltr'>elementa</span> <span class='ocrx_word' id='word_1_311' title='bbox 935 2227 1016 2277; x_wconf 88' lang='lat' dir='ltr'>ipsa</span> <span class='ocrx_word' id='word_1_312' title='bbox 1046 2226 1203 2271; x_wconf 84' lang='lat' dir='ltr'>Coenae,</span> <span class='ocrx_word' id='word_1_313' title='bbox 1231 2226 1289 2263; x_wconf 86' lang='lat' dir='ltr'>vel</span> <span class='ocrx_word' id='word_1_314' title='bbox 1316 2225 1363 2263; x_wconf 88' lang='lat' dir='ltr'>ad</span> <span class='ocrx_word' id='word_1_315' title='bbox 1383 2226 1513 2274; x_wconf 80' lang='lat'><strong>(113¹›)</strong></span> <span class='ocrx_word' id='word_1_316' title='bbox 1533 2239 1625 2277; x_wconf 83' lang='lat' dir='ltr'>opus</span> 
     </span>
     <span class='ocr_line' id='line_1_34' title="bbox 91 2291 1625 2342; baseline 0.001 -13"><span class='ocrx_word' id='word_1_317' title='bbox 91 2292 255 2329; x_wconf 86' lang='lat' dir='ltr'>ministri</span> <span class='ocrx_word' id='word_1_318' title='bbox 288 2292 519 2341; x_wconf 78' lang='lat' dir='ltr'>alligatione.</span> <span class='ocrx_word' id='word_1_319' title='bbox 575 2293 769 2329; x_wconf 87' lang='lat' dir='ltr'>Caeterum</span> <span class='ocrx_word' id='word_1_320' title='bbox 808 2292 908 2342; x_wconf 87' lang='lat' dir='ltr'>quod</span> <span class='ocrx_word' id='word_1_321' title='bbox 948 2291 993 2329; x_wconf 88' lang='lat' dir='ltr'>ad</span> <span class='ocrx_word' id='word_1_322' title='bbox 1023 2293 1099 2329; x_wconf 86' lang='lat' dir='ltr'>vim</span> <span class='ocrx_word' id='word_1_323' title='bbox 1126 2291 1350 2341; x_wconf 80' lang='lat' dir='ltr'>dignitatem</span> <span class='ocrx_word' id='word_1_324' title='bbox 1379 2305 1422 2329; x_wconf 89' lang='lat' dir='ltr'>ac</span> <span class='ocrx_word' id='word_1_325' title='bbox 1449 2294 1625 2342; x_wconf 81' lang='lat' dir='ltr'>mysteria</span> 
     </span>
     <span class='ocr_line' id='line_1_35' title="bbox 91 2356 1617 2399; baseline 0.001 -5"><span class='ocrx_word' id='word_1_326' title='bbox 91 2358 235 2394; x_wconf 87' lang='lat' dir='ltr'>Coenac</span> <span class='ocrx_word' id='word_1_327' title='bbox 279 2356 423 2399; x_wconf 85' lang='lat' dir='ltr'>attinet,</span> <span class='ocrx_word' id='word_1_328' title='bbox 464 2356 502 2393; x_wconf 89' lang='lat' dir='ltr'>in</span> <span class='ocrx_word' id='word_1_329' title='bbox 545 2356 591 2393; x_wconf 89' lang='lat' dir='ltr'>iis</span> <span class='ocrx_word' id='word_1_330' title='bbox 638 2356 863 2394; x_wconf 81' lang='lat' dir='ltr'>unanimiter</span> <span class='ocrx_word' id='word_1_331' title='bbox 905 2356 1085 2394; x_wconf 87' lang='lat' dir='ltr'>hactenus</span> <span class='ocrx_word' id='word_1_332' title='bbox 1122 2369 1250 2394; x_wconf 92' lang='lat' dir='ltr'>omnes</span> <span class='ocrx_word' id='word_1_333' title='bbox 1289 2357 1541 2399; x_wconf 83' lang='lat' dir='ltr'>consentiunt.</span> <span class='ocrx_word' id='word_1_334' title='bbox 1579 2365 1617 2395; x_wconf 91' lang='lat' dir='ltr'>ut</span> 
     </span>
     <span class='ocr_line' id='line_1_36' title="bbox 89 2421 1621 2471; baseline 0.001 -12"><span class='ocrx_word' id='word_1_335' title='bbox 89 2424 296 2471; x_wconf 83' lang='lat' dir='ltr'>agnoscant</span> <span class='ocrx_word' id='word_1_336' title='bbox 326 2421 470 2458; x_wconf 83' lang='lat' dir='ltr'>Coenae</span> <span class='ocrx_word' id='word_1_337' title='bbox 499 2421 715 2470; x_wconf 81' lang='lat' dir='ltr'>mysterium</span> <span class='ocrx_word' id='word_1_338' title='bbox 746 2434 824 2459; x_wconf 80' lang='lat' dir='ltr'>csse</span> <span class='ocrx_word' id='word_1_339' title='bbox 853 2425 1020 2459; x_wconf 86' lang='lat' dir='ltr'>nostram</span> <span class='ocrx_word' id='word_1_340' title='bbox 1047 2435 1131 2458; x_wconf 90' lang='lat' dir='ltr'>cum</span> <span class='ocrx_word' id='word_1_341' title='bbox 1151 2421 1301 2459; x_wconf 88' lang='lat' dir='ltr'>Christo</span> <span class='ocrx_word' id='word_1_342' title='bbox 1321 2422 1621 2460; x_wconf 86' lang='lat' dir='ltr'>communionem</span> 
     </span>
     <span class='ocr_line' id='line_1_37' title="bbox 89 2486 1621 2538; baseline 0.001 -14"><span class='ocrx_word' id='word_1_343' title='bbox 89 2487 128 2524; x_wconf 89' lang='lat' dir='ltr'>in</span> <span class='ocrx_word' id='word_1_344' title='bbox 157 2499 311 2537; x_wconf 88' lang='lat' dir='ltr'>corpore</span> <span class='ocrx_word' id='word_1_345' title='bbox 339 2490 374 2523; x_wconf 90' lang='lat' dir='ltr'>et</span> <span class='ocrx_word' id='word_1_346' title='bbox 402 2486 584 2534; x_wconf 83' lang='lat' dir='ltr'>sanguine</span> <span class='ocrx_word' id='word_1_347' title='bbox 610 2486 741 2537; x_wconf 86' lang='lat' dir='ltr'>ipsius,</span> <span class='ocrx_word' id='word_1_348' title='bbox 769 2500 880 2538; x_wconf 79' lang='lat' dir='ltr'>quam</span> <span class='ocrx_word' id='word_1_349' title='bbox 910 2500 997 2524; x_wconf 85' lang='lat' dir='ltr'>sane</span> <span class='ocrx_word' id='word_1_350' title='bbox 1026 2500 1208 2524; x_wconf 86' lang='lat' dir='ltr'>summam</span> <span class='ocrx_word' id='word_1_351' title='bbox 1237 2488 1385 2525; x_wconf 87' lang='lat' dir='ltr'>Coenae</span> <span class='ocrx_word' id='word_1_352' title='bbox 1402 2486 1621 2526; x_wconf 89' lang='lat' dir='ltr'>Dominicae</span> 
     </span>
     <span class='ocr_line' id='line_1_38' title="bbox 89 2552 1620 2601; baseline 0.001 -12"><span class='ocrx_word' id='word_1_353' title='bbox 89 2553 312 2601; x_wconf 76' lang='lat' dir='ltr'>dignitatem</span> <span class='ocrx_word' id='word_1_354' title='bbox 348 2565 427 2589; x_wconf 85' lang='lat' dir='ltr'>esse</span> <span class='ocrx_word' id='word_1_355' title='bbox 463 2555 625 2588; x_wconf 89' lang='lat' dir='ltr'>constat:</span> <span class='ocrx_word' id='word_1_356' title='bbox 664 2556 872 2600; x_wconf 73' lang='lat' dir='ltr'>agnoscant</span> <span class='ocrx_word' id='word_1_357' title='bbox 906 2552 996 2590; x_wconf 86' lang='lat' dir='ltr'>item</span> <span class='ocrx_word' id='word_1_358' title='bbox 1030 2552 1258 2589; x_wconf 84' lang='lat' dir='ltr'>unanimiter</span> <span class='ocrx_word' id='word_1_359' title='bbox 1294 2565 1438 2596; x_wconf 82' lang='grc'>01111165,</span> <span class='ocrx_word' id='word_1_360' title='bbox 1475 2565 1544 2590; x_wconf 91' lang='grc'>1105</span> <span class='ocrx_word' id='word_1_361' title='bbox 1580 2553 1620 2590; x_wconf 88' lang='grc'>111</span> 
     </span>
     <span class='ocr_line' id='line_1_39' title="bbox 89 2616 1620 2668; baseline 0.001 -14"><span class='ocrx_word' id='word_1_362' title='bbox 89 2619 214 2654; x_wconf 84' lang='lat' dir='ltr'>Coena</span> <span class='ocrx_word' id='word_1_363' title='bbox 243 2629 329 2654; x_wconf 87' lang='lat' dir='ltr'>vero</span> <span class='ocrx_word' id='word_1_364' title='bbox 360 2616 506 2667; x_wconf 90' lang='lat' dir='ltr'>corpori</span> <span class='ocrx_word' id='word_1_365' title='bbox 535 2620 569 2653; x_wconf 86' lang='lat' dir='ltr'>et</span> <span class='ocrx_word' id='word_1_366' title='bbox 597 2616 772 2665; x_wconf 80' lang='lat' dir='ltr'>sanguini</span> <span class='ocrx_word' id='word_1_367' title='bbox 802 2616 942 2655; x_wconf 88' lang='lat' dir='ltr'>Christi</span> <span class='ocrx_word' id='word_1_368' title='bbox 968 2630 1051 2654; x_wconf 87' lang='lat' dir='ltr'>vere</span> <span class='ocrx_word' id='word_1_369' title='bbox 1079 2617 1190 2654; x_wconf 85' lang='lat' dir='ltr'>etiam</span> <span class='ocrx_word' id='word_1_370' title='bbox 1220 2617 1506 2663; x_wconf 80' lang='lat' dir='ltr'>communicare,</span> <span class='ocrx_word' id='word_1_371' title='bbox 1525 2631 1620 2668; x_wconf 82' lang='lat' dir='ltr'>quac</span> 
     </span>
     <span class='ocr_line' id='line_1_40' title="bbox 90 2682 1618 2733; baseline 0 -14"><span class='ocrx_word' id='word_1_372' title='bbox 90 2683 256 2719; x_wconf 90' lang='lat' dir='ltr'>omnium</span> <span class='ocrx_word' id='word_1_373' title='bbox 294 2695 436 2719; x_wconf 81' lang='lat' dir='ltr'>summa</span> <span class='ocrx_word' id='word_1_374' title='bbox 472 2685 527 2718; x_wconf 85' lang='lat' dir='ltr'>est</span> <span class='ocrx_word' id='word_1_375' title='bbox 565 2683 712 2718; x_wconf 82' lang='lat' dir='ltr'>Coenae</span> <span class='ocrx_word' id='word_1_376' title='bbox 749 2682 866 2719; x_wconf 88' lang='lat' dir='ltr'>virtus</span> <span class='ocrx_word' id='word_1_377' title='bbox 902 2686 1012 2733; x_wconf 82' lang='lat' dir='ltr'>atque</span> <span class='ocrx_word' id='word_1_378' title='bbox 1040 2683 1210 2726; x_wconf 87' lang='lat' dir='ltr'>efficacia,</span> <span class='ocrx_word' id='word_1_379' title='bbox 1237 2696 1357 2733; x_wconf 86' lang='lat' dir='ltr'>neque</span> <span class='ocrx_word' id='word_1_380' title='bbox 1385 2696 1496 2733; x_wconf 87' lang='lat' dir='ltr'>supra</span> <span class='ocrx_word' id='word_1_381' title='bbox 1524 2683 1618 2720; x_wconf 85' lang='lat' dir='ltr'>hanc</span> 
     </span>
     <span class='ocr_line' id='line_1_41' title="bbox 88 2746 1619 2797; baseline 0.001 -14"><span class='ocrx_word' id='word_1_382' title='bbox 88 2747 164 2784; x_wconf 88' lang='lat' dir='ltr'>ulla</span> <span class='ocrx_word' id='word_1_383' title='bbox 201 2747 319 2784; x_wconf 89' lang='lat' dir='ltr'>maior</span> <span class='ocrx_word' id='word_1_384' title='bbox 354 2747 426 2784; x_wconf 84' lang='lat' dir='ltr'>alia</span> <span class='ocrx_word' id='word_1_385' title='bbox 465 2746 642 2783; x_wconf 85' lang='lat' dir='ltr'>constitui</span> <span class='ocrx_word' id='word_1_386' title='bbox 678 2750 812 2797; x_wconf 82' lang='lat' dir='ltr'>potest.</span> <span class='ocrx_word' id='word_1_387' title='bbox 868 2747 1061 2785; x_wconf 86' lang='lat' dir='ltr'>Praeterea</span> <span class='ocrx_word' id='word_1_388' title='bbox 1088 2760 1217 2786; x_wconf 86' lang='lat' dir='ltr'>omnes</span> <span class='ocrx_word' id='word_1_389' title='bbox 1245 2747 1471 2786; x_wconf 80' lang='lat' dir='ltr'>unanimiter</span> <span class='ocrx_word' id='word_1_390' title='bbox 1500 2761 1619 2797; x_wconf 76' lang='lat' dir='ltr'>agno-</span> 
     </span>
     <span class='ocr_line' id='line_1_42' title="bbox 90 2811 1617 2864; baseline 0.001 -16"><span class='ocrx_word' id='word_1_391' title='bbox 90 2815 197 2849; x_wconf 87' lang='lat' dir='ltr'>scunt</span> <span class='ocrx_word' id='word_1_392' title='bbox 232 2812 355 2852; x_wconf 85' lang='lat' dir='ltr'>etiam.</span> <span class='ocrx_word' id='word_1_393' title='bbox 392 2811 532 2848; x_wconf 86' lang='lat' dir='ltr'>Christi</span> <span class='ocrx_word' id='word_1_394' title='bbox 569 2811 724 2848; x_wconf 86' lang='lat' dir='ltr'>Domini</span> <span class='ocrx_word' id='word_1_395' title='bbox 760 2812 800 2849; x_wconf 87' lang='lat' dir='ltr'>in</span> <span class='ocrx_word' id='word_1_396' title='bbox 838 2812 962 2850; x_wconf 78' lang='lat' dir='ltr'>Coena</span> <span class='ocrx_word' id='word_1_397' title='bbox 998 2826 1063 2850; x_wconf 78' lang='lat' dir='ltr'>sua</span> <span class='ocrx_word' id='word_1_398' title='bbox 1090 2813 1346 2864; x_wconf 86' lang='lat' dir='ltr'>praesentiam,</span> <span class='ocrx_word' id='word_1_399' title='bbox 1375 2816 1416 2850; x_wconf 90' lang='lat' dir='ltr'>ut</span> <span class='ocrx_word' id='word_1_400' title='bbox 1443 2813 1543 2850; x_wconf 88' lang='lat' dir='ltr'>velut</span> <span class='ocrx_word' id='word_1_401' title='bbox 1570 2813 1617 2850; x_wconf 88' lang='lat' dir='ltr'>ab</span> 
     </span>
    </p>
   </div>
   <div class='ocr_carea' id='block_1_3' title="bbox 85 2877 1620 2981">
    <p class='ocr_par' dir='ltr' id='par_1_4' title="bbox 85 2877 1620 2981">
     <span class='ocr_line' id='line_1_43' title="bbox 85 2877 1620 2928; baseline 0.003 -15"><span class='ocrx_word' id='word_1_402' title='bbox 85 2878 244 2927; x_wconf 84' lang='lat' dir='ltr'>ipsomet</span> <span class='ocrx_word' id='word_1_403' title='bbox 281 2881 446 2915; x_wconf 84' lang='lat' dir='ltr'>nostram</span> <span class='ocrx_word' id='word_1_404' title='bbox 484 2890 607 2914; x_wconf 86' lang='lat' dir='ltr'>secum</span> <span class='ocrx_word' id='word_1_405' title='bbox 644 2881 679 2915; x_wconf 83' lang='lat' dir='ltr'>ct</span> <span class='ocrx_word' id='word_1_406' title='bbox 717 2891 821 2915; x_wconf 86' lang='lat' dir='ltr'>suam</span> <span class='ocrx_word' id='word_1_407' title='bbox 860 2878 1058 2916; x_wconf 87' lang='lat' dir='ltr'>nobiseum</span> <span class='ocrx_word' id='word_1_408' title='bbox 1096 2879 1398 2918; x_wconf 85' lang='lat' dir='ltr'>communionem</span> <span class='ocrx_word' id='word_1_409' title='bbox 1426 2877 1620 2928; x_wconf 83' lang='lat' dir='ltr'>obsignari</span> 
     </span>
     <span class='ocr_line' id='line_1_44' title="bbox 1399 2942 1471 2981; baseline 0.014 -1"><span class='ocrx_word' id='word_1_410' title='bbox 1399 2942 1471 2981; x_wconf 75' lang='lat'>31*</span> 
     </span>
    </p>
   </div>
  </div>
 </body>
</html>
