1818 3178
731 130 807 159 PRA
814 128 972 159 EFA'rm,
1518 127 1625 158 xcnx

96 235 350 279 habendum.
411 234 574 287 Quodsi
623 236 661 277 in
696 235 774 278 hac
806 251 975 293 quoque
1007 250 1132 278 causa
1165 233 1213 277 ad
1247 233 1461 277 doctrinae
1493 234 1625 277 affini-

94 313 222 350 tatem
255 306 379 349 huius
413 304 668 348 Catechismi
701 321 796 349 cum
832 306 958 349 Lasci
991 306 1202 363 cogitandi
1234 306 1396 349 ratione
1427 321 1625 363 provoco,

92 378 302 421 immerito
331 376 434 419 mihi
467 376 734 429 obiiceretur‚
768 377 870 420 nihil
901 394 953 420 ex
985 378 1062 421 hoc
1092 385 1347 436 argumento
1369 377 1626 421 concluden-

95 450 195 494 dum
236 465 337 502 esse,
382 465 512 505 quum
550 465 616 492 res
648 450 734 506 ipsa
768 450 982 506 loquatur,
1017 450 1206 505 quemvis
1237 449 1424 493 libellum
1457 449 1628 492 aliunde

95 529 356 579 excerptum,
391 523 623 564 necessarie
655 523 878 564 concinere
909 537 1004 564 cum
1037 538 1086 564 eo
1118 522 1225 565 libro
1255 522 1368 566 unde
1385 522 1630 580 desumptus

100 596 163 638 sit.
223 594 422 651 Namque
466 594 668 651 perhibeo
708 601 880 636 eatenus
921 593 1025 636 duos
1057 594 1179 637 hosce
1212 595 1500 638 Catechismos
1531 611 1630 638 con-

95 667 248 714 venire,
280 672 327 708 ut
359 665 498 722 palam
530 668 592 715 sit,
624 665 675 708 ab
705 665 839 708 altero
869 665 1050 708 alterum
1082 665 1314 709 indubitate
1345 666 1544 723 pendere,
1577 665 1629 710 ab

95 735 228 779 altera
273 751 373 778 vero
413 742 532 792 parte
577 751 672 778 eum
707 736 748 778 in
781 735 950 778 modum
985 734 1036 777 ab
1065 735 1198 778 altero
1229 736 1409 778 alterum
1442 736 1629 789 differre,

95 814 144 850 ut
182 823 309 850 nemo
354 808 432 850 nisi
476 809 562 865 ipse
605 808 756 864 prioris
805 806 1059 850 Catechismi
1091 814 1239 850 auctor
1270 809 1501 864 epitomate
1532 824 1630 851 eum

97 881 294 937 potuerit.
358 880 460 922 Meo
497 880 630 937 igitur
670 880 762 921 iure
802 879 987 922 auctoris
1034 879 1235 922 indicium
1283 881 1323 922 in
1371 896 1420 923 eo
1462 896 1629 936 quoque

99 952 230 995 latere
272 952 484 1010 perhibeo,
529 950 641 1006 quod
687 951 728 992 in
761 950 942 1007 singulis
974 950 1098 993 huius
1131 950 1386 995 Catechismi
1414 952 1516 995 locis
1546 952 1635 994 ubi-

100 1040 182 1080 que
227 1024 353 1067 Lasci
395 1024 600 1066 sententia
642 1030 683 1065 et
728 1022 939 1080 cogitandi
987 1024 1091 1066 ratio
1131 1023 1483 1080 deprehendatur.
1547 1023 1635 1068 Ob-

101 1102 272 1140 servata
304 1110 431 1153 porro
462 1095 541 1138 hoc
572 1110 740 1152 quoque
771 1095 882 1138 haud
913 1095 1135 1153 indignum
1161 1096 1344 1149 videtur,
1378 1104 1463 1140 tam
1495 1104 1630 1150 caute,

98 1177 183 1213 tam
227 1170 544 1226 circumspecte,
593 1174 678 1210 tam
712 1167 946 1224 prudenter
977 1167 1090 1210 hunc
1123 1166 1442 1211 Catechismum
1472 1168 1630 1225 ubique

100 1241 200 1299 quid
232 1248 398 1284 censeat
427 1240 581 1296 eloqui,
613 1245 663 1282 ut
692 1238 979 1282 Emdanorum
1014 1239 1152 1297 gloria
1184 1240 1324 1293 fuerit,
1356 1255 1482 1283 suum
1514 1239 1636 1284 Cate-

101 1315 305 1357 chismum
349 1320 434 1356 tam
480 1313 554 1355 diu
590 1312 842 1355 inoffensum
888 1313 1181 1368 intactumque
1212 1313 1412 1356 mansisse
1446 1312 1494 1371 ¹),
1530 1313 1641 1369 quod

103 1386 353 1444 peregregie
385 1400 555 1442 quoque
585 1385 624 1427 in
659 1385 848 1428 Lascum
882 1401 931 1427 eo
962 1387 1209 1442 praesertim
1231 1392 1420 1441 tempore
1441 1384 1634 1440 quadrat,

106 1473 239 1515 quum
270 1464 384 1501 totus
414 1474 548 1516 paene
579 1465 672 1501 erat
703 1461 743 1501 in
775 1458 980 1501 eiusmodi
1009 1458 1224 1502 doctrinae
1257 1457 1450 1500 formulis
1482 1456 1642 1500 cuden-

104 1530 177 1582 dis,
225 1546 334 1588 quae
382 1537 577 1573 neutram
613 1537 775 1588 partem
809 1530 1084 1573 offenderent.
1147 1530 1209 1574 Ut
1239 1536 1381 1573 tamen
1413 1529 1465 1573 ad
1496 1531 1644 1572 vivum

103 1618 194 1646 rem
244 1618 495 1652 resecemuS‚
547 1603 649 1647 data
695 1619 824 1661 opera
856 1602 1069 1646 ostendam
1095 1604 1284 1658 primum,
1315 1603 1502 1646 Lascum
1536 1603 1646 1645 inter

105 1682 299 1720 auctores
340 1676 464 1718 huius
507 1675 761 1719 Catechismi
805 1675 946 1728 fuisse,
979 1677 1122 1719 deinde
1150 1676 1377 1733 primarias
1406 1690 1502 1717 eum
1535 1675 1645 1718 inter

105 1764 176 1791 eos
206 1748 340 1805 egisse
371 1754 523 1804 partes.

159 1834 196 1863 a.
230 1821 345 1863 Inter
375 1825 558 1863 auctores
581 1820 697 1876 fuit.
755 1819 966 1862 Auctores
996 1818 1086 1875 ipse
1119 1818 1412 1862 Catechismus
1442 1818 1483 1860 in
1519 1817 1645 1861 titulo

109 1892 329 1949 agnoscit:
381 1914 401 1940 n
423 1892 558 1934 Verbi
600 1892 745 1934 Divini
792 1892 1004 1935 ministros
1053 1890 1268 1934 Emdanae
1316 1890 1577 1934 Ecclesiae.''
1611 1892 1643 1948 ⁸)

105 1964 221 2021 Ergo
251 1963 387 2006 omnis
419 1964 607 2020 quaestio
636 1970 784 2006 utrum
807 1963 969 2006 Lascus
991 1964 1103 2006 inter
1124 1970 1321 2006 auctores
1343 1964 1471 2006 fuerit
1491 1978 1570 2006 nec
1592 1979 1646 2006 ne

109 2051 161 2078 ex
206 2050 256 2078 eo
298 2035 462 2092 pendet,
511 2051 562 2077 an
605 2051 655 2077 eo
697 2042 887 2091 tempore
935 2035 1059 2077 huius
1091 2035 1303 2078 Ecclesiae
1335 2036 1464 2078 fuerit
1493 2042 1646 2092 pastor.

110 2107 208 2149 Hoc
240 2114 378 2150 autem
413 2106 569 2164 absque
600 2108 714 2149 omni
745 2107 872 2149 dubio
905 2113 1078 2150 constat.
1115 2107 1174 2150 Ut
1206 2108 1285 2149 hoc
1316 2108 1426 2149 enim
1460 2108 1646 2164 primum

110 2193 351 2222 sumamus:
395 2194 520 2221 nemo
563 2179 604 2220 in
644 2178 733 2221 eius
772 2178 914 2221 locum
964 2179 1176 2230 successit,
1224 2194 1356 2236 quum
1388 2194 1425 2221 a.
1462 2178 1571 2222 1549
1603 2179 1646 2221 in

115 2249 323 2308 Angliam
355 2251 570 2308 profectus
601 2257 676 2295 est.
721 2250 918 2307 Namque
951 2250 1171 2294 Arnoldus
1204 2250 1426 2300 Veltman,
1459 2250 1532 2306 qui
1563 2251 1648 2307 pri-

114 2338 208 2365 mus
240 2329 336 2379 post
367 2324 457 2365 eius
488 2323 646 2366 abitum
680 2329 821 2380 pastor
853 2323 976 2366 huius
1009 2322 1220 2366 Ecclesiae
1251 2329 1424 2366 vocatus
1445 2329 1521 2374 est,
1545 2323 1649 2366 Bra-

114 2395 201 2448 mii,
233 2411 316 2438 non
349 2395 487 2449 Lasci,
519 2395 660 2438 locum
693 2397 931 2453 occupavit,
955 2395 1142 2453 adeoque
1164 2396 1330 2438 nonnisi
1353 2405 1388 2438 a.
1417 2396 1528 2438 1554
1551 2396 1647 2438 Em·

115 2467 273 2511 danum
323 2468 600 2520 ministerium
649 2469 820 2511 sortitus
852 2477 911 2511 est
944 2469 993 2525 ²⁵).
1055 2468 1239 2526 Insignis
1271 2469 1471 2511 momenti
1500 2483 1648 2511 revera

160 2593 185 2633 ¹)
209 2592 258 2624 Cf.
281 2592 321 2624 U.
351 2593 500 2629 Eirmos,
524 2591 610 2623 Just.
635 2602 696 2623 rer.
709 2591 792 2633 fris.
816 2601 846 2633 p.
869 2591 930 2622 948
954 2594 985 2622 et-
1012 2589 1163 2623 Grr'a'ndtl.
1185 2601 1216 2622 u.
1238 2590 1397 2631 warleqfft.
1422 2589 1496 2620 Ber.
1521 2599 1552 2631 p.
1576 2588 1648 2621 172.

159 2650 186 2689 ²)
209 2649 314 2680 Imscr
339 2649 450 2690 Opera,
473 2648 545 2679 Vol.
568 2648 612 2679 II.
636 2659 667 2689 p.
691 2647 762 2679 495.

159 2704 186 2744 ³)
210 2704 468 2741 Rmnsnmms,
505 2703 606 2744 Osffr.
641 2703 792 2743 Predz'yer
822 2702 1002 2734 Denkmalcl
1029 2702 1085 2734 der
1116 2703 1190 2744 qu.
1215 2702 1374 2743 Prediqer.
1399 2700 1532 2733 Aurich.
1557 2700 1648 2734 1774.

117 2768 148 2800 p.
172 2757 190 2790 7
215 2760 246 2789 et
268 2758 294 2790 Ῐ.
318 2758 344 2790 Ι.
369 2758 644 2796 ΗΑΒΟΚΕΝΒΟΤΗ,
670 2757 806 2788 Emdens
828 2758 1034 2799 Herderstafi
1056 2757 1180 2789 Emden
1205 2756 1297 2790 1716.
1320 2768 1351 2798 p.
1375 2755 1403 2790 7.
1448 2755 1542 2798 Quod
1566 2756 1650 2788 enim

117 2811 343 2844 Harckenroth
366 2813 544 2843 [olrannum
569 2823 624 2843 von
647 2812 786 2843 Hatzum
808 2811 913 2843 medio
936 2812 1044 2853 posuit
1064 2812 1134 2843 loco
1157 2811 1241 2843 inter
1264 2810 1429 2842 Brassium
1446 2812 1477 2841 et
1501 2810 1651 2841 Veltman-

116 2877 199 2906 mam,
222 2879 331 2900 errore
354 2868 440 2906 fecit,
466 2870 501 2900 ut
523 2868 702 2899 luculenter
724 2867 866 2899 ostendit
887 2868 1121 2906 Reershemius,
1145 2868 1198 2909 qui
1223 2878 1306 2898 anno
1330 2866 1456 2897 domum
1481 2866 1561 2897 1565
1578 2876 1650 2900 eum

119 2921 254 2954 Pandam
280 2925 427 2955 vocatum
452 2934 519 2955 esso
543 2923 666 2955 asserit.
692 2923 740 2953 Of.
766 2924 1021 2962 Rmnsuxffltus,
1045 2934 1075 2957 o.
1099 2923 1119 2957 l.
1143 2934 1172 2968 p.
1191 2923 1220 2957 8.
