1818 3178
173 169 338 198 XXXVIII
814 162 1057 192 PRAEFATIO.

377 287 425 329 B.
485 283 608 336 QUAE
642 295 695 323 AB
727 294 835 323 Ams
864 293 1115 323 coNscmPTA
1145 294 1289 323 mmm*
1319 293 1479 323 LAscus.

212 416 250 457 5.
286 415 546 454 ssunmossm
586 415 783 451 tractatus
825 408 873 450 de
908 407 1050 451 Coena

342 482 523 524 Domini,
554 479 690 522 Lond.
726 481 851 522 1551.

213 557 251 598 6.
283 554 514 597 Consensus
554 552 784 608 Tigurinus
823 552 864 593 in
908 566 951 592 re
992 565 1052 591 sa-

340 624 625 667 cramentaria.
658 623 794 665 Lond.
829 624 950 665 1552.

1107 478 1234 534 prim.
1266 478 1377 520 citat.
1410 493 1433 520 a
1467 477 1686 520 Lavatero.

765 778 813 822 C.
872 777 967 820 GEN
975 790 1090 820 UINA.

293 882 329 908 a.
360 866 536 908 Ined‘ita.

207 1025 243 1064 7.
278 1020 462 1077 Epistoia
489 1019 539 1061 ad
571 1020 747 1061 amicum
782 1018 988 1074 quendam
1021 1018 1069 1060 de
1103 1034 1192 1060 ver-

335 1090 394 1132 bis
425 1089 589 1132 Coenae
621 1090 799 1133 Domini.
837 1090 960 1131 1544.

203 1165 241 1204 8.
274 1162 465 1218 Epitome
487 1161 696 1203 doetrinae
721 1161 830 1202 Ecol.
853 1161 1014 1202 Frisiae
1037 1159 1187 1202 Orien-

335 1233 439 1275 talis.
474 1233 582 1274 1544

203 1306 241 1348 9.
274 1304 458 1360 Epistola
479 1303 529 1345 ad
550 1303 794 1344 Bremenses
815 1302 1036 1344 ministros
1059 1301 1182 1345 1549.

177 1378 240 1417 10.
274 1374 507 1430 Disputatio
539 1388 630 1415 cum
664 1374 841 1414 Bueero.
877 1373 1003 1415 1553.

176 1449 240 1488 11.
272 1446 504 1502 Disputatio
535 1460 630 1486 eum
662 1445 801 1487 Gellio
822 1444 976 1488 Fabro.
1013 1445 1135 1486 1554.

175 1520 240 1561 12.
273 1516 401 1574 Sylva
432 1518 586 1559 itineris
618 1517 776 1557 Danici,
813 1517 935 1558 1554.

1320 643 1342 669 n
1405 635 1428 663 a
1459 620 1677 664 Gerdesio.

1216 1104 1420 1145 nusquam
1457 1090 1594 1135 citata.

1217 1231 1366 1287 passim
1391 1230 1633 1274 desiderata.

1218 1302 1337 1357 prim.
1355 1302 1423 1344 cit.
1434 1301 1484 1343 ab
1497 1302 1677 1347 Adamo.

1215 1387 1423 1428 nusquam
1455 1374 1591 1416 citata.

1314 1467 1335 1493 tt
1510 1469 1532 1494 rt

1217 1531 1422 1571 nusquam
1457 1517 1592 1560 citata.

173 1590 237 1631 13.
271 1587 482 1644 Scriptum
519 1589 558 1629 in
589 1603 707 1629 usum
736 1588 846 1644 regis
875 1587 1025 1629 Polou.
1061 1589 1184 1630 1557.
1216 1603 1421 1644 nusquam
1460 1588 1647 1632 citatum.

173 1661 239 1703 14.
274 1659 385 1701 Acta
407 1674 502 1701 eum
523 1659 735 1715 Episcopis
756 1659 965 1701 Polonicis
988 1667 1027 1700 et
1049 1658 1251 1714 quaedam
1276 1659 1447 1701 minoris
1464 1661 1675 1703 momenti.

173 1731 237 1772 15.
271 1730 478 1787 Epistolae
508 1730 558 1772 ad
588 1731 781 1772 diversos.

283 1887 320 1930 b.
354 1890 491 1932 Edita.

174 2047 238 2087 16.
268 2045 316 2086 de
348 2045 529 2099 fugiend.
559 2061 650 2101 pap.
684 2045 811 2087 illicit.
845 2048 983 2089 sacris.

332 2117 453 2158 1546.
488 2116 594 2171 belg.
625 2116 687 2159 ed.
725 2118 848 2160 1557.
1023 2120 1145 2175 prim.
1179 2121 1245 2162 cit.
1279 2121 1329 2164 ab
1360 2121 1566 2166 Schoock.

171 2189 234 2228 17.
267 2187 315 2228 de
361 2186 513 2229 Christi
564 2188 845 2230 incarnatione
895 2188 987 2232 adv.

327 2257 580 2299 Memnonem
614 2258 675 2300 ed.
709 2259 834 2301 1545.

170 2330 234 2369 18.
267 2327 512 2377 Moderatio,
525 2344 553 2370 s.
569 2328 643 2384 Ep.
657 2331 869 2373 continens
881 2318 990 2373 sum·

324 2414 432 2440 mam
452 2399 648 2441 Controv.
664 2399 840 2444 Coenae.
856 2403 979 2445 1545.

323 2470 385 2513 ed.
418 2471 540 2513 1551.

165 2543 228 2583 19.
262 2540 473 2583 Confessio
491 2541 603 2582 Eccl.
624 2557 788 2598 peregr.
806 2543 987 2588 Londin.

323 2612 383 2653 ed.
410 2612 515 2653 1551
555 2613 695 2669 (latine
728 2621 766 2655 et
796 2614 984 2671 belgice),

162 2685 226 2726 20.
261 2683 543 2726 catechismus
585 2684 795 2727 Emdanus
837 2687 979 2729 maior.

326 2756 447 2803 1546,
501 2763 640 2810 postea
692 2756 980 2808 Londinensis,

320 2826 382 2868 ed.
416 2827 539 2869 1551.

163 2898 229 2940 21.
261 2898 308 2939 de
340 2895 631 2940 Saeramentis.
663 2897 724 2940 ed.
759 2899 880 2941 1552.

1075 2286 1096 2311 ll

1082 2497 1103 2522 ΙΙ

1077 2641 1098 2666 ΙΙ

1069 2856 1091 2881 ΙΙ

1069 2925 1090 2950 ΙΙ

1191 2287 1212 2312 rs
1277 2287 1298 2313 n
1363 2265 1500 2308 Adam
1507 2281 1543 2308 o.

1195 2499 1217 2524 η
1252 2477 1420 2519 Adamo
1436 2485 1477 2520 et.
1490 2478 1669 2535 Hospin.

1191 2642 1213 2666 u
1277 2644 1299 2668 n
1360 2620 1400 2662 le
1430 2620 1573 2678 Long.

1183 2856 1204 2881 η
1270 2857 1291 2882 η
1354 2836 1564 2880 Bertram.

1185 2927 1207 2952 11
1272 2927 1293 2954 η
1357 2905 1536 2951 Adamo.
