1818 3178
211 75 284 110 510
866 87 926 116 ΕΡ.
955 88 1098 117 Docrn.

211 184 437 223 cumcisione
481 185 676 236 petebatur
709 187 929 236 mysterium
967 193 1128 226 resectae
1163 203 1280 229 noxae
1315 206 1335 230 a
1372 192 1484 230 nobis
1520 197 1733 232 nostrorum

208 256 446 300 peccatorum
474 263 516 287 ex
545 251 793 301 promissione
821 251 902 297 Dei,
929 253 993 304 qui
1021 267 1060 291 se
1087 253 1208 292 Deum
1235 263 1404 295 nostrum
1430 259 1510 295 fore
1528 258 1737 309 pollicetur,

209 327 292 351 cum
329 314 445 352 simus
481 320 707 365 peccatores,
742 322 854 367 atque
894 316 965 354 hoc
1001 317 1123 368 ipsum
1160 319 1200 356 in
1235 320 1345 358 nobis
1383 322 1471 359 dum
1500 322 1733 360 circumcisio

207 377 366 415 durabat
413 378 706 427 obsignabatur:
734 376 930 430 petebatur
966 381 1057 419 item
1097 389 1131 419 et
1167 396 1187 420 e
1223 384 1386 433 symboli
1422 386 1614 435 allegoria.
1647 387 1735 424 dum

205 441 390 492 praeputii
427 442 713 482 circumcisione
749 445 872 483 cordis
910 446 1144 484 circumcisio
1173 447 1479 495 adumbrabatur,
1515 464 1656 501 nosque
1684 451 1733 488 si-

205 506 283 543 mul
320 506 614 544 admonebamur
653 513 691 546 ut
725 509 791 559 qui
829 522 939 547 carne
977 510 1350 558 circumcidebamur,
1388 514 1498 551 corde
1525 527 1593 551 nos
1622 515 1733 552 etiam

206 569 445 608 circumcisos
473 584 554 608 esse
581 572 869 611 declararemus.
907 573 970 611 Sic
998 579 1033 612 et
1060 575 1100 612 in
1130 575 1319 626 baptismo
1347 577 1487 627 petitur
1515 579 1731 626 mysterium

202 649 248 673 ex
285 637 545 687 promissione,
582 651 654 688 qua
691 639 791 676 salus
828 639 1060 689 promittitur
1097 640 1272 678 omnibus
1307 642 1372 691 qui
1420 642 1732 692 amplecterentur

204 700 454 750 Euangelium
482 705 518 739 et
547 701 787 752 baptismum.
819 703 896 740 Sub
924 709 1082 741 mortem
1112 705 1286 742 conclusa
1314 709 1392 742 erat
1418 705 1522 755 prior
1549 707 1670 743 nostri
1689 720 1733 744 ex

205 765 289 802 Ada
325 766 518 815 generatio
557 780 676 817 neque
711 767 922 818 quisquam,
960 768 1047 806 dum
1074 769 1114 806 in
1141 782 1183 806 ea
1209 769 1450 819 generatione
1479 770 1660 814 haereret,
1687 771 1733 808 ad

206 829 323 866 vitam
350 829 575 880 pertinebat.
616 832 712 868 Dum
740 831 859 880 igitur
888 832 960 869 vita
991 832 1189 883 baptizatis
1217 833 1450 884 promittitur
1479 834 1732 872 testimonium

204 898 259 931 est
297 893 519 944 baptismus,
554 908 623 932 nos
652 909 671 932 a
700 896 822 946 priore
850 896 913 933 illa
942 897 981 934 in
1009 902 1167 935 mortem
1195 898 1436 947 generatione
1464 904 1668 949 exemptos.
1694 899 1734 936 in

203 959 318 996 vitam
356 973 485 997 rursus
521 961 687 1009 gratuita
724 961 793 999 Dei
821 961 1080 1000 misericordia
1107 964 1296 1012 regenitos
1325 977 1417 1008 esse,
1444 963 1546 1001 iuxta
1574 964 1734 1014 promis-

202 1024 359 1070 sionem,
392 1025 499 1062 Adae
525 1025 687 1075 primum
715 1038 780 1063 ore
808 1025 878 1063 Dei
907 1026 1068 1065 viventis
1096 1027 1341 1078 propositam,
1369 1027 1503 1065 deinde
1534 1041 1618 1065 vero
1646 1028 1732 1065 nni-

200 1102 307 1126 verso
342 1089 425 1126 orbi
462 1103 526 1140 per
563 1090 815 1139 Euangelium
844 1092 1057 1138 revelatam,
1088 1093 1131 1130 de
1162 1105 1235 1143 quo
1263 1105 1349 1130 mox
1378 1093 1498 1143 plura.
1553 1093 1735 1130 Petuntur

198 1153 287 1191 item
324 1154 398 1192 alia
426 1168 575 1206 quoque
603 1156 780 1205 mysteria
808 1170 852 1194 ex
881 1157 1138 1206 symbolorum
1167 1157 1370 1206 allegoriis,
1407 1163 1446 1195 ut
1476 1171 1518 1195 ex
1548 1159 1734 1196 mersione

200 1219 438 1256 mortificatio
470 1220 605 1263 carnis,
635 1221 768 1258 veteris
798 1221 959 1259 hominis
989 1222 1186 1272 depositio,
1214 1222 1334 1260 nostri
1361 1222 1563 1271 abnegatio
1593 1227 1731 1260 etcum

200 1283 347 1321 Christo
386 1284 631 1334 consepustio,
667 1298 709 1322 ex
747 1286 951 1323 emersione
979 1299 1109 1323 rursus
1138 1286 1177 1323 in
1206 1285 1302 1323 vitae
1331 1287 1537 1324 novitatem
1564 1287 1731 1324 exsusci-

197 1348 301 1393 tatio,
330 1361 440 1398 qnam
471 1349 606 1386 Paulus
634 1353 853 1400 συνέγερσιν
885 1363 967 1387 cum
998 1349 1147 1388 Christo
1179 1355 1298 1389 vocat.
1353 1350 1439 1387 Hoc
1468 1351 1729 1400 mysteriorum

198 1412 401 1450 discrimen
441 1413 633 1451 observari
668 1420 814 1464 oportet
851 1415 889 1452 iu
927 1415 1073 1453 ratione
1110 1420 1441 1461 sacramentorum,
1478 1421 1518 1453 ut
1557 1416 1731 1462 sciamus,

196 1490 290 1527 quae
337 1489 384 1515 ex
422 1478 559 1516 divinis
597 1480 913 1530 promissionibus
951 1485 985 1517 et
1023 1493 1117 1531 quae
1154 1493 1199 1517 ex
1237 1480 1493 1530 symbolorum
1541 1480 1729 1530 allegoriis

197 1546 383 1592 petantur,
413 1547 523 1593 atque
551 1543 637 1580 inde
666 1546 751 1592 (42)
783 1557 908 1581 verum
930 1557 1079 1595 quoquc
1099 1557 1141 1581 ac
1160 1543 1367 1592 legitimum
1390 1544 1559 1581 ordinem
1577 1544 1726 1582 illorum

197 1606 437 1656 reperiamus,
474 1620 584 1657 quem
621 1607 791 1658 equidem
830 1608 1047 1653 adversarii,
1085 1608 1209 1645 nescio
1239 1608 1537 1659 imprudentiam
1565 1622 1611 1645 an
1641 1622 1728 1646 vcro

197 1676 296 1707 certo
326 1670 588 1722 destinatoque
617 1673 789 1719 concilio,
820 1678 918 1710 certe
946 1679 1074 1711 contra
1103 1673 1222 1724 ipsam
1250 1673 1449 1722 Euangelii
1477 1677 1648 1710 naturam
1668 1673 1728 1710 in-

198 1739 399 1773 verterunt.
453 1737 512 1774 Ita
551 1737 648 1775 enim
686 1739 921 1788 paraenetica
951 1738 1040 1775 haec
1077 1751 1209 1787 urgere
1246 1737 1418 1775 videntur
1448 1745 1486 1775 ut
1514 1738 1637 1789 priora
1666 1738 1729 1774 illa

196 1812 331 1849 magna
369 1813 456 1838 sane
492 1815 536 1839 ex
573 1808 677 1852 parte
713 1802 915 1839 obscurent
942 1807 1052 1852 atquc
1080 1802 1171 1839 adeo
1200 1801 1410 1839 adulterent
1439 1801 1548 1839 etiam
1578 1801 1727 1839 illorum

197 1865 523 1914 significationem,
551 1867 689 1917 quibus
718 1872 841 1904 tamen
873 1867 1021 1904 violatis
1058 1867 1184 1904 omnia
1213 1867 1303 1904 haec
1331 1879 1549 1903 evanescere
1577 1879 1729 1916 prorsus

193 1932 395 1980 oportebit.
454 1932 605 1970 Etenim
641 1932 731 1983 quid
768 1931 922 1982 prodest
959 1932 1207 1969 mortificasse
1244 1944 1392 1968 earnem
1422 1935 1589 1968 nostram
1617 1935 1728 1981 atque

196 1999 288 2035 adeo
318 1999 506 2049 sepeliisse
541 1997 668 2043 etiam,
696 1997 786 2047 quid
818 1997 930 2034 vitam
961 1996 1171 2047 quamlibet
1208 2009 1344 2034 novam
1371 1995 1594 2038 instituisse,
1622 1995 1727 2032 deni-

196 2077 269 2113 que
305 2063 395 2113 quid
430 2068 465 2100 et
502 2062 624 2111 egisse
659 2069 694 2100 et
722 2062 920 2112 pertulisse
948 2062 1088 2106 omnia,
1115 2062 1190 2099 nisi
1219 2061 1371 2098 Christo
1402 2061 1505 2111 prius
1534 2059 1638 2098 insiti
1665 2072 1728 2110 per

195 2127 489 2164 misericordiam
534 2126 654 2164 Patris
681 2126 751 2163 Dei
780 2140 797 2162 e
826 2126 913 2163 filiis
942 2126 1019 2163 irae
1045 2139 1088 2163 ac
1117 2126 1248 2163 mortis
1277 2125 1314 2162 in
1346 2125 1444 2162 filios
1474 2124 1543 2162 Dei
1572 2125 1727 2174 adopte-

196 2205 291 2235 mur,
326 2199 438 2242 atque
473 2191 518 2228 ad
559 2191 750 2228 Christum
788 2191 993 2228 Dominum
1031 2191 1131 2228 velut
1168 2190 1333 2227 membra
1371 2189 1416 2227 ad
1458 2194 1566 2240 caput
1609 2189 1726 2239 ipsius

198 2257 376 2295 beneficio
405 2257 683 2308 pertineamus?
718 2258 816 2294 Sane
845 2256 955 2294 etiam
984 2256 1022 2293 in
1053 2256 1203 2293 Christo
1235 2269 1380 2292 carnem
1413 2259 1577 2292 nostram
1610 2267 1727 2304 neque

196 2323 421 2360 mortificare
457 2336 576 2372 neque
613 2322 767 2372 sepelire
802 2321 856 2359 ita
893 2334 1102 2372 possumus,
1134 2321 1253 2358 multo
1282 2320 1406 2357 minus
1436 2324 1558 2357 autem
1587 2332 1724 2356 norum

195 2387 370 2424 inducere
408 2386 609 2430 hominem,
648 2392 686 2423 ut
713 2399 790 2423 non
819 2399 960 2436 semper
989 2386 1243 2422 membrorum
1272 2386 1390 2433 legem
1418 2384 1456 2422 in
1486 2384 1608 2428 nobis,
1636 2383 1724 2420 dum

198 2451 258 2488 hic
305 2450 474 2495 vivimus,
511 2451 630 2487 multo
668 2464 779 2500 quam
818 2450 973 2487 velimus
1012 2449 1230 2487 validiorem
1266 2450 1324 2486 vel
1362 2448 1472 2486 inviti
1509 2448 1725 2493 sentiamus,

196 2515 332 2552 nedum
360 2519 401 2552 ut
429 2519 532 2552 extra
562 2511 988 2565 Christum‘quidquam
1017 2514 1152 2551 horum
1181 2513 1291 2550 nobis
1320 2526 1494 2562 arrogare
1515 2513 1589 2549 ullo
1611 2511 1721 2548 modo

196 2580 396 2618 valeamus,
424 2580 473 2617 Et
500 2580 531 2617 si
557 2580 594 2617 id
625 2592 814 2624 conemur,
843 2579 1051 2630 hypocrisis
1079 2584 1189 2616 erunt
1219 2579 1306 2616 haee
1327 2578 1462 2621 omnia,
1483 2577 1722 2628 quantumvis

196 2644 404 2694 speciosum
441 2644 589 2694 pietatis
618 2645 742 2682 fucum
771 2657 859 2694 prae
887 2657 924 2681 se
954 2645 1088 2690 ferant,
1116 2643 1180 2681 sed
1209 2647 1296 2681 sunt
1325 2643 1501 2680 salutaria
1531 2640 1638 2678 nobis
1659 2654 1723 2691 per

197 2708 403 2752 Christum,
430 2707 492 2757 qui
521 2713 687 2745 nostram
717 2708 974 2745 infirmitatem
1004 2721 1068 2745 sua
1099 2708 1265 2756 contegit
1294 2706 1723 2755 sufficientia,quatcnns

195 2773 378 2811 destinata
415 2772 537 2809 Patris
574 2772 642 2809 Dei
670 2773 864 2810 voluntate
892 2772 1051 2822 regeniti
1078 2772 1126 2809 ad
1153 2771 1260 2809 illum
1289 2771 1404 2822 prius.
1430 2770 1533 2807 iuxta
1560 2769 1660 2806 Petri
1688 2774 1723 2807 et

195 2838 327 2876 Iacobi
364 2837 590 2883 testimonia,
616 2837 857 2888 pertinemus.
915 2838 1008 2875 Cum
1035 2837 1150 2886 igitur
1181 2837 1329 2874 Christo
1358 2848 1427 2872 nos
1454 2834 1558 2885 prius
1587 2833 1722 2872 insitos
