1818 3178
232 143 304 177 442
721 149 937 176 unspoNsm
968 151 1055 177 Anv.
1089 152 1255 180 HosmM.

232 254 475 302 reportemus.
530 250 703 288 Diximus
739 254 863 288 autem
900 252 1012 302 paulo
1042 252 1224 302 superius,
1250 252 1411 293 Hosium
1440 254 1562 306 ipsum
1591 268 1665 293 non
1693 255 1754 293 in·

231 316 409 364 telligere,
445 315 484 352 in
522 328 596 365 quo
633 315 871 365 potissimum
900 316 1052 353 cardine
1080 320 1208 354 nostra
1237 331 1320 355 cum
1348 318 1575 357 Lutheranis
1604 324 1755 357 contro-

231 378 349 415 versia
387 382 564 423 versetur,
605 378 719 428 quare
746 378 784 415 id
811 378 923 415 nobis
951 379 1213 429 exponendum
1240 380 1424 431 imprimis
1452 382 1534 427 erit,
1562 394 1638 419 non
1665 395 1754 420 sane

229 445 378 492 propter
408 441 583 485 Hosium,
611 441 676 491 qui
704 442 783 478 vult
810 441 929 479 videri
957 442 1052 480 scire
1079 443 1217 488 omnia,
1245 444 1309 481 sed
1337 449 1489 495 propter
1515 445 1754 489 infirmiores,

230 518 274 542 ne
304 505 521 542 Hosianicis
549 505 751 560 tendiculis
779 505 1010 544 irretiantur.

281 569 399 618 Origo
437 582 480 606 ac
517 570 603 606 fons
640 569 757 606 totius
794 574 945 607 nostrae
973 582 1056 607 cum
1086 569 1311 607 Lutheranis
1341 572 1752 620 contro-(139)versiae

230 633 350 682 coepit
378 633 424 669 ab
453 632 544 682 ipsis
573 633 719 670 Coenae
747 632 964 677 Elementis,
990 633 1090 670 Pane
1117 638 1153 670 et
1180 633 1280 670 Vino
1305 634 1473 685 inquam,
1501 648 1595 685 quae
1616 640 1754 679 tamen,

230 697 302 734 nisi
330 697 367 734 in
395 697 569 734 instituta
605 710 626 733 a
662 696 812 734 Christo
842 696 1006 734 Domino
1033 697 1192 746 mystica
1220 698 1366 735 Coenae
1392 698 1540 736 actione
1565 699 1645 750 ipsa
1673 713 1754 737 ver-

231 765 370 803 sentur,
407 761 552 798 etiamsi
588 760 722 798 millies
761 766 1038 806 consecrentur,
1073 765 1113 798 ut
1148 765 1298 807 vocant,
1324 762 1363 799 in
1393 762 1495 799 nulla
1525 763 1755 800 Sacramenti

228 831 332 874 parte
364 823 506 861 censeri
533 823 611 860 ullo
639 823 752 860 modo
779 827 951 874 possunt.
982 823 1144 873 Mystiea
1172 823 1271 861 enim
1298 824 1364 861 illa
1384 838 1403 861 a
1425 824 1574 862 Christo
1592 824 1755 862 Domino

228 887 400 924 instituta
440 887 585 924 Coenae
621 887 719 924 actio
758 887 861 933 facit,
897 891 938 924 ut
974 886 1038 937 qui
1073 891 1159 925 ante
1187 887 1350 925 cibarius
1378 888 1544 939 corporis
1574 888 1756 927 duntaxat

228 952 335 1001 panis
372 956 461 996 erat,
498 951 538 988 in
575 951 655 1001 ipsa
691 951 838 991 Coenae
873 951 1020 988 actione
1054 952 1096 989 fit
1131 951 1206 988 iam
1235 952 1456 1002 Symbolum
1483 952 1563 990 veri
1590 953 1759 1003 corporis

229 1016 382 1059 Christi,
408 1021 443 1053 ct
471 1015 621 1066 quidem
650 1015 833 1053 eiusmodi
861 1015 1095 1065 Symbolum,
1121 1021 1161 1054 ut
1190 1017 1277 1054 dum
1304 1017 1393 1068 pani
1420 1017 1476 1055 illi
1494 1017 1600 1056 iuxta
1616 1018 1757 1056 Christi

227 1080 506 1117 institutionem
541 1080 821 1130 participamus,
856 1080 967 1117 simul
1004 1093 1150 1131 quoque
1197 1094 1283 1118 vero
1318 1081 1569 1132 proculdubio
1611 1082 1759 1132 corpori

231 1144 371 1181 christi
405 1157 470 1194 per
499 1144 607 1181 fidem
641 1149 771 1181 autore
800 1144 942 1195 Spiritu
971 1149 1114 1190 sancto,
1141 1158 1224 1182 vere
1251 1145 1376 1187 etiam,
1402 1145 1449 1183 ad
1477 1147 1633 1183 salutem
1661 1159 1749 1184 nos-

227 1213 321 1245 tram
360 1209 691 1246 communicemus.
745 1208 792 1245 In
831 1208 902 1245 hoc
939 1222 1023 1245 vero
1064 1222 1198 1260 scopus
1227 1214 1305 1246 erat
1332 1213 1444 1260 atque
1471 1210 1674 1248 etiamnum
1702 1214 1758 1248 est

226 1273 342 1310 totius
372 1273 660 1317 controversiae,
696 1273 813 1323 quod,
846 1273 1162 1324 quemadmodum
1191 1287 1272 1319 nos,
1301 1287 1385 1311 cum
1411 1274 1638 1313 Lutheranis
1668 1288 1756 1312 con-

227 1338 360 1381 iuncti,
388 1338 665 1374 idololatricam
691 1337 793 1375 illam
823 1339 862 1375 in
890 1339 1065 1390 Papismo
1093 1339 1206 1377 Panis
1233 1339 1272 1376 in
1300 1339 1422 1390 ipsum
1452 1339 1592 1377 Christi
1620 1352 1755 1390 corpus

229 1404 397 1440 naturale
427 1403 886 1441 Trausubstantiationem
915 1417 1146 1448 accusamus,
1179 1404 1232 1441 ita
1268 1404 1306 1441 in
1344 1403 1571 1441 Lutheranis
1607 1418 1754 1442 rursum

230 1470 341 1507 Panis
371 1482 451 1506 cum
480 1469 561 1519 ipso
590 1482 743 1519 corpore
772 1469 913 1506 Christi
940 1468 1235 1516 natu-(140)rali
1261 1468 1396 1506 realem
1417 1468 1557 1519 alioqui
1581 1469 1756 1506 substan-

227 1533 427 1583 tialemque
457 1532 882 1571 cousubstantiationem
915 1546 978 1570 seu
999 1532 1268 1570 connexionem
1287 1532 1446 1582 probare
1465 1545 1542 1569 non
1561 1545 1758 1582 possumus

230 1599 307 1635 ullo
335 1598 459 1636 modo.
489 1598 620 1648 Neque
647 1610 734 1635 vero
764 1598 916 1635 dubium
946 1601 1013 1643 est,
1028 1597 1232 1635 Lutherum
1251 1597 1374 1648 ipsum
1393 1596 1485 1634 etin
1504 1597 1755 1647 oppugnanda

232 1662 652 1700 Transubstantiatione
679 1666 715 1699 et
741 1662 779 1700 in
810 1662 1019 1707 statuenda,
1047 1666 1086 1699 ut
1113 1661 1166 1699 ita
1195 1673 1295 1699 nunc
1330 1661 1475 1711 loquar,
1510 1660 1757 1698 consubstan-

230 1728 387 1765 tiatione
415 1727 485 1765 Dei
511 1727 653 1776 gloriae
683 1741 764 1765 vere
790 1731 826 1765 et
854 1740 898 1764 ex
926 1727 1051 1764 animo
1081 1727 1217 1764 servire
1244 1725 1420 1764 voluisse.
1451 1724 1675 1763 Offendebat
1700 1725 1756 1763 vi·

231 1805 312 1829 rum
349 1792 419 1829 Dei
458 1792 565 1829 illum
594 1792 690 1829 circa
719 1791 1192 1835 Transubstantiationem,
1218 1790 1383 1841 primum
1410 1789 1638 1836 idololatria,
1664 1802 1759 1840 quae

232 1856 402 1895 excusari
440 1869 517 1894 non
553 1860 688 1907 potest,
724 1856 857 1894 deinde
897 1869 984 1894 vero
1020 1856 1111 1893 facti
1147 1869 1192 1893 ex
1218 1868 1314 1906 pane
1341 1855 1430 1900 veri,
1457 1858 1498 1892 ut
1527 1854 1758 1899 credebatur,

234 1922 400 1972 corporis
429 1921 569 1959 Christi
594 1921 855 1973 propitiatoria
882 1921 1025 1959 oblatio
1052 1921 1093 1958 in
1123 1920 1254 1959 Missa.
1307 1920 1438 1958 Altera
1466 1932 1553 1957 vero
1581 1933 1626 1957 ex
1653 1923 1758 1970 parte

235 1987 434 2031 metuebat,
469 2000 515 2024 ne
552 1987 698 2024 Coenae
726 1987 890 2035 dignitas
918 1990 1027 2037 atque
1054 1985 1214 2024 efficacia
1240 1985 1514 2036 periclitaretur
1541 1997 1584 2021 ac
1610 1984 1758 2022 demum

235 2051 345 2089 etiam
389 2051 570 2094 interiret,
615 2051 688 2089 nisi
720 2052 804 2088 loco
842 2051 1000 2088 reiectae
1034 2051 1109 2087 iam
1156 2048 1590 2087 Transubstantiationis
1634 2048 1757 2099 aliqua

235 2115 364 2152 saltem
394 2114 684 2152 Sacramentalis
713 2114 885 2164 Mysterii
914 2127 997 2151 cum
1027 2113 1145 2162 signis
1172 2113 1263 2150 unio
1300 2112 1341 2149 in
1378 2111 1471 2162 ipsis
1500 2112 1644 2149 Coenae
1673 2111 1760 2149 Ele-

234 2181 369 2219 mentis
406 2183 644 2218 statueretur.
698 2179 911 2230 Utrobique
946 2179 1062 2229 igitur
1098 2178 1239 2229 optimo
1278 2176 1494 2214 hauddubie
1520 2176 1662 2226 gloriae
1689 2175 1759 2214 Dei

234 2245 312 2282 zelo
340 2244 520 2294 agebatur
545 2243 749 2282 Lutherus.
787 2244 856 2281 Sed
886 2247 928 2281 ut
955 2243 1056 2281 zelus
1083 2256 1160 2280 non
1188 2241 1309 2286 efficit,
1335 2241 1481 2279 etiamsi
1508 2241 1556 2279 sit
1582 2241 1761 2292 optimus,

235 2310 325 2360 quin
361 2309 512 2347 interim
548 2309 664 2346 simus
706 2307 875 2345 homines
911 2320 954 2345 ac
988 2306 1146 2358 proinde
1171 2306 1212 2344 in
1239 2305 1320 2356 ipso
1349 2318 1497 2356 quoque
1522 2305 1600 2342 zelo
1629 2308 1758 2342 nostro

234 2375 343 2421 (141)
372 2373 596 2424 quandoque
624 2373 828 2410 humanum
847 2371 988 2422 aliquid
1008 2371 1205 2422 patiamur,
1222 2391 1273 2399 —
1288 2370 1353 2416 ita,
1367 2369 1436 2407 etsi
1449 2369 1489 2406 in
1508 2368 1756 2420 oppugnanda

233 2437 654 2475 Transubstantiatione
688 2436 810 2474 modis
846 2436 1022 2474 omnibus
1056 2435 1282 2473 assentimur
1317 2433 1498 2478 Luthero,
1534 2436 1576 2470 ut
1614 2444 1755 2480 organo

236 2502 318 2544 Dei,
361 2502 399 2539 in
437 2501 631 2540 statuenda
667 2494 792 2539 tamen
829 2514 960 2538 rursus
999 2498 1402 2538 Consubstantiatione
1437 2496 1542 2534 nullo
1575 2495 1688 2533 modo
1725 2494 1758 2532 ei

233 2581 429 2619 possumus
456 2567 642 2613 assentiri,
668 2566 814 2604 etiamsi
842 2566 982 2617 optimo
1009 2565 1112 2603 illam
1139 2564 1219 2602 zelo
1248 2564 1490 2601 constitutam
1515 2560 1561 2598 ab
1577 2560 1659 2610 ipso
1679 2573 1758 2598 esse

234 2632 522 2682 haudquaquam
560 2630 784 2668 dubitemus.
839 2631 940 2667 Nam
976 2630 1046 2667 etsi
1083 2641 1160 2666 non
1195 2631 1345 2666 tantum
1380 2627 1419 2664 in
1456 2638 1494 2663 se
1528 2624 1618 2662 mali
1644 2624 1754 2662 initio

233 2698 313 2734 visa
349 2699 404 2733 est
440 2695 576 2732 habere
614 2694 973 2740 Consubstantiatio,
1010 2698 1191 2745 quantum
1221 2689 1602 2734 Transubstantiatio,
1629 2703 1758 2739 quem-

234 2759 434 2798 admodum
473 2772 559 2796 sane
594 2771 669 2796 non
707 2759 831 2804 habet,
858 2763 894 2796 et
930 2771 1107 2808 magnum
1135 2761 1214 2795 erat
1239 2754 1480 2807 praesidiario
1508 2753 1672 2804 Papismi
1699 2758 1758 2790 to·

232 2824 307 2861 tius
344 2823 422 2861 Deo
450 2826 595 2860 tantum
626 2822 761 2860 vulnus
788 2823 840 2860 ita
867 2822 1064 2867 inflixisse,
1091 2825 1130 2859 ut
1158 2821 1205 2859 ab
1233 2834 1275 2858 eo
1304 2832 1496 2868 resurgere
1523 2831 1758 2869 nequaquam

234 2887 365 2939 possit,
386 2909 434 2916 —
455 2891 592 2931 tamen,
612 2886 789 2937 quoniam
810 2900 856 2923 ne
874 2886 954 2936 ipsa
974 2886 1124 2935 quidem
1145 2883 1487 2922 consubstantiatio
1504 2882 1550 2920 ab
1569 2882 1758 2920 artolatria
