1818 3178
180 77 252 114 530
834 89 892 116 ur.
923 89 1067 118 Doc'rR.

179 185 378 224 crediderit
414 190 450 224 et
485 187 700 237 baptizatus
738 187 850 225 fuerit
888 189 1010 226 salvus
1038 189 1146 228 erit.'’
1201 190 1289 228 Quo
1317 205 1391 230 uno
1419 192 1589 243 equidem
1618 194 1702 231 loco

180 251 233 289 eis
268 252 441 302 adempto
471 255 619 289 corruet
648 256 778 303 suapte
814 258 947 304 sponte
973 253 1145 305 protinus
1171 254 1387 294 universum
1413 257 1508 295 illud
1536 257 1706 309 ipsorum

180 315 416 353 retinctionis
453 315 664 353 aedificium
702 316 804 366 quod
850 316 940 354 huic
974 317 1222 355 fundamento
1256 321 1362 357 tanto
1399 323 1537 359 conatu
1574 334 1706 372 super-

182 384 410 426 strmoerunt,
444 380 636 430 stabitque
672 380 852 418 immotus
889 381 1222 432 paedobaptismus
1249 387 1387 430 noster,
1414 398 1489 422 non
1518 398 1607 423 sane
1636 385 1706 423 hu-

183 458 292 483 mana
319 445 408 488 ulla,
435 445 749 495 quemadmodum
776 444 850 496 ipsi
877 445 1066 491 cavillant,
1094 446 1157 484 sed
1186 446 1312 484 divina
1340 448 1433 487 adeo
1458 450 1539 500 ipsa
1558 450 1708 488 eadem-

181 522 254 560 que
279 509 509 547 immutabili
535 514 571 546 et
600 509 720 547 Patris
749 509 860 547 simul
889 513 924 547 et
950 510 1021 547 filii
1047 509 1219 547 doctrina
1247 516 1282 548 et
1311 512 1512 560 voluntate,
1530 514 1708 552 adversus

181 587 294 624 quam
322 587 398 612 non
427 574 563 611 durum
591 578 645 611 est
672 573 799 619 mod0,
828 573 891 611 sed
919 574 1076 625 impium
1103 579 1292 625 praeterea
1320 576 1431 614 etiam
1460 578 1664 617 calcitrare.
1690 560 1691 563 Ἰ

231 640 398 677 Tertium
435 638 738 689 Paedobaptismi
776 639 897 677 nostri
937 638 1204 678 documentum
1239 641 1277 678 in
1313 641 1429 678 Paulo
1461 643 1707 681 clarissimum

181 705 372 743 habemus.
428 704 547 741 Docet
573 704 636 741 ille
665 703 799 742 veteris
826 704 958 755 populi
985 704 1193 742 Ecclesiam
1229 718 1293 756 per
1322 705 1451 744 Mosen
1483 707 1707 757 baptizatam

180 782 271 813 esse,
308 769 416 806 docet
445 768 623 819 baptismi
649 772 779 819 typum
805 768 923 806 fuisse
950 768 1088 806 nubem
1117 773 1153 806 et
1182 782 1293 814 mare,
1321 774 1356 807 et
1383 770 1423 807 in
1451 770 1584 808 Exodo
1613 771 1708 820 legi-

181 847 262 871 mus
299 845 376 871 non
412 832 561 870 adultos
597 832 710 870 modo
748 831 813 870 sed
848 832 1012 871 infantes
1039 846 1186 884 quoque
1215 834 1313 871 nube
1338 834 1403 871 illa
1432 835 1588 885 mystica
1617 848 1708 874 con-

177 903 296 937 tectos
323 912 389 949 per
414 911 515 935 mare
542 898 750 936 transiisse.
793 897 866 935 His
894 911 981 947 ergo
1016 897 1140 935 innixi
1176 899 1403 937 testimoniis
1430 899 1483 937 ita
1510 913 1709 949 argumen-

180 969 321 1002 tamur:
376 963 437 1001 Ad
475 975 569 1013 quos
606 966 738 1013 typum
766 961 944 1013 baptismi
969 962 1193 1013 pertinuisse
1222 967 1362 1001 certum
1389 967 1458 1008 est,
1486 963 1531 1001 ad
1560 964 1709 1002 eosdem

179 1034 215 1068 et
243 1029 434 1067 veritatem
463 1028 639 1079 baptismi
663 1027 785 1078 ipsam
811 1027 997 1078 pertinere
1025 1027 1180 1065 dubium
1208 1041 1287 1066 esse
1313 1041 1390 1066 non
1417 1029 1568 1080 poterit.
1623 1029 1708 1067 Ma·

181 1095 298 1132 iorem
331 1093 467 1144 probat
504 1093 642 1130 Paulus
672 1092 737 1142 qui
765 1095 877 1142 typos
905 1091 1040 1130 veteris
1067 1092 1259 1130 Ecclesiae
1287 1093 1454 1130 veritatis
1482 1093 1711 1144 exemplaria

180 1171 260 1196 esse
289 1158 412 1203 docet,
438 1157 614 1195 nimirum
644 1156 746 1207 quod
774 1160 968 1194 venturam
998 1169 1067 1193 suo
1096 1161 1261 1207 tempore
1290 1157 1482 1195 veritatem
1511 1157 1709 1195 adumbra-

178 1225 281 1270 bant,
309 1236 402 1274 quae
429 1223 504 1260 illis
533 1222 695 1259 vicissim
724 1225 852 1272 postea
874 1221 996 1266 etiam,
1018 1221 1082 1258 ubi
1104 1222 1323 1266 exoriretur,
1346 1223 1601 1274 responderet.
1632 1223 1704 1261 Mi-

179 1302 249 1327 nor
276 1302 448 1340 expresse
476 1288 634 1325 habetur
661 1287 700 1324 in
731 1287 1018 1337 suprascriptis
1046 1287 1288 1332 testimoniis,
1315 1301 1409 1338 quae
1436 1288 1532 1326 utin
1551 1288 1706 1325 dubium

181 1355 349 1392 revocari
385 1367 462 1392 non
498 1357 670 1405 possunt,
704 1352 756 1390 ita
791 1352 1139 1403 paedobaptismum
1170 1357 1340 1390 nostrum
1378 1353 1638 1391 communiunt
1672 1356 1708 1391 et

181 1421 418 1462 confirmant.
453 1423 495 1457 ut
531 1419 595 1470 qui
621 1418 728 1455 illum
757 1418 978 1468 impugnare
1007 1417 1272 1468 quoquomodo
1302 1418 1428 1462 velint,
1469 1431 1531 1456 eos
1559 1430 1709 1456 necesse

182 1486 243 1532 sit,
279 1499 356 1523 non
393 1489 469 1522 tam
507 1484 684 1523 adversus
720 1496 789 1521 nos
826 1495 938 1533 quam
975 1483 1151 1520 adversus
1189 1483 1346 1521 Paulum
1371 1483 1492 1534 ipsum
1524 1488 1708 1521 certamen

177 1550 368 1601 suscipere
398 1549 604 1599 docereque
632 1561 772 1587 vanum
801 1559 879 1584 esse
908 1547 1009 1597 quod
1037 1547 1101 1585 ille
1130 1547 1270 1594 docuit,
1299 1548 1336 1586 h.
1355 1561 1402 1593 e.,
1419 1548 1523 1598 typis
1543 1547 1597 1585 ita
1618 1547 1708 1585 olim

183 1615 445 1654 adumbratam
485 1615 603 1652 fuisse
640 1613 834 1651 veritatem
874 1617 916 1650 ut
949 1611 1026 1649 illis
1063 1625 1104 1649 ea
1142 1624 1244 1650 nunc
1281 1611 1450 1649 vicissim
1478 1615 1608 1649 exorta
1635 1625 1711 1650 non

182 1679 301 1731 possit
339 1693 416 1717 non
454 1677 692 1730 respondere.
747 1678 830 1715 Nos
858 1676 1018 1715 Paulum
1047 1676 1196 1726 sequuti
1223 1675 1388 1713 infantes
1417 1675 1652 1726 baptizamus
1679 1677 1716 1712 et

185 1744 433 1795 baptizandos
461 1756 541 1781 esse
570 1743 760 1780 docemus.
791 1744 878 1792 (35)
931 1741 1039 1778 Haec
1066 1740 1138 1791 piis
1168 1740 1259 1777 satis
1287 1743 1397 1777 erunt
1425 1739 1473 1777 ad
1501 1739 1715 1790 approban-

184 1810 272 1846 dum
309 1808 514 1846 infantium
552 1807 795 1858 baptismum,
822 1819 933 1857 quem
961 1804 1105 1855 alioqui
1134 1804 1203 1859 sub
1233 1803 1429 1855 Apostolis
1456 1803 1547 1854 ipsis
1575 1803 1614 1841 in
1642 1815 1712 1840 usu

183 1875 299 1913 fuisse
333 1873 489 1912 tradunt
526 1872 710 1922 Origenes
746 1876 782 1910 et
819 1871 1042 1922 Cyprianus,
1069 1869 1215 1907 etiamsi
1251 1882 1389 1918 magna
1416 1872 1494 1906 tum
1523 1881 1568 1906 ex
1595 1871 1715 1919 parte,

186 1944 225 1977 ut
260 1940 303 1976 fit
329 1939 369 1976 in
397 1951 522 1976 rerum
550 1937 687 1980 initiis,
716 1936 837 1974 adulti
863 1935 1005 1986 passim
1033 1946 1184 1985 quoque
1213 1933 1507 1984 baptizarentur,
1535 1932 1714 1983 quemad-

182 2004 335 2042 modum
370 2003 410 2041 id
437 2017 482 2042 ex
510 2002 746 2042 Tertulliano
782 2005 818 2039 et
853 2000 1041 2051 plerisque
1067 1999 1151 2036 aliis
1180 1998 1308 2048 colligi
1334 2002 1469 2050 potest.
1524 1998 1638 2036 Nunc
1664 1997 1711 2036 ad

181 2070 377 2109 diluendas
405 2068 708 2108 adversariorum
737 2066 969 2105 obiectiones
997 2064 1282 2102 descendamus.

311 2201 325 2251 ᾗ
353 2201 413 2240 17.
471 2197 708 2237 Obiecticsnes
735 2194 1034 2233 adversariorum
1061 2197 1195 2233 contra
1223 2189 1585 2240 Paedobaptismum.

237 2329 359 2367 Multa
385 2328 561 2365 adversus
590 2326 687 2363 hanc
714 2324 925 2363 doctrinam
953 2322 1159 2361 adversarii
1186 2320 1305 2359 nostri
1333 2319 1520 2365 adferunt,
1549 2316 1612 2355 sed
1641 2315 1712 2354 tria

183 2394 419 2444 potissimum
468 2392 713 2430 fundamenta
759 2389 882 2427 omnis
928 2402 1016 2426 suae
1058 2386 1254 2425 doctrinae
1291 2384 1540 2428 constituunt,
1575 2381 1712 2432 quibus

183 2459 349 2497 subrutis
377 2458 519 2508 reliqua
548 2470 637 2494 mox
674 2455 802 2493 onmia
832 2454 1079 2492 collabentur.
1131 2451 1281 2501 Urgent
1317 2447 1502 2500 imprimis
1543 2446 1607 2484 sed
1635 2457 1711 2483 non

182 2538 247 2562 suo
276 2524 360 2561 loco
391 2522 567 2573 baptismi
593 2520 887 2564 institutionem,
915 2532 959 2557 ex
982 2531 1055 2569 qua
1086 2517 1232 2555 demum
1262 2514 1434 2552 ordinem
1453 2513 1554 2549 hunc
1570 2509 1709 2547 consti-

181 2594 306 2636 tuunt,
342 2594 383 2628 ut
420 2589 581 2640 primum
618 2589 742 2625 locum
782 2587 984 2624 decernant
1020 2584 1230 2635 doctrinae,
1257 2582 1416 2619 alterum
1440 2578 1539 2624 fidei,
1565 2579 1712 2627 postre-

182 2670 285 2695 mum
323 2660 447 2693 autem
486 2654 685 2704 baptismo,
713 2651 920 2703 violarique
948 2651 1084 2688 docent
1113 2647 1256 2686 Christi
1283 2643 1557 2684 institutionem
1591 2641 1623 2678 si
1652 2640 1713 2677 hic

181 2721 276 2760 ordo
302 2734 378 2758 non
406 2719 636 2757 observetur.
683 2717 826 2755 Deinde
854 2718 988 2766 urgent
1017 2713 1186 2765 exempla
1214 2711 1395 2763 quaedam
1425 2706 1709 2759 Apostolorum,

180 2787 219 2823 in
249 2786 387 2836 quibus
415 2784 562 2821 adultos
591 2783 637 2819 ab
668 2781 861 2833 Apostolis
888 2780 1099 2831 baptizatos
1126 2778 1243 2817 fuisse
1272 2777 1433 2816 constat.
1450 2773 1614 2810 infantes
1633 2784 1709 2809 non

181 2853 281 2891 item.
338 2851 443 2888 Haec
488 2848 657 2886 omnium
704 2839 935 2885 validissima
976 2857 1055 2883 esse
1094 2843 1269 2882 videntur
1305 2840 1442 2891 quibus
1478 2838 1534 2876 illi
1571 2838 1711 2890 paedo-
