1818 3178
167 112 239 148 262
697 116 812 144 pune.
844 115 934 143 mm.
962 113 1157 144 FRANcoF.

162 235 208 260 ne
235 235 323 259 usus
351 234 485 258 coenae
511 222 630 257 terrae
660 218 854 260 duntaxat,
882 217 1005 254 eiusve
1029 216 1220 254 elementis
1238 217 1685 266 alligetur‚—exhiberi·

164 299 235 336 que
270 285 379 323 nobis
416 274 497 320 vere
534 282 605 319 fidc
639 281 919 332 percipiendum
956 280 1033 317 veri
1069 280 1181 317 etiam
1219 281 1383 332 corporis
1420 285 1455 319 et
1493 281 1686 331 sanguinis

162 350 277 400 ipsius
313 348 502 398 pabulum,
540 359 623 383 cum
660 358 753 395 panc
790 348 824 382 et
853 344 951 389 vino,
979 344 1017 381 in
1045 344 1260 381 alimoniam
1289 345 1529 396 spiritualem,
1557 346 1604 383 ad
1632 346 1686 382 vi-

163 419 241 452 tam
268 418 466 450 aeternam.
520 410 689 447 Dicimus
730 414 850 447 autem
880 422 956 447 non
983 420 1063 446 esse
1089 412 1210 446 terrae
1236 409 1361 448 eiusve
1388 411 1578 448 elementis
1606 411 1688 448 alli-

164 477 330 527 gandum
366 488 500 513 coenae
537 488 658 519 usum,
692 474 792 524 quod
827 474 875 511 ad
910 474 989 511 eius
1027 473 1204 522 mysteria
1238 474 1367 524 potiss.
1406 475 1551 521 attinet,
1586 475 1689 513 iuxta

169 541 386 580 Catholicae
414 539 604 576 Ecclesiae
632 538 855 581 doctrinam,
883 551 978 588 quae
1006 550 1075 575 nos
1101 537 1142 574 in
1171 550 1307 575 coenae
1333 552 1403 576 usu
1422 539 1533 576 corda
1549 546 1691 586 nostra,

163 618 239 643 non
272 604 442 654 equidem
471 603 508 640 in
537 607 672 640 terram
698 602 822 640 eiusve
850 602 1032 640 elementa
1060 601 1230 650 defigere,
1266 606 1308 640 ut
1334 602 1413 639 11110
1439 604 1691 654 ali-(48)quid

161 671 353 719 quaerant,
388 667 451 704 sed
479 679 624 704 sursum
650 666 690 703 in
720 666 862 703 eoelum
890 678 1006 715 usque
1032 665 1165 715 spiritu
1193 668 1322 702 sancto
1351 673 1480 703 autore
1505 667 1637 704 tollere
1661 668 1689 715 ¹)

159 733 275 770 iubet.
330 731 415 769 Qua
452 730 495 768 de
532 743 570 767 re
597 729 745 767 infinita
773 734 901 767 extant
929 733 1092 766 veterum
1121 729 1348 774 testimonia,
1375 729 1542 780 adeoque
1567 734 1603 768 et
1630 731 1688 781 ip-

159 797 234 834 sius
261 796 340 833 eius
369 795 546 839 Canonis,
575 796 606 842 ²)
633 794 699 845 qui
725 794 788 831 hic
813 794 854 831 in
881 794 1067 845 Apologia
1097 793 1245 839 citatur,
1280 800 1316 831 et
1345 793 1449 832 cuius
1478 795 1688 833 doctrinam

160 860 343 911 Apologia
380 860 460 910 ipsa
487 871 554 909 pro
583 871 648 895 sua
676 858 861 906 agnoscit.
916 857 1025 895 Nihil
1050 858 1166 907 igitur
1194 862 1230 894 et
1256 858 1328 895 1100
1355 859 1438 895 1000
1466 859 1555 896 facit
1583 861 1688 910 Apo-

161 924 261 973 logia
290 925 334 960 ad
373 923 654 974 approbandam
683 926 961 959 controversam
989 921 1099 959 nobis
1125 922 1230 959 illam
1259 935 1342 959 oum
1370 923 1509 960 nostris
1537 936 1690 960 accusa·

160 989 305 1027 toribus
341 988 633 1026 delitescentium
669 987 709 1024 in
743 987 900 1024 terrenis
936 986 1141 1032 elementis,
1178 986 1311 1024 deinde
1338 987 1450 1024 etiam
1476 986 1690 1037 ubiqueita-

161 1059 234 1091 tem
270 1066 313 1090 ac
350 1053 423 1090 oris
461 1053 619 1090 carnalis
658 1053 736 1089 sine
772 1052 845 1089 fide
884 1051 1211 1089 manducationem
1240 1051 1405 1102 corporis
1434 1055 1468 1089 et
1496 1052 1691 1101 sanguinis

169 1118 310 1155 Christi
337 1117 529 1156 naturalis.

214 1183 272 1220 Ad
312 1183 528 1220 secundum.
585 1181 836 1230 Agnoscimus
873 1181 961 1218 item
998 1185 1033 1218 et
1070 1194 1212 1232 semper
1240 1181 1474 1231 agnovimus,
1503 1195 1565 1219 eos
1594 1182 1691 1219 dun-

161 1252 266 1285 taxat
301 1260 378 1285 esse
407 1254 543 1284 coenae
571 1246 792 1283 Dominieac
821 1246 1009 1290 convivas,
1036 1249 1071 1282 ct
1101 1246 1199 1283 vesci
1226 1247 1264 1283 in
1295 1259 1408 1283 coena
1436 1246 1602 1293 Domini,
1629 1247 1693 1297 qui

163 1314 436 1348 sacramentum
464 1309 664 1359 accipiunt.
695 1309 926 1353 Sacramenti
952 1312 1078 1346 autem
1105 1321 1194 1346 voce
1222 1309 1410 1357 designari
1436 1309 1693 1358 intelligimus,

161 1384 238 1413 tam
276 1376 423 1424 signum
460 1380 652 1411 externum
689 1387 731 1410 ac
770 1374 926 1417 visibile,
963 1387 1074 1424 quam
1110 1373 1221 1410 etiam
1257 1374 1447 1411 invisibile
1473 1375 1691 1423 mysterium

163 1439 394 1483 sacramenti,
437 1439 483 1475 ad
521 1451 630 1488 quein
667 1438 820 1474 modum
865 1438 1041 1475 Irenaeus
1078 1438 1355 1475 Eucharistiam
1389 1438 1532 1475 duabus
1569 1439 1692 1484 rebus,

165 1508 309 1541 terrena
337 1509 371 1540 et
400 1503 562 1545 coelesti,
591 1510 760 1539 constare
788 1504 872 1550 (49)
903 1503 1022 1540 docet.
1067 1502 1143 1539 Hic
1170 1515 1255 1539 vero
1286 1502 1456 1546 dicimus,
1484 1503 1692 1540 doctrinam

167 1571 380 1603 nostrorum
417 1571 674 1602 accusatorum
713 1578 797 1602 cum
835 1566 903 1602 hac
932 1566 1138 1615 Apologiae
1167 1565 1336 1602 doctrina
1363 1578 1440 1602 non
1467 1578 1575 1616 posse
1604 1579 1694 1603 con-

165 1631 292 1669 sistere
319 1631 393 1667 ullo
421 1630 546 1668 modo,
591 1630 787 1667 Quatenus
815 1630 914 1667 enim
940 1630 981 1667 111
1009 1643 1145 1667 coenae
1173 1622 1242 1667 usu
1270 1630 1328 1667 his
1356 1631 1538 1668 duntaxat
1565 1644 1692 1668 verum

167 1708 301 1745 corpus
337 1699 372 1731 et
408 1694 561 1742 sanguis
599 1694 738 1731 Christi
775 1694 998 1731 exhibentur
1035 1707 1118 1731 cum
1154 1708 1249 1745 pane
1285 1700 1322 1732 et
1349 1695 1450 1739 vino,
1477 1695 1542 1744 qui
1570 1708 1693 1732 sacra-

163 1762 330 1796 mentum
365 1758 565 1808 accipiunt,
602 1757 703 1808 quod
739 1771 777 1794 re
813 1764 847 1794 et
883 1762 1030 1795 terrena
1056 1758 1193 1808 pariter
1222 1764 1256 1795 ct
1285 1758 1435 1795 coelesti
1464 1763 1621 1803 constat,
1656 1763 1691 1796 et

164 1824 264 1872 quod
304 1823 460 1859 coeleste
495 1829 561 1867 est,
597 1835 672 1859 non
711 1822 785 1858 nisi
822 1821 954 1872 spiritu
993 1828 1121 1859 saneto
1160 1828 1287 1859 autore
1322 1836 1387 1873 per
1414 1822 1526 1859 fidem
1552 1823 1692 1873 percipi

165 1887 603 1938 pot‹:st,—perspicuum
632 1896 700 1929 est,
728 1899 802 1923 11011
832 1887 950 1935 magis
980 1888 1025 1923 ab
1054 1887 1180 1937 impiis
1197 1900 1240 1924 ac
1260 1888 1476 1924 infidelibus
1495 1887 1691 1937 mysterio-

164 1966 246 1989 rum
293 1953 612 2002 contemptoribus
658 1957 928 1989 sucramentum
967 1953 1089 2002 ipsum
1125 1953 1276 2003 percipi,
1317 1966 1428 2003 quam
1468 1953 1694 2003 percipiatur

162 2018 252 2054 fides
278 2017 357 2067 ipsa
387 2021 421 2054 et
450 2017 602 2066 spiritus
630 2021 799 2062 sanctus3
829 2017 965 2053 nedum
994 2023 1034 2053 ut
1062 2030 1125 2053 ore
1154 2018 1294 2054 carnali
1320 2017 1373 2062 id,
1401 2018 1501 2068 quod
1529 2021 1584 2055 est
1608 2030 1691 2054 eoe-

160 2083 262 2127 leste,
299 2080 377 2117 siue
411 2080 495 2126 fide,
531 2093 573 2117 ac
606 2080 763 2130 proinde
793 2093 927 2130 corpus
956 2081 1079 2130 ipsum
1108 2081 1249 2118 Christi
1275 2081 1417 2132 percipi
1445 2081 1583 2132 possit,
1617 2082 1690 2118 nisi

163 2145 193 2181 si
228 2147 459 2181 accusatores
497 2145 616 2181 nostri
653 2157 786 2195 corpus
823 2149 858 2182 et
894 2146 1115 2194 sanguinem
1153 2146 1295 2183 Christi
1332 2159 1407 2183 rem
1448 2146 1570 2184 adhuc
1607 2160 1690 2185 coe-

161 2210 291 2246 lestem
318 2222 395 2245 esse
423 2213 575 2258 negant.

213 2272 272 2308 Ad
305 2272 466 2310 tertium.
522 2273 762 2322 Corporalcm
799 2272 909 2310 etiam
948 2273 1086 2311 Christi
1123 2274 1162 2312 in
1201 2288 1315 2312 coena
1353 2289 1419 2313 sua
1446 2275 1692 2326 praesentium

164 2348 354 2385 nunquam
388 2336 626 2384 negavimus,
664 2337 846 2387 siquidem
885 2350 1020 2374 coenae
1056 2352 1146 2375 usus
1182 2342 1302 2376 terrae
1331 2339 1512 2377 duntaxat
1539 2339 1692 2390 eiusque

163 2400 458 2446 010-(5υξ111011115
495 2413 570 2436 ¹non
606 2401 791 2449 alligetur,
829 2402 1142 2451 quemadmodum
1172 2416 1283 2453 supra
1311 2403 1486 2441 diximus.
1542 2404 1612 2441 Sed
1642 2404 1688 2441 ab

163 2463 231 2498 hac
273 2461 447 2511 loquendi
474 2463 635 2499 formula
662 2463 823 2500 libenter
851 2464 1111 2509 abstinuimus,
1139 2479 1185 2503 ne
1216 2471 1493 2503 controversam
1518 2466 1622 2517 illam
1648 2467 1687 2503 in

159 2525 315 2563 terrenis
347 2526 541 2563 elementis
579 2527 748 2577 corporis>
781 2532 817 2565 et
855 2529 1049 2577 sanguinis
1079 2530 1221 2567 Christi
1250 2530 1543 2568 delitescentium
1569 2543 1688 2579 agno-

163 2604 262 2628 scere
298 2591 373 2626 ullo
412 2590 520 2626 modo
560 2591 674 2628 videri
709 2606 937 2642 possemus,¹
959 2608 978 2630 a
1015 2607 1086 2643 qua
1124 2595 1246 2632 modis
1282 2595 1391 2645 plane
1418 2595 1592 2631 omnibus
1620 2595 1686 2631 ab·

166 2656 370 2697 horremus,
405 2661 440 2691 ct
477 2654 578 2691 cuius
613 2656 737 2693 nullos
772 2657 912 2707 alioqui
949 2659 1072 2695 fontes
1102 2672 1220 2708 neque
1254 2659 1293 2696 111
1331 2658 1574 2696 confessione
1608 2659 1688 2709 ipsa

165 2724 408 2769 Augustam,
452 2732 571 2768 neque
607 2719 646 2756 in
681 2721 758 2757 cius
796 2723 983 2772 Apologia
1020 2726 1084 2770 (110
1120 2724 1210 2774 quid
1248 2723 1308 2760 hic
1346 2723 1389 2760 de
1424 2724 1688 2774 seripturarum

202 2847 226 2888 ¹)
251 2846 327 2880 Cod.
350 2846 509 2878 Francof.;
533 2847 678 2878 allollere
691 2846 789 2888 jabet.
917 2850 942 2888 2)
967 2849 1030 2882 11).;
1055 2850 1153 2891 ipsias
1180 2850 1293 2882 Graeci
1320 2851 1463 2884 (Iunonis.
