1818 3178
204 154 276 189 114
612 152 662 178 AD
691 147 788 177 mon
816 143 1026 173 LECTOREM
1057 140 1294 169 PRAEFA'rio.

208 268 423 301 mentorum,
459 251 689 292 mutabilium
727 260 769 285 ac
804 251 1047 287 terrenorum,
1074 239 1333 278 observatione
1358 250 1564 284 versemur-3
1598 240 1647 282 et,
1683 237 1715 274 si

209 325 252 361 (lc
279 319 458 367 mysteriis
486 315 804 353 Sacramentorum
833 307 1098 350 consentimus,
1125 317 1172 342 nc
1194 306 1345 354 propter
1364 302 1504 340 variam
1522 301 1714 350 signorum

208 363 509 425 elementorunu‘e
547 375 875 415 considerationem
911 371 1091 409 violemus
1129 367 1379 405 Christianam
1416 365 1653 403 concordiam
1681 369 1716 403 et

209 450 427 486 societatem.
482 442 564 480 Duo
601 443 687 477 sunt
722 437 968 489 potissimum,
995 445 1154 483 quorum
1181 430 1332 469 nomine
1361 441 1592 474 accusamur,
1628 428 1715 465 dum

208 523 281 548 non
309 507 502 558 recipimus
528 504 661 541 realem
688 502 790 539 illam
819 512 901 537 cum
929 496 1120 535 elementis
1144 495 1470 532 sacramentorum
1489 491 1719 530 substantiae

209 573 370 624 corporis
406 575 440 608 ct
473 567 664 618 sanguinis
703 565 843 603 Christi
878 561 1060 601 naturalis
1089 559 1373 597 connexionem.
1426 558 1590 595 Primum
1618 555 1719 607 quod

208 640 245 676 in
274 636 393 675 verbis
421 647 554 671 coenae
578 632 653 669 illis
681 628 909 668 solemnibus
936 627 1128 664 veritatem
1156 624 1304 661 Christo
1333 623 1382 662 D.
1409 623 1590 672 abrogare
1616 621 1718 659 vide-

209 714 300 739 niur.
355 698 496 736 Deinde
531 695 630 746 quod
663 695 803 732 elevata
832 693 1155 729 Sacramentorum
1184 687 1366 737 dignitate
1392 686 1589 724 adimimus
1618 698 1719 723 sum-

208 778 303 802 inam
337 763 438 799 illam
473 759 763 797 consolationem
798 756 868 794 toti
905 754 1105 798 Ecclesiae,
1140 765 1211 803 qua
1249 751 1419 788 Christus
1445 749 1630 788 Dominus
1656 761 1722 799 per

209 827 371 877 corporis
406 819 441 862 ct
476 822 666 872 sanguinis
702 820 759 857 sui
794 817 1113 870 participationem
1151 829 1222 853 nos
1261 815 1301 852 in
1331 827 1380 859 se,
1415 818 1452 852 et
1479 827 1517 852 se
1542 814 1581 851 in
1611 813 1721 851 nobis

207 904 285 928 esse
320 893 483 927 testatur.
537 889 589 924 At
624 898 710 922 vcro
746 897 815 922 nos
852 881 1089 920 ostendemus
1117 882 1199 930 (per
1227 879 1297 917 Dei
1323 878 1500 928 gratiam)
1528 877 1720 914 veritatem

207 957 322 1005 ipsam
357 953 552 990 verborum
590 962 724 987 coenae
759 961 836 985 non
869 947 1002 984 violari
1031 945 1201 983 doctrina
1229 948 1370 988 nostra,
1406 942 1469 980 sed
1497 940 1724 983 confirmari.

209 1019 369 1068 adeoque
405 1021 439 1054 et
477 1012 770 1052 commonstrari.
811 1011 866 1048 Ea
893 1024 1053 1061 namque
1091 1010 1237 1047 demum
1274 1012 1330 1045 est
1358 1007 1556 1044 verborum
1584 1003 1723 1043 Christi

209 1084 373 1121 omnium
407 1080 591 1132 ipsissima
626 1078 780 1123 veritas,
816 1090 910 1128 quae
943 1076 1090 1123 una-(C
1127 1074 1326 1122 8²²)nimem
1361 1073 1478 1110 totius
1520 1070 1724 1121 scripturae

211 1160 427 1186 consensum
456 1159 493 1182 sc
518 1144 675 1182 invicem
703 1140 925 1193 explicantis
951 1140 1098 1185 retinet,
1125 1142 1162 1177 et
1189 1138 1276 1176 fidei
1303 1136 1498 1186 analogiae
1518 1134 1722 1173 subservit:

211 1226 299 1258 non,
341 1224 445 1262 quae,
485 1222 529 1246 ex
564 1208 653 1258 ipsis
687 1207 885 1245 verborum
921 1204 1104 1242 duntaxat
1138 1203 1305 1254 apicibus
1341 1201 1469 1252 petita,
1503 1212 1649 1250 pugnas
1683 1198 1724 1236 in

211 1275 400 1327 scripturis
425 1273 556 1323 gignit.
602 1270 851 1309 Ostendemus
877 1269 981 1313 item,
1008 1281 1130 1305 veram
1160 1267 1367 1304 animarum
1396 1268 1606 1302 nostrarum
1636 1275 1725 1300 con-

213 1340 429 1378 solationem
462 1338 576 1381 issam,
611 1349 682 1386 qua
718 1335 889 1372 Christus
924 1346 994 1371 nos
1020 1332 1060 1370 in
1088 1345 1139 1377 se,
1173 1335 1209 1368 et
1237 1344 1274 1368 se
1300 1331 1340 1367 in
1368 1328 1478 1367 nobis
1506 1341 1585 1365 esse
1611 1331 1726 1365 testa-

211 1409 290 1447 tur,
326 1400 493 1438 doctrina
527 1399 590 1436 illa
618 1397 725 1435 realis
766 1395 1009 1434 connexionis
1044 1408 1119 1432 non
1156 1393 1286 1432 leviter
1321 1390 1527 1434 obscurari,
1564 1403 1610 1428 ne
1637 1389 1727 1440 quid

211 1465 309 1504 aliud
352 1464 488 1509 dicam3
530 1466 656 1500 nostra
698 1474 786 1499 vero
825 1459 995 1498 doctrina
1035 1458 1202 1496 omnium
1237 1457 1397 1495 maxime
1435 1454 1649 1492 confirmari
1693 1457 1728 1491 et

210 1529 398 1575 illustrari,
423 1528 559 1566 nedum
584 1532 626 1564 ut
653 1527 785 1563 horum
814 1525 920 1575 culpa
947 1524 1021 1562 ulla
1050 1522 1313 1573 quoquomodo
1340 1525 1545 1559 teneamur.
1575 1518 1619 1555 Id
1640 1530 1725 1556 vero

214 1595 276 1631 ubi
308 1594 429 1644 palam
463 1593 600 1629 factum
628 1591 750 1637 fuerit,
789 1602 976 1641 speramus
1005 1601 1073 1626 nos
1101 1587 1277 1638 aequiora
1304 1585 1471 1623 omnium
1496 1582 1635 1620 iudicia
1662 1582 1728 1620 ha-

214 1658 354 1695 bituros
391 1670 481 1694 esse.
534 1656 634 1693 Deus
661 1655 750 1705 Opt.
780 1654 897 1699 Max„
930 1653 996 1704 qui
1021 1665 1098 1690 non
1127 1651 1381 1694 dissidiorum,
1409 1649 1473 1686 sed
1498 1648 1600 1699 pacis
1628 1648 1729 1685 Deus

214 1727 281 1765 est,
315 1724 417 1769 regat
444 1733 512 1757 nos
539 1733 667 1757 omnes
693 1732 757 1769 per
785 1718 962 1769 Spiritum
990 1721 1160 1755 sanctum
1189 1728 1309 1761 suum,
1345 1718 1386 1752 ut
1412 1713 1509 1750 idem
1539 1725 1667 1749 omnes
1693 1716 1731 1749 et

217 1786 426 1828 sentiamus,
452 1789 488 1821 et
514 1784 709 1835 loquamur
735 1784 782 1821 ad
809 1782 966 1832 gloriam
995 1780 1179 1819 adorandi
1207 1780 1264 1818 sui
1291 1777 1455 1818 nominis
1479 1780 1515 1815 et
1541 1777 1730 1815 Ecclesiae

218 1863 303 1887 suae
329 1848 635 1887 aedificationem.
689 1849 821 1887 Amen.
