1818 3178
149 138 194 175 72

151 246 273 283 timus.
320 244 454 285 Quare,
480 244 519 277 ut
545 239 614 275 duo
644 237 732 274 haec
758 235 870 272 evite-

151 321 243 351 mus,
270 306 452 347 nimirum,
480 316 523 339 ne
548 314 605 338 res
622 300 770 348 ignotas
788 302 871 335 tan-

633 138 684 164 DE
711 137 797 162 FUG.
827 133 975 161 PAPIST.
1005 132 1155 161 sAcRIS.

922 233 1109 281 lijdenisse
1143 245 1253 273 onzes
1279 235 1497 284 ghelooues)
1523 235 1656 273 waerin

924 310 978 346 wy
1005 297 1043 333 in
1072 296 1142 333 den
1163 299 1289 347 strijde
1308 312 1417 336 onser
1436 298 1656 347 consciency

153 384 261 421 quam
290 374 393 407 notas
415 366 665 407 dfiudicemus,
688 367 721 400 et
738 375 876 406 rursus,
928 374 996 398 ons
1033 360 1228 411 schuldigh
1262 363 1465 412 gheuoelen
1502 367 1537 399 te
1571 364 1657 410 zijn.

150 449 194 472 ne
220 441 350 471 temere
378 444 443 468 nos
471 428 741 466 dissimulemus
761 425 875 470 iniis,

149 512 239 548 quae
280 501 315 533 ct
361 493 594 543 agnoscimus
638 496 673 529 et
718 491 867 533 scimus,

149 565 288 611 oportet
336 572 414 603 nos,
458 560 635 607 quantum
680 555 725 592 ad
776 555 871 591 hanc

150 623 396 674 quaestionem
423 621 564 661 attinet,
593 620 687 656 hanc
707 619 867 666 regulam

147 693 286 724 tenere:
315 685 466 734 Nempe,
488 696 553 733 pro
573 681 781 719 istiusmodi
800 681 870 718 im-

146 751 288 800 pietate,
329 761 436 797 quam
472 759 598 783 omnes
636 744 868 782 Christianos

148 814 271 861 fugere
306 814 459 861 oportet,
486 822 531 846 ne
558 808 595 845 id
622 808 867 853 aestimemus,

146 875 242 926 quod
292 874 399 912 certis
440 887 514 910 non
566 886 608 910 ac
664 871 866 922 perspicuis

147 940 301 977 sciamus
328 937 561 979 testimoniis,
587 935 759 984 dignitati
782 935 871 973 Jesu

148 1003 284 1039 Christi
321 1001 543 1038 contrarium
580 1013 669 1045 esse,
698 999 871 1036 salutem-

146 1080 214 1117 que
241 1070 402 1103 nostram
437 1064 658 1115 praepedire.
712 1063 743 1100 E
773 1076 864 1100 con-

146 1130 270 1172 trari0‚
313 1135 352 1166 ut
388 1140 616 1178 nequaquam
660 1126 767 1164 etiam
815 1127 872 1174 (in

146 1193 232 1230 fidei
276 1192 503 1230 confessione
545 1191 776 1242 praesertim)
813 1195 869 1228 ta-

146 1257 234 1293 lium
262 1269 381 1293 rerum
409 1255 631 1305 impietatem
660 1255 733 1291 ulla
762 1254 872 1291 dissi-

148 1320 324 1357 mulemus
368 1319 564 1369 hypocrisi,
599 1318 731 1355 nedum
767 1324 868 1356 exte-

148 1397 312 1429 nuemus,
346 1384 402 1420 vel
427 1383 533 1420 etiam
563 1382 678 1433 (quod
707 1383 872 1420 omnium

149 1447 405 1496 gravissimum
440 1448 511 1493 est)
547 1447 752 1484 subtilitate
779 1461 870 1498 qua-

150 1511 231 1548 dam
275 1513 333 1558 (6)
377 1511 486 1547 veluti
532 1511 719 1560 pigmento
757 1524 867 1549 occu-

148 1575 278 1619 lamus,
333 1587 449 1624 neque
504 1587 730 1621 excusemus,
779 1589 869 1625 quas

151 1639 395 1675 conscientiae
431 1644 577 1676 nostrae
613 1640 824 1677 testimonio
853 1653 872 1678 e

154 1703 261 1738 verbo
297 1701 363 1738 Dei
392 1702 590 1740 sentiamus
611 1703 782 1751 dignitati
804 1704 871 1740 lio-

152 1765 251 1802 noris
295 1765 431 1802 Christi
467 1767 618 1810 officere‚
655 1780 873 1818 cursumque

153 1829 278 1867 salutis

152 1894 394 1945 praecludere.
465 1895 611 1932 Quibus
672 1896 784 1944 igitur
836 1898 875 1935 in

154 1958 250 1995 hune
294 1958 440 1995 modum
477 1959 645 2004 conditis,
677 1961 751 2009 jam
788 1974 873 2011 pro-

153 2021 359 2069 grediamur
397 2021 441 2058 ad
479 2023 769 2071 magnitudinem
806 2025 875 2061 im-

154 2085 298 2135 pietatis
349 2086 538 2134 religionis
599 2087 802 2138 Papisticae
855 2103 875 2128 e

156 2150 265 2187 verbo
293 2150 362 2188 Dei
387 2151 670 2199 agnoscendam.

208 2597 261 2635 II.
292 2596 473 2634 Nonnulli
499 2597 593 2635 inter
620 2612 721 2638 sacra
747 2601 875 2652 Papis-

158 2660 231 2698 tica
266 2660 462 2697 discrimen
496 2661 679 2711 quoddam
715 2664 876 2716 interpo-

341 1834 487 1867 nostrae
538 1831 713 1881 impedire
765 1838 884 1883 atque'

929 425 1100 462 Waerom
1129 438 1175 476 op
1196 426 1257 464 dat
1277 441 1330 477 wy
1351 428 1434 465 dese
1452 432 1540 465 twee
1557 431 1656 465 stuc-

920 489 990 526 ken
1028 489 1237 538 schuywen,
1275 492 1470 538 naemlick,
1507 492 1569 529 dat
1602 505 1656 541 wy

922 553 1141 591 onbekende
1185 554 1300 592 zaken
1339 556 1414 594 niet
1451 556 1567 594 richte
1593 558 1659 593 vor

924 616 1101 662 bekende,
1127 622 1171 654 efi
1198 618 1391 664 wederom,
1418 619 1481 657 dat
1507 633 1561 669 wy
1589 633 1658 657 ons

924 680 999 717 niet
1017 682 1251 718 vermetelick
1274 682 1485 732 beueynzen
1504 683 1544 720 in
1562 684 1661 726 dien,

922 744 984 781 dat
1021 757 1073 793 wy
1111 744 1304 782 bekennen
1340 746 1433 784 ende
1461 751 1588 791 weten,
1614 759 1657 784 zo

919 811 1065 844 moeten
1101 821 1168 857 wy,
1203 821 1246 845 zo
1285 809 1363 846 veel
1397 810 1484 847 deze
1520 810 1659 858 vraghe

920 872 1081 922 belangt,
1101 872 1212 910 <lezen
1235 872 1502 921 reghelholdE:
1519 874 1659 911 Naem-

925 935 998 972 lick
1033 936 1096 973 dat
1131 949 1185 986 wy
1215 939 1278 974 vor
1305 937 1433 974 zulcke
1458 937 1658 986 godloosz-

924 999 1001 1036 heit
1030 999 1087 1037 die
1115 1000 1183 1037 alle
1212 1000 1433 1038 Christenen
1462 1000 1659 1050 schuywen

918 1068 1075 1110 moeten,
1105 1065 1180 1102 niet
1207 1065 1338 1103 achten
1369 1066 1504 1109 zullen,
1524 1066 1585 1103 dat
1605 1079 1659 1115 wy

925 1127 1002 1165 niet
1021 1127 1113 1164 door
1132 1128 1260 1166 zekere
1277 1129 1349 1166 end
1366 1129 1550 1178 blijolicke
1568 1128 1660 1178 ghe-
1678 1156 1682 1162 -

922 1191 1141 1241 tuyghnisse
1185 1196 1285 1239 wete,
1339 1193 1402 1231 der
1446 1193 1662 1242 war-digheit

925 1254 1014 1292 Jesu
1042 1256 1183 1293 Christi
1210 1256 1273 1294 des
1302 1256 1450 1295 Heeren
1476 1257 1661 1306 enteghen

921 1323 956 1357 te
983 1321 1068 1368 zijn,
1095 1320 1188 1358 ende
1215 1333 1307 1358 onze
1333 1321 1503 1359 zalicheit
1522 1326 1557 1359 te
1581 1334 1662 1359 νει·-

925 1383 1118 1422 hinderen.
1132 1384 1415 1434 Daerenteghen
1427 1385 1491 1422 dat
1501 1399 1554 1436 wy
1565 1385 1660 1422 oock

922 1448 1144 1497 gheenszins
1164 1449 1221 1497 (in
1237 1449 1454 1487 zonderheit
1470 1449 1508 1487 in
1522 1450 1585 1487 der
1597 1450 1662 1487 be-

919 1513 1108 1561 liJ'denisse
1145 1514 1208 1551 des
1244 1514 1464 1563 ghelooues)
1499 1515 1662 1562 zule-(ss)

925 1575 988 1613 ker
1026 1576 1191 1625 dinghen
1218 1577 1476 1626 godlooszheit
1502 1578 1570 1615 mit
1598 1578 1663 1616 be-

924 1641 1133 1690 ueynstheit
1154 1642 1363 1693 bewimpele
1377 1644 1453 1680 veel
1463 1643 1540 1679 min
1551 1642 1663 1693 kleyn

924 1704 1071 1749 maken‚
1084 1705 1214 1753 of(dat
1224 1706 1319 1743 noch
1333 1706 1394 1743 het
1403 1707 1665 1745 allerzwaerste

925 1768 974 1815 is)
1004 1769 1070 1807 mit
1097 1769 1272 1818 eenigher
1300 1770 1506 1818 subtijlheit
1524 1771 1578 1807 als
1596 1771 1664 1808 mit

926 1846 1039 1871 eenen
1069 1835 1393 1882 wijfsblancketsel
1412 1835 1553 1873 decken
1571 1838 1665 1876 ende

928 1899 1239 1948 entschuldighen
1267 1901 1400 1946 zullen,
1422 1901 1480 1938 die
1499 1915 1552 1952 wy
1573 1902 1664 1940 door

926 1962 1170 2012 ghetuygnisz
1216 1977 1327 2001 onzer
1376 1965 1582 2016 consciecy‚
1619 1971 1664 2004 wt

931 2026 1055 2064 Godes
1098 2027 1230 2073 worde,
1264 2028 1483 2077 gheuoelen,
1520 2030 1583 2068 dat
1619 2044 1664 2081 zy

926 2090 990 2128 der
1028 2091 1245 2141 wardigheit
1282 2093 1345 2131 des
1381 2107 1488 2132 eeren
1526 2095 1665 2133 Christi

923 2155 1210 2204 wederstrijden,
1236 2157 1331 2195 ende
1352 2157 1423 2195 den
1444 2159 1532 2209 loop
1553 2171 1665 2197 onzer

930 2218 1105 2268 zaligheit
1133 2220 1379 2259 verhinderen
1398 2222 1470 2259 end
1492 2222 1665 2262 beletten.

932 2283 993 2320 Na
1020 2283 1106 2321 dien
1133 2297 1185 2322 nu
1212 2285 1266 2323 dit
1293 2285 1399 2323 aldus
1428 2286 1595 2324 besloten
1623 2287 1666 2333 is,

932 2359 975 2384 zo
1012 2348 1131 2386 willen
1167 2362 1221 2399 wy
1254 2363 1306 2387 nu
1333 2350 1576 2396 voorduaren,
1604 2350 1667 2389 dat

933 2425 988 2462 wy
1024 2412 1068 2450 de
1103 2414 1292 2461 grootheit
1318 2413 1382 2452 der
1408 2415 1667 2463 godlooszheit

935 2475 999 2513 der
1034 2477 1302 2517 Pauwstlicken
1327 2479 1548 2528 godsdienst
1575 2480 1668 2518 door

935 2539 1059 2578 Godes
1086 2542 1183 2579 word
1213 2542 1420 2580 bekennen.

979 2605 1069 2654 [IL]
1099 2606 1176 2644 Het
1194 2607 1332 2645 zoucke
1352 2608 1521 2657 zomighe
1539 2608 1578 2645 in
1596 2608 1667 2646 den

928 2668 1195 2707 Pauwstlicken
1221 2671 1576 2720 godsdiensten,.een
1597 2685 1666 2710 on-

161 2737 246 2760 nere
274 2728 466 2768 conantur,
493 2729 527 2762 ct
553 2727 729 2774 quaedam
757 2742 881 2768 eorum
936 2732 1128 2771 derseheid
1163 2740 1199 2772 te
1235 2737 1377 2781 stellen,
1414 2736 1507 2774 ende
1533 2736 1667 2774 achten

162 2787 213 2823 sic
245 2787 451 2831 aestimant,
486 2789 590 2839 quasi
626 2790 720 2828 inter
746 2795 883 2832 medias
936 2796 1014 2834 dier
1039 2799 1208 2847 zomighe
1236 2801 1321 2837 daer
1348 2803 1424 2846 vor,
1452 2801 1514 2839 dat
1533 2814 1578 2851 zy
1597 2814 1665 2839 on·

162 2850 218 2887 vcl
252 2851 385 2888 liberas
418 2864 476 2889 res
511 2854 693 2892 numerari
718 2862 880 2905 possent.

933 2859 996 2897 der
1032 2862 1190 2900 midde-le
1217 2864 1260 2901 of
1284 2866 1372 2913 vrije
1400 2864 1561 2914 dinghen
1590 2865 1666 2902 zol-
