1818 3178
203 133 277 170 364

192 243 371 282 laetitiam
408 242 505 294 apud
545 242 690 293 Magos,
728 244 816 281 dum
853 257 891 282 se
925 259 1073 297 quoque
1108 246 1154 284 ad
1191 248 1423 286 adorandum
1459 249 1566 287 illum
1595 250 1717 289 venire

192 308 285 346 velle
318 309 534 359 profitetur,
571 321 613 345 ac
651 309 811 359 proinde
848 315 1019 347 accurate
1052 311 1218 362 perquiri
1244 313 1368 351 omnia
1398 313 1542 364 sibique
1569 314 1716 352 demum

190 371 402 409 renunciari
443 371 560 417 iubet,
603 372 667 410 sed
701 386 838 418 revera,
874 373 1002 411 audito
1040 374 1084 412 de
1119 388 1235 424 regno
1273 377 1413 415 Christi
1447 377 1600 415 vixdum
1637 378 1716 417 nati

191 437 340 478 nuncio,
376 436 594 486 gravissime
629 451 703 475 una
733 452 815 476 cum
844 439 921 476 suis
947 440 1163 490 proceribus
1191 445 1341 492 totaque
1368 442 1460 480 adeo
1491 443 1713 494 Hierosoly-

190 513 335 538 morum
371 501 462 539 urbe
495 502 733 551 perturbatur
768 508 891 554 atque,
926 504 1024 541 edita
1052 506 1138 553 (42)
1168 506 1329 560 demum*
1340 507 1538 558 plusquam
1567 508 1714 546 beluina

188 567 226 604 in
264 567 428 604 infantes
463 566 627 610 saevitia,
664 567 892 618 impietatem
928 582 1033 605 suam
1069 569 1207 619 prodit.
1261 571 1358 608 Eum
1392 572 1509 621 igitur
1543 573 1715 610 timorem

188 629 343 681 req'uirit
378 630 562 681 Propheta
597 631 638 668 in
674 631 756 677 hac,
791 645 899 682 quam
939 632 1106 681 Regibus
1143 634 1390 678 commendat,
1425 636 1624 686 sapientia,
1652 636 1714 686 qui

190 709 267 733 non
296 694 460 733 studium
487 694 599 731 modo
627 695 799 746 placendi
827 696 1140 747 gratificandique
1166 702 1277 748 atque
1304 688 1535 749 obsequendi
1564 699 1713 738 christo

189 760 353 798 Domino
387 760 425 797 in
463 761 718 811 promovendo
746 774 861 810 regno
890 761 1020 811 ipsius,
1049 762 1413 813 sollicitudinemque
1437 764 1539 810 item,
1566 778 1612 802 ne
1639 779 1713 815 quo

188 825 299 862 modo
337 823 582 868 offendantur,
619 825 682 863 sed
720 825 831 863 etiam
857 824 1038 875 gaudium
1065 827 1180 864 animi
1208 832 1319 877 atque
1346 828 1611 865 exultationem
1641 829 1713 865 sibi

189 889 402 927 adiunctam
433 889 581 936 habeat,
609 890 640 927 si
668 890 819 941 quando
847 904 1004 939 regnum
1030 891 1147 942 ipsius
1174 892 1417 929 inclarescere
1445 905 1488 929 ac
1503 893 1713 943 promoveri

189 953 395 1002 contingat.
452 954 565 992 Quod
603 955 773 1005 equidem
812 968 892 992 curn
929 954 1010 992 fieri
1046 968 1120 992 non
1150 956 1268 1005 possit
1297 955 1370 993 nisi
1399 956 1442 1002 si,
1469 970 1576 1007 quem
1605 957 1712 994 time-

186 1031 281 1063 mus,
317 1019 473 1056 eundern
510 1033 656 1070 quoque
682 1020 819 1071 pariter
847 1021 1029 1065 amemus,
1063 1020 1232 1071 equidem
1265 1021 1349 1058 dum
1379 1021 1562 1073 Propheta
1591 1022 1630 1059 in
1659 1036 1713 1068 ea,

187 1084 233 1121 ad
269 1097 382 1134 quam
417 1084 537 1134 Reges
575 1085 802 1131 cohortatur,
830 1085 1022 1136 sapientia,
1050 1085 1233 1122 eiusmodi
1260 1085 1431 1123 timorem
1460 1087 1625 1137 requirit,
1652 1101 1712 1124 ea-

188 1151 271 1189 dem
309 1164 396 1189 sane
424 1164 534 1201 opera
562 1156 597 1188 et
625 1164 788 1188 amorem
819 1150 961 1188 Christi
991 1149 1148 1187 Domini
1174 1150 1342 1200 requirit,
1379 1164 1462 1188 cum
1487 1152 1573 1189 talis
1599 1153 1712 1189 timor

186 1215 266 1253 sine
293 1228 417 1252 amore
450 1215 614 1263 ingenuo
644 1214 772 1251 haberi
800 1214 1090 1265 haudquaquam
1118 1215 1248 1265 possit.
1302 1216 1457 1260 Rursus,
1486 1215 1572 1252 dum
1599 1216 1711 1253 timor

184 1281 216 1318 is
256 1279 495 1330 Propheticus
535 1279 613 1317 sine
649 1292 774 1316 amore
811 1280 1014 1316 consistere
1056 1292 1131 1316 non
1158 1283 1280 1330 potest
1313 1284 1348 1317 et
1376 1292 1498 1317 amare
1525 1280 1709 1318 neminem

185 1344 383 1395 possimus,
411 1343 499 1394 quin
527 1343 584 1380 illi
611 1344 732 1380 fausta
769 1343 990 1393 foeliciaque
1017 1343 1140 1380 omnia
1169 1356 1213 1381 ex
1242 1343 1366 1380 animo
1394 1348 1430 1381 et
1457 1357 1648 1395 precemur
1675 1349 1711 1382 et

184 1409 428 1457 gratulemur,
456 1412 563 1452 certe,
591 1412 769 1457 quantum
800 1408 884 1455 (43)
913 1411 975 1444 aut
1004 1420 1072 1444 nos
1100 1407 1253 1457 ipsemet
1279 1404 1320 1444 in
1349 1408 1459 1445 corde
1478 1412 1604 1446 nostro
1625 1422 1709 1447 sen·

183 1474 297 1510 timus
334 1476 395 1509 aut
432 1472 524 1509 alios
565 1471 675 1509 etiam
714 1460 829 1508 certis
859 1471 1007 1508 indiciis
1047 1471 1213 1509 videmus
1253 1485 1272 1509 a
1308 1473 1559 1521 gratulatione
1595 1473 1709 1511 alacri

184 1537 306 1575 adhuc
340 1537 481 1580 abesse,
518 1536 548 1574 si
582 1535 731 1586 quando
759 1548 915 1585 regnum
944 1535 1083 1572 Christi
1111 1536 1266 1573 Domini
1290 1536 1470 1574 illustrari
1498 1542 1642 1575 constet
1668 1538 1708 1575 in

185 1602 353 1640 doctrina
383 1601 580 1650 Euangelii
607 1601 736 1650 ipsius,
753 1622 804 1629 -
823 1604 970 1638 tantum
997 1600 1244 1651 proculdubio
1272 1601 1383 1638 etiam
1412 1605 1474 1639 aut
1500 1615 1568 1639 nos
1594 1602 1709 1652 ipsos,

183 1672 247 1705 aut
281 1667 374 1704 alios
409 1667 532 1704 adhuc
568 1680 588 1703 a
625 1666 758 1703 timore
794 1666 866 1703 hoc
902 1665 1137 1716 Prophetico,
1163 1670 1199 1703 et
1224 1666 1382 1716 proinde
1409 1666 1455 1703 ab
1483 1680 1525 1704 ea
1552 1680 1708 1718 quoque,

184 1732 289 1769 cuius
336 1731 394 1768 hic
435 1744 540 1780 reges
576 1730 836 1775 admonentur,
872 1730 1051 1781 sapientia
1089 1730 1232 1775 abesse,
1269 1730 1478 1768 necessario
1513 1731 1706 1768 fatendum

183 1797 265 1835 erit.
319 1788 459 1847 Estque
487 1795 577 1833 haec
604 1795 718 1832 altera
746 1794 824 1832 eius
851 1794 996 1832 timoris
1024 1798 1126 1840 nota,
1152 1807 1225 1845 quo
1255 1794 1381 1832 divina
1409 1795 1500 1832 haec
1527 1794 1707 1845 sapientia

184 1864 341 1907 constat,
378 1860 423 1898 de
449 1873 519 1911 qua
548 1860 732 1910 Propheta
761 1858 902 1909 alioqui
930 1858 991 1896 hic
1018 1859 1065 1896 ad
1094 1859 1215 1908 Reges
1243 1863 1278 1896 et
1305 1872 1475 1909 proceres
1504 1859 1705 1897 conciona-

181 1931 254 1971 tur,
298 1929 334 1963 et
360 1925 452 1962 alter
478 1925 586 1962 etiam
616 1924 779 1962 eiusdem
807 1924 923 1975 ipsius
952 1924 1155 1975 sapientiae
1182 1923 1333 1972 gradus,
1389 1924 1461 1961 Sed
1489 1937 1607 1974 neque
1635 1924 1705 1961 hoe

182 1991 270 2029 satis
297 1993 353 2028 est
379 1990 598 2040 Prophetae,
626 1995 665 2026 ut
693 1989 813 2037 Reges
840 2002 1085 2040 proceresque
1113 2002 1241 2026 eorum
1269 2011 1319 2017 —
1338 1989 1520 2039 siquidem
1542 2003 1624 2027 vere
1644 2003 1704 2027 sa·

180 2069 266 2106 pere
298 2059 408 2106 atque
444 2054 562 2091 divini
588 2054 718 2091 iudicii
747 2054 980 2091 severitatem
1009 2053 1196 2091 declinare
1223 2053 1339 2090 velint
1365 2074 1417 2081 —
1443 2053 1578 2090 animis
1608 2053 1704 2091 dun·

180 2122 282 2156 taxat
309 2119 387 2156 suis
414 2117 597 2155 eiusmodi
622 2119 794 2155 timorem
822 2117 962 2155 Christi
989 2117 1143 2154 Domini
1171 2117 1397 2167 concipiant.
1425 2117 1471 2153 Id
1491 2116 1640 2167 quidem
1660 2117 1700 2155 in

178 2183 307 2233 primis
334 2197 413 2221 csse
440 2182 688 2220 necessarium
714 2182 760 2219 ad
786 2181 991 2219 tollendam
1019 2194 1167 2218 omnem
1196 2180 1434 2231 hypocrisim,
1463 2181 1635 2218 nimirum
1662 2186 1703 2220 ut

177 2248 256 2288 cius
291 2247 435 2286 timoris
472 2260 622 2284 sensum
658 2246 695 2283 in
725 2247 863 2284 nostris
890 2245 962 2296 ipsi
990 2245 1166 2282 cordibus
1195 2245 1444 2282 conscientiae
1473 2250 1620 2283 nostrae
1648 2251 1702 2283 te-

178 2312 353 2351 stimonio
397 2311 588 2349 efficaciter
632 2311 847 2348 sentiamus.
903 2310 987 2355 Sed,
1032 2309 1317 2360 quo-(44)niam
1358 2309 1478 2358 Reges
1517 2322 1592 2346 non
1629 2309 1701 2347 sibi

175 2383 323 2415 tantum
367 2389 470 2425 reges
514 2380 599 2413 sunt
642 2388 886 2426 proceresque
917 2374 1085 2425 ipsorum
1122 2387 1194 2411 non
1235 2387 1343 2411 suum
1380 2378 1537 2419 tantum,
1574 2387 1699 2412 verum

174 2440 290 2478 totius
335 2441 446 2478 etiam
482 2439 588 2488 regni
623 2438 819 2488 negocium
855 2443 984 2486 agunt,
1020 2438 1101 2475 vult
1135 2438 1333 2489 Propheta,
1369 2442 1410 2475 ut
1446 2451 1528 2475 eum
1566 2439 1701 2488 ipsum,

176 2518 285 2556 quem
322 2505 396 2541 illis
423 2503 656 2555 praescribit,
681 2503 866 2547 timorem,
895 2503 1055 2553 publicis
1084 2502 1195 2540 etiam
1223 2502 1300 2539 suis
1329 2503 1456 2540 officiis
1486 2507 1698 2540 contesten-

174 2573 235 2607 tur
263 2573 296 2606 et
325 2568 523 2614 declarent,
559 2567 832 2618 ostendantque
861 2567 937 2604 suis
965 2567 1142 2604 omnibus
1171 2580 1208 2604 se
1236 2568 1282 2603 ab
1311 2567 1357 2603 iis
1385 2580 1491 2617 quain
1521 2567 1697 2614 longissi-

173 2648 232 2672 me
267 2635 408 2677 abesse,
444 2634 506 2683 qui
544 2633 613 2670 sibi
650 2647 669 2670 a
707 2632 856 2670 Christo
896 2632 1056 2669 Domino
1093 2645 1282 2683 regnoque
1317 2632 1433 2683 ipsius
1470 2632 1603 2669 hostili
1632 2634 1696 2670 illo

171 2697 443 2749 tyranniceque
479 2702 577 2734 metu
604 2697 750 2735 timent.
805 2696 923 2733 Docet
949 2696 1076 2745 igitur,
1103 2695 1149 2733 ad
1178 2709 1285 2747 quem
1313 2695 1466 2733 modum
1493 2695 1605 2733 timor
1633 2697 1696 2735 illc

169 2763 405 2815 potissimum
450 2761 580 2799 debeat
623 2762 772 2812 publice
817 2761 1007 2807 declarari,
1052 2774 1182 2812 nempe
1216 2765 1257 2798 ut
1293 2761 1412 2809 Reges
1448 2773 1693 2812 proceresque

169 2843 297 2867 eorum
333 2841 459 2865 omnes
495 2840 533 2864 se
570 2827 707 2864 Christi
742 2826 897 2864 Domini
934 2827 1114 2876 regnique
1149 2826 1265 2876 ipsius
1301 2825 1494 2863 ministros
1522 2840 1601 2864 csse
1628 2841 1692 2878 pa-

168 2896 243 2933 lam
277 2894 533 2946 profiteantur,
567 2891 716 2943 publica
752 2891 892 2942 alioqui
928 2890 1168 2929 subiectionis
1197 2896 1233 2929 et
1262 2889 1492 2928 obedientiae
1520 2904 1606 2929 suae
1634 2896 1689 2930 at-
