1818 3178
210 140 282 179 372

213 249 316 287 omni
351 247 521 286 doctrina
557 247 707 284 illorum
742 246 938 298 ipsumque
973 247 1064 285 adeo
1094 247 1284 286 Christum
1310 247 1527 290 Dominum,
1554 250 1733 298 tanquam

212 325 398 351 summum
425 324 467 348 ac
494 316 684 348 aeternum
711 315 746 348 et
772 311 929 361 proinde
957 311 1107 348 unicum
1133 312 1246 349 etiam
1273 316 1383 363 caput
1410 324 1531 356 suum,
1551 311 1734 361 complec-

211 381 321 421 tatur,
354 378 434 412 tum
464 379 562 413 certe
587 374 824 426 impudenter
850 375 1007 421 faciunt,
1033 375 1134 426 quod
1165 389 1202 414 se
1229 375 1307 414 eius
1335 375 1526 413 Ecclesiae
1551 375 1737 426 praesides

211 453 254 477 ac
298 439 567 488 gubernatores
601 452 681 476 esse
711 438 866 483 iactant,
903 440 962 476 cui
1007 439 1274 488 gubernandae
1308 453 1376 491 pro
1412 440 1492 491 ipsa
1529 439 1670 490 alioqui
1703 442 1739 476 et

211 509 420 553 temporum
465 507 501 540 et
536 503 706 540 locorum
747 503 893 541 ratione
935 516 1041 554 pares
1077 516 1157 541 esse
1192 517 1268 542 nou
1301 509 1452 555 queunt.
1508 504 1594 542 Quo
1630 506 1739 554 pacto

211 567 323 613 enim,
359 567 424 617 qui
459 580 536 604 non
573 567 646 605 nisi
685 572 783 605 certo
821 567 946 618 aliquo
988 580 1105 618 eoque
1133 568 1238 605 brevi
1264 568 1464 605 admodum
1492 572 1656 619 tempore
1685 566 1740 604 vi-

211 644 295 668 vere
330 644 450 681 neque
485 631 559 669 nisi
584 644 661 669 uno
691 631 872 669 duntaxat
898 632 981 669 loco
1009 645 1088 669 esse
1114 636 1251 682 potest,
1279 632 1482 670 credendus
1509 636 1565 670 est
1590 631 1740 669 interim

212 702 247 732 et
281 708 450 745 praeesse
483 695 539 732 illi
575 695 764 733 Ecclesiae
799 699 835 733 et
872 709 949 733 eam
987 696 1197 744 gubernare
1233 709 1353 746 posse,
1379 709 1473 746 quae
1500 709 1618 746 neque
1644 698 1739 732 tem-

214 761 368 810 poribus
397 759 457 796 hic
485 773 605 810 neque
631 760 724 797 locis
754 760 862 798 certis
888 761 975 798 ullis
1005 760 1260 798 circumscribi
1287 761 1425 811 queat?
1465 760 1537 798 Sed
1566 760 1619 797 sic
1644 759 1742 797 viam

214 824 330 861 sterni
363 824 529 874 oportuit
558 824 880 864 Antichristianae
906 825 1026 875 Papae
1054 825 1215 862 Romani
1242 828 1278 862 et
1305 824 1427 874 gregis
1456 824 1515 862 sui
1540 823 1745 874 tyrannidi,

215 886 372 930 detorta,
408 899 482 937 quo
520 900 596 924 non
635 887 843 938 oportebat,
872 888 1086 938 Scripturae
1113 887 1323 925 autoritate.
1380 887 1507 925 Quare
1535 886 1743 924 doctrinam

214 963 302 988 sane
330 951 695 1001 Apost0·(66)licam
723 952 767 989 de
795 951 977 989 catholica
1006 951 1076 989 Dei
1102 951 1272 989 Ecclesia
1299 951 1461 989 libenter
1479 950 1748 1001 amplectimur,

212 1020 260 1058 et,
294 1015 609 1065 quemadmodum
646 1020 795 1054 sanctus
833 1015 903 1054 Dei
938 1016 996 1053 vir
1024 1016 1273 1066 Augustinus,
1308 1016 1385 1053 eius
1412 1015 1529 1067 ipsius
1558 1015 1749 1053 Ecclesiae

211 1080 412 1118 autoritate
455 1085 657 1131 permotus,
693 1081 902 1130 Euangelio
944 1094 982 1119 se
1016 1081 1140 1132 potius
1177 1094 1289 1131 quam
1328 1080 1561 1118 Manichaeis
1599 1080 1749 1118 credere

213 1143 389 1181 maluisse
422 1147 591 1190 testatur,
627 1145 679 1182 ita
717 1149 751 1183 et
778 1159 861 1190 nos,
884 1145 1048 1183 eiusdem
1075 1145 1217 1196 alioqui
1243 1145 1364 1195 ipsius
1391 1144 1581 1182 Ecclesiae
1607 1143 1747 1181 autori-

213 1212 290 1245 tate
325 1208 533 1258 permoveri
570 1222 698 1247 omnes
734 1209 867 1247 merito
908 1209 1138 1251 deberemus,
1173 1214 1215 1246 ut
1251 1208 1494 1247 relucescenti
1521 1208 1596 1245 iam
1624 1207 1746 1245 denuo

214 1272 341 1310 divino
387 1273 567 1310 beneficio
613 1273 805 1311 doctrinae
852 1273 1052 1322 Euangelii
1094 1273 1235 1311 Christi
1280 1273 1418 1323 potius,
1463 1272 1524 1310 cui
1559 1272 1624 1309 illa
1662 1285 1749 1309 sane

213 1342 390 1388 perpetuo
431 1338 530 1375 credi
556 1338 674 1382 iubet,
701 1352 810 1389 quam
839 1343 876 1376 et
902 1339 1085 1389 Paparum
1116 1338 1227 1376 simul
1255 1342 1290 1376 et
1317 1338 1553 1389 Papistarum
1581 1328 1747 1375 omnium

215 1401 363 1451 placitis
391 1414 434 1438 ac
462 1402 619 1439 decretis
646 1402 759 1440 fidem
786 1406 955 1440 nostram
982 1402 1260 1441 adhiberemus.
1318 1403 1511 1440 Caeterum
1539 1406 1582 1439 ut
1610 1402 1749 1452 Papam

215 1464 293 1502 eius
328 1465 446 1516 ipsius
483 1465 671 1503 Ecclesiae
708 1479 818 1516 supra
853 1466 947 1504 alios
974 1479 1102 1504 omnes
1131 1466 1359 1517 Episcopum
1385 1479 1478 1510 esse,
1505 1470 1571 1505 aut
1596 1466 1701 1502 illam
1727 1478 1748 1502 a

214 1543 328 1579 grege
362 1530 482 1581 ipsius
518 1531 719 1580 gubernari
755 1530 960 1576 credamus,
995 1530 1067 1568 hoe
1103 1534 1201 1568 certe
1236 1543 1422 1581 nusquam
1468 1530 1508 1567 in
1546 1528 1748 1580 Scripturis

217 1596 407 1633 docemur.
462 1595 545 1632 Imo
583 1607 670 1632 vero
705 1608 747 1632 eo
783 1595 1020 1646 potissimum
1058 1595 1210 1633 nomine
1246 1595 1385 1645 Papam
1419 1595 1542 1645 ipsum
1570 1607 1654 1632 cum
1681 1605 1748 1631 suo

216 1672 328 1708 grege
355 1659 676 1698 Antichristianae
703 1660 914 1710 tyrannidis
940 1659 1014 1698 iam
1044 1659 1273 1710 aliquamdiu
1301 1663 1500 1710 usurpatae
1519 1671 1749 1703 accusamuS,

215 1723 329 1773 idque
363 1723 467 1761 iuxta
494 1724 623 1773 magni
648 1724 749 1762 illius
778 1723 952 1773 Gregorii
980 1723 1206 1766 doctrinam,
1231 1723 1296 1774 qui
1323 1726 1360 1761 et
1387 1723 1465 1774 ipse
1491 1722 1589 1760 inter
1615 1721 1748 1759 lauda-

216 1788 381 1826 tissimos
408 1789 527 1839 Papas
554 1793 781 1835 numeratur,
808 1788 909 1840 quod
937 1802 975 1826 se
1001 1789 1040 1826 in
1058 1788 1299 1826 manifestam
1319 1788 1459 1839 alioqui
1481 1786 1745 1825 contumeliam

218 1853 354 1890 summi
390 1854 603 1904 aeternique
640 1856 726 1902 (67)
762 1857 811 1899 et,
848 1858 891 1891 ut
927 1854 1065 1891 Paulus
1105 1854 1226 1898 docet,
1260 1857 1528 1904 ἀπαρκβιίτευ
1564 1852 1752 1904 pontificii

221 1917 374 1961 Christi,
410 1918 616 1956 catholicae
643 1922 679 1956 et
706 1918 785 1968 ipse
811 1918 1004 1956 Ecclesiae
1030 1919 1250 1956 Pontificem
1279 1931 1322 1956 ac
1347 1917 1554 1969 praesidem
1583 1917 1750 1955 omnium

219 1982 422 2020 maximum
449 1996 528 2020 esse
554 1983 749 2033 gloriatur,
775 2005 826 2012 —
852 1987 1033 2034 tantoque
1059 1983 1179 2033 magis
1208 1996 1293 2021 eum
1323 1996 1407 2020 cum
1436 1983 1613 2020 universo
1640 1995 1752 2031 grege

221 2060 287 2083 sno
315 2047 433 2084 arceri
467 2052 637 2098 oportere
665 2048 821 2085 dicimus
848 2047 896 2085 ab
924 2047 1100 2085 omnibus
1127 2047 1393 2085 instaurandae
1421 2060 1527 2085 verae
1554 2046 1748 2096 religionis

222 2111 403 2157 consiliis,
439 2117 578 2162 quanto
618 2111 758 2150 maiore
784 2111 1019 2162 impudentia
1044 2112 1108 2149 ille
1136 2111 1341 2149 catholicae
1370 2110 1441 2148 sibi
1469 2110 1658 2149 Ecclesiae
1686 2123 1750 2148 cu-

222 2189 301 2214 ram
337 2189 379 2214 ac
406 2177 715 2225 gubernationem
746 2190 856 2228 supra
884 2176 978 2214 alios
1006 2189 1135 2214 omnes
1163 2189 1337 2226 arrogare
1365 2179 1535 2215 conatur.
1590 2176 1647 2213 Ac
1672 2188 1748 2213 non

220 2241 333 2279 modo
370 2254 447 2280 non
482 2242 616 2280 violari
651 2242 887 2286 affirmamus,
923 2241 954 2278 si
982 2245 1165 2287 arceatur,
1191 2241 1430 2279 autoritatem
1459 2240 1662 2285 Ecclesiae,
1689 2240 1752 2278 sed

221 2319 302 2342 eam
340 2319 416 2344 non
453 2306 525 2343 alia
552 2306 663 2344 etiam
691 2306 836 2343 ratione
865 2305 940 2343 ulla
970 2305 1130 2343 stabiliri
1159 2305 1471 2356 cohonestarique
1498 2304 1617 2354 magis
1645 2316 1753 2355 posse

221 2374 407 2418 putamus.

274 2437 309 2472 3.
364 2437 585 2481 Uausantur,
621 2435 831 2473 doctrinam
867 2437 1037 2472 nostram
1072 2447 1152 2471 esse
1187 2447 1334 2479 novam,
1371 2437 1519 2471 autores
1552 2432 1653 2469 illius
1682 2432 1752 2470 ho·

222 2498 341 2535 mines
368 2512 447 2536 esse
475 2499 653 2537 obscuros
681 2511 801 2549 neque
827 2498 916 2536 ullis
944 2502 1008 2536 aut
1035 2497 1269 2548 Propheticis
1297 2501 1360 2535 aut
1387 2496 1616 2547 Apostolicis
1644 2510 1752 2547 prae-

221 2562 403 2610 rogativis
430 2563 664 2601 miraculisve
689 2563 870 2612 insignes.
924 2561 1013 2599 Non
1042 2575 1121 2599 esse
1147 2561 1263 2611 igitur
1289 2560 1537 2612 recipiendam
1567 2560 1641 2597 ullo
1670 2574 1751 2598 mo·

224 2627 285 2671 do,
317 2626 381 2663 sed
407 2628 648 2677 perstandum
675 2627 801 2678 potius
829 2627 869 2664 in
897 2630 1044 2677 recepta
1069 2626 1289 2677 iampridem
1317 2639 1337 2664 a
1365 2624 1503 2663 nostris
1530 2624 1751 2670 maioribus,

222 2696 353 2742 totque
378 2696 565 2742 praeterea
592 2693 777 2743 Paparum
805 2704 848 2729 ac
876 2690 1133 2729 Conciliorum
1161 2690 1363 2727 autoritate
1392 2688 1642 2739 comprabatu,
1661 2688 1751 2725 doc·

220 2755 320 2793 trina
347 2768 390 2792 ac
416 2755 500 2794 fide.
531 2755 606 2792 Hic
633 2769 718 2793 vero
746 2756 918 2799 dicimus,
945 2754 1040 2792 nihil
1067 2754 1203 2792 mirum
1230 2767 1321 2797 esse,
1349 2752 1558 2790 doctrinam
1585 2757 1751 2790 nostram

222 2821 308 2867 (68)
345 2820 427 2857 istis
462 2819 578 2857 videri
613 2832 761 2865 novam,
797 2818 1100 2870 quandoquidem
1136 2817 1337 2868 scripturas
1374 2821 1532 2862 sanctas,
1560 2817 1658 2854 unde
1684 2829 1751 2867 po-

220 2884 404 2922 tissimum
433 2887 488 2921 est
517 2883 721 2934 desumpta,
748 2887 811 2921 aut
838 2896 1032 2933 nunquam
1060 2883 1230 2932 legerunt
1257 2885 1320 2919 aut
1347 2881 1579 2930 negligenter
1610 2880 1749 2936 alioqui
