1818 3178
1484 100 1485 106 *
1513 97 1585 136 377

65 215 258 262 agnoscat,
293 210 395 249 aliud
432 222 531 255 vern,
559 210 742 260 virgulam
772 209 881 248 nobis
911 209 1119 247 censoriam
1145 208 1185 246 in
1213 221 1254 246 ea
1282 219 1460 258 usurpare
1488 207 1592 250 velle,

63 282 103 316 ut
140 277 185 315 de
220 276 273 315 eis
307 288 374 326 pro
412 279 542 313 nostro
569 274 726 312 arbitrio
754 278 972 320 statuamus,
999 286 1094 324 quae
1121 271 1382 311 commendare
1409 271 1593 309 duntaxat

62 345 193 380 nostro
236 338 451 379 testimonio
496 351 564 390 pro
611 338 736 377 debito
775 338 966 389 officioque
993 342 1124 375 nostro
1153 337 1342 376 debemus.
1397 335 1593 374 Caeterum

63 406 141 451 isti,
177 403 356 456 quoniam
382 403 476 440 nibil
506 403 606 440 aliud
634 416 746 454 quam
775 402 1009 440 dominatum
1037 401 1224 452 quendam
1251 401 1371 439 totius
1397 399 1593 449 religionis

68 470 138 508 sub
176 470 263 507 suco
290 467 482 505 Ecclesiae
507 467 749 513 meditantur,
774 479 841 518 pro
868 466 1028 504 testibus
1055 479 1098 504 ac
1125 465 1308 503 ministris
1337 464 1478 502 iudices
1506 477 1593 502 cen-

62 535 252 583 (80)sores
290 531 434 570 domini
470 535 582 582 atque
619 531 884 582 approbatores
924 529 1064 568 Christi
1100 529 1257 567 Domini
1283 529 1435 579 eiusque
1461 528 1593 566 Eccle-

64 598 139 636 siae
166 609 246 635 esse
273 596 419 634 volunt.
474 596 658 647 Discipuli
687 594 857 633 videlicet
886 607 996 646 supra
1023 593 1246 643 magistrum
1272 597 1308 632 et
1333 593 1448 641 legati
1475 593 1594 631 maio-

60 675 118 700 res
153 674 196 699 eo
232 661 296 712 qui
331 660 433 711 ipsos
470 660 670 708 ablegavit,
706 663 888 710 quatenns
927 671 1014 696 sane
1051 671 1071 695 a
1108 657 1259 696 Christo
1298 657 1461 695 Domino
1488 656 1595 695 missi

61 739 141 764 esse
168 726 286 765 videri
313 726 457 764 volunt.
513 724 597 763 Qua
625 736 716 762 vero
743 723 817 761 fide
845 723 956 760 verba
983 722 1191 772 Augustini
1218 735 1285 772 pro
1314 735 1352 760 se
1377 725 1593 772 torqueant,

59 790 98 827 id
127 803 214 828 sane
242 789 364 840 quivis
391 788 465 827 iam
493 802 538 826 ex
564 789 610 826 iis
639 801 734 838 quae
762 787 924 824 diximus
953 786 1077 825 videre
1103 791 1239 837 potest.

113 857 148 892 5.
203 853 356 899 Dicunt,
393 865 461 890 nos
497 853 595 890 inter
631 865 701 890 nos
728 851 829 903 ipsos
856 851 897 888 in
924 851 1051 889 multis
1081 850 1275 888 doctrinae
1303 850 1488 901 capitibus
1517 849 1595 887 dis-

61 919 192 965 sidere,
237 923 348 969 atque
384 919 438 956 ita
482 918 664 955 incertam
698 930 777 955 esse
813 916 1024 954 doctrinam
1061 919 1241 961 nostram,
1276 915 1414 953 nedum
1452 919 1491 953 ut
1526 927 1595 966 pro

61 984 233 1023 doctrina
271 983 471 1033 Euangelii
500 983 641 1020 Christi
669 981 824 1032 agnosci
851 981 1039 1032 recipique
1068 981 1199 1019 debeat
1226 981 1304 1018 ullo
1332 980 1456 1019 modo.
1486 980 1597 1018 Nihil

62 1062 138 1087 non
173 1052 333 1095 tentant,
368 1061 440 1099 quo
479 1048 688 1085 doctrinam
723 1050 892 1084 nostram
930 1046 1128 1091 infament,
1163 1058 1207 1083 ac
1234 1045 1417 1083 festucam
1444 1045 1596 1095 quidem

61 1113 102 1150 in
137 1113 255 1150 oculis
289 1112 430 1150 nostris
467 1111 607 1157 vident,
644 1114 827 1149 caeterum
856 1110 1001 1148 trabem
1026 1109 1067 1147 in
1096 1110 1173 1148 suis
1199 1109 1365 1160 ipsorum
1395 1109 1510 1147 oculis
1541 1111 1595 1148 vi-

63 1178 148 1216 dere
193 1191 270 1216 non
311 1180 481 1228 possunt.
535 1176 618 1213 Nos
661 1175 812 1226 quidem
849 1174 1005 1212 dissidia
1041 1174 1224 1225 quaedam
1261 1174 1360 1212 inter
1396 1172 1596 1224 Euangelii

62 1243 292 1294 professores
328 1254 408 1279 esse
445 1254 523 1279 non
551 1240 763 1285 diffitemur,
791 1243 904 1290 atque
932 1238 993 1276 hic
1019 1251 1089 1276 nos
1117 1238 1288 1275 homines
1316 1251 1396 1276 esse
1423 1238 1597 1288 agnosci-

62 1321 145 1345 mus
171 1312 207 1345 et
243 1306 362 1344 vicem
389 1305 643 1343 Ecclesiarum
671 1304 743 1342 hoc
770 1304 924 1342 nomine
952 1317 1041 1342 sane
1069 1303 1250 1342 dolemus„
1306 1303 1378 1341 Sed
1406 1303 1446 1341 in
1475 1303 1597 1341 omni·

62 1372 131 1410 bus
159 1371 299 1410 nostris
327 1370 493 1409 dissidiis
521 1370 809 1407 fundamentum
836 1369 1083 1406 nihilominus
1110 1368 1353 1419 Apostolicae
1381 1368 1597 1406 Confessio-

61 1436 119 1474 nis
156 1435 193 1473 et
231 1439 446 1473 constanter
484 1447 613 1472 omnes
649 1446 715 1484 per
750 1433 821 1471 Dei
859 1433 1019 1482 gratiam
1047 1431 1085 1470 et
1112 1432 1340 1470 unanimiter
1367 1433 1599 1483 profitemur,

61 1499 162 1550 quod
190 1500 276 1547 (81)
313 1501 439 1536 tamen
476 1496 523 1534 ab
560 1496 642 1535 istis
671 1496 912 1534 dissidiorum
940 1499 1156 1534 nostrorum
1183 1495 1468 1534 accusatoribus
1497 1496 1598 1534 varie

61 1563 287 1615 impetitum,
324 1562 567 1600 obscuratum
595 1561 755 1612 denique
782 1566 818 1599 et
846 1561 1027 1599 violatum
1054 1549 1145 1606 esse,
1173 1561 1282 1598 facile
1311 1560 1436 1598 doceri
1461 1564 1596 1612 potest.

62 1627 146 1665 Etsi
180 1631 305 1666 autem
343 1627 454 1678 culpa
482 1639 548 1664 sua
576 1639 654 1664 non
682 1630 832 1664 careant
860 1625 1011 1676 quaevis
1039 1625 1079 1663 in
1106 1625 1289 1674 religione
1319 1625 1486 1671 dissidia,
1512 1625 1597 1676 plu-

65 1693 201 1730 rimum
237 1695 360 1729 tamen
389 1691 556 1736 interest,
583 1690 774 1728 violentne
801 1694 865 1738 aut
893 1703 970 1727 non
998 1689 1140 1727 violent
1167 1689 1405 1728 fundamenti
1431 1691 1599 1741 Aposto-

60 1757 125 1794 lici
161 1756 286 1794 fidem.
340 1755 497 1799 Deinde,
534 1755 771 1793 destinatone
806 1755 963 1792 consilio
1001 1768 1049 1792 an
1087 1768 1172 1793 vero
1214 1768 1279 1806 per
1304 1755 1597 1807 imprudentiam

62 1824 174 1870 atque
204 1818 460 1856 infirmitatem
497 1818 650 1857 violent.
703 1819 827 1869 Atque
864 1831 952 1856 sane
979 1832 1169 1870 nunquam
1198 1819 1270 1857 fuit
1296 1819 1348 1857 ita
1376 1820 1491 1858 foelix
1520 1824 1596 1858 sta-

60 1888 120 1921 tus
148 1882 338 1920 Ecclesiae
366 1882 519 1927 Christi,
545 1886 632 1933 post
660 1883 862 1933 Apostolos
889 1883 1119 1934 praesertim,
1146 1883 1314 1935 adeoque
1339 1888 1375 1922 et
1403 1885 1471 1922 sub
1490 1887 1597 1936 Apo-

62 1947 170 1986 stolis
206 1947 309 1998 ipsis,
345 1950 384 1984 ut
420 1959 498 1984 non
535 1959 676 1997 semper
704 1946 846 1998 aliquid
873 1948 912 1985 in
940 1947 1017 1993 illa,
1044 1947 1154 1986 etiam
1183 1948 1280 1985 inter
1308 1948 1407 1986 viros
1436 1948 1596 1986 sanctis-

66 2013 192 2057 simos,
219 2011 462 2049 dissidiorum
489 2016 598 2058 esset,
625 2012 691 2049 sed
718 2012 856 2063 quibus
877 2012 1028 2050 interim
1055 2012 1137 2063 ipsa
1164 2013 1402 2051 fundamenti
1430 2014 1598 2064 Aposto-

62 2077 126 2115 lici
161 2077 253 2115 fides
292 2077 329 2114 in
360 2076 515 2115 dubium
543 2090 735 2128 nunquam
764 2077 981 2116 vocabatur.
1034 2078 1095 2116 Ita
1124 2081 1159 2116 et
1187 2091 1289 2116 nunc
1316 2078 1472 2116 dissidia
1499 2078 1600 2117 inter

65 2154 133 2180 nos
170 2145 297 2179 extare
335 2140 502 2178 dolemus
539 2141 701 2192 quidem,
735 2141 799 2179 sed
838 2154 914 2179 non
943 2155 1061 2192 usque
1087 2141 1179 2179 adeo
1207 2141 1400 2188 miramur,
1426 2141 1598 2193 quando·

57 2207 217 2258 quidem
253 2205 328 2243 illis
367 2205 535 2244 Ecclesia
572 2219 763 2257 nunquam
801 2207 930 2245 caruit.
985 2206 1058 2244 Sed
1095 2206 1281 2244 eiusmodi
1319 2206 1474 2244 dissidia
1501 2207 1601 2245 inter

65 2283 134 2308 nos
170 2270 274 2308 nulla
310 2270 562 2320 agnoscimus,
589 2284 683 2321 quae
711 2271 897 2308 destinato
927 2271 1083 2309 consilio
1113 2271 1224 2309 fidem
1252 2271 1490 2309 fundamenti
1518 2272 1600 2309 vio-

63 2336 142 2373 lent
179 2347 328 2386 quoquo
367 2334 491 2381 mod0‚
528 2335 652 2385 qualia
688 2335 839 2373 interim
874 2335 973 2386 apud
1000 2335 1171 2386 Papistas
1201 2335 1486 2374 commonstrari
1511 2348 1602 2387 pos-

64 2404 164 2439 sunt.
219 2399 363 2437 Deinde
399 2413 643 2451 quaecunque
680 2404 767 2438 sunt
802 2400 899 2438 inter
928 2413 996 2438 nos
1025 2400 1192 2446 dissidia,
1218 2413 1260 2438 ea
1289 2400 1600 2452 scrip-(82)tura-

63 2478 144 2503 rum
183 2477 361 2503 censurae
389 2465 609 2503 subiicimus
638 2465 764 2503 omnia
792 2465 1073 2516 expetimusque
1100 2465 1246 2516 piorum
1277 2465 1356 2503 sine
1385 2465 1600 2503 discrimine

66 2530 232 2568 omnium
271 2529 441 2567 modesta
478 2530 597 2568 libera
632 2530 919 2581 Christianaque
957 2530 1155 2580 colloquia,
1191 2531 1312 2580 parati
1339 2543 1422 2568 cum
1450 2530 1602 2581 publica

65 2594 183 2633 nostri
218 2594 482 2645 pndefactione
517 2598 662 2633 mutare
698 2595 933 2641 sententiam,
975 2595 1007 2632 si
1035 2608 1080 2632 ex
1108 2595 1222 2632 verbo
1251 2594 1321 2633 Dei
1347 2595 1503 2632 meliora
1532 2595 1600 2632 do-

66 2672 224 2699 ceamur.
279 2659 429 2697 Quodsi
464 2659 526 2696 isti
562 2659 664 2710 pacis
700 2672 744 2696 ac
771 2659 993 2697 concordiae
1021 2659 1306 2698 Ecclesiasticae
1334 2659 1459 2698 studio
1488 2659 1601 2696 dissi-

67 2722 126 2760 dia
161 2729 289 2762 nostra
325 2729 514 2769 accusant,
552 2737 682 2775 nempe
718 2728 772 2770 ut,
808 2724 862 2762 sic
888 2724 956 2762 ubi
982 2729 1045 2762 aut
1072 2738 1093 2762 a
1120 2725 1230 2763 nobis
1258 2729 1322 2763 aut
1350 2725 1398 2763 ab
1425 2723 1517 2775 ipsis
1545 2728 1603 2762 et·

64 2786 138 2825 iam
174 2801 195 2826 a
231 2801 344 2840 scopo
389 2789 604 2827 aberratum
641 2793 708 2835 est,
744 2789 791 2826 ad
828 2789 925 2827 viam
962 2802 1089 2827 rursus
1125 2793 1265 2828 rectam
1302 2790 1406 2827 iuxta
1444 2788 1600 2827 verbum

63 2849 132 2888 Dei
172 2852 380 2900 reducatur,
417 2853 619 2892 instituant
656 2852 867 2892 Christiana
909 2853 1077 2893 modesta
1105 2853 1185 2893 sine
1214 2853 1393 2893 conviciis
1422 2865 1464 2891 ac
1491 2865 1599 2905 prae-
