1818 3178
477 117 527 144 DE
556 116 842 145 saanMEN'ris
873 116 1087 144 EGCLESIAE
1115 116 1296 144 cnmsm.
1583 109 1650 144 159

127 232 210 258 cum
255 219 353 270 apud
397 222 551 256 matrem
588 219 706 269 ipsam
741 223 778 258 et
812 218 1010 257 Paulinum
1052 231 1180 256 rursus
1222 217 1490 263 testimonium,
1525 218 1584 255 cui
1619 222 1655 256 et

123 284 332 334 Prophetae
367 282 508 332 alioqui
543 286 578 320 et
606 283 898 320 Israeliticorum
936 282 1204 319 sacrificiorum
1242 281 1396 319 umbrae
1423 281 1545 319 modis
1574 294 1654 318 om-

124 348 235 386 nibus
272 347 534 398 astipulantur.
591 348 758 396 Angelus
795 347 893 385 enim
923 351 1094 384 sanctum
1122 350 1243 389 vocat,
1271 346 1374 397 quod
1402 346 1507 396 virgo
1535 350 1653 383 mater

123 426 168 450 ex
213 425 290 449 sese
334 417 462 448 autore
505 411 636 461 spiritu
685 415 815 448 sancto
851 411 1093 461 progenitura
1142 415 1231 454 erat,
1268 416 1303 448 et
1340 410 1475 448 Paulus
1511 410 1654 461 peccati

129 475 383 514 conditionem
421 475 557 512 diserte
593 475 730 526 excipit
765 475 804 514 in
833 475 973 512 Christi
1001 474 1154 512 Domini
1190 474 1433 519 humanitate,
1460 479 1501 511 ut
1529 478 1655 512 osten·

127 540 202 585 dat,
248 540 510 587 substan-(fol.
540 540 718 588 521‚)tiam
763 539 912 589 quidem
957 539 1074 589 ipsam
1113 539 1235 576 carnis
1276 543 1426 576 nostrae
1462 538 1657 584 naturalis,

126 605 248 656 qualis
287 605 456 642 videlicet
491 605 531 642 in
569 604 714 642 Adamo
743 608 828 641 ante
856 608 1046 654 peccatum
1073 604 1206 648 suerat,
1234 603 1424 641 Christum
1451 603 1656 642 Dominum

124 670 164 708 in
201 683 240 707 se
275 670 537 720 assumpsisse;
578 675 763 707 caeterum
800 672 1029 705 contractam
1065 668 1167 705 illam
1204 673 1289 719 post
1315 672 1506 719 peccatum
1535 669 1656 720 quali-

123 739 240 773 tatem
285 734 402 785 ipsius
450 748 526 772 non
572 735 674 777 item,
708 746 840 783 nempe
875 732 1107 783 peccatinut
1145 733 1286 770 dictum
1318 737 1385 779 est,
1428 734 1655 773 servitutem.

128 799 316 849 Quodque
353 799 446 836 alibi
475 799 666 850 Scriptura
692 799 756 842 ait,
782 798 888 835 illum
918 797 1111 835 sustulisse
1147 803 1338 848 peccatum
1373 799 1518 843 mundi,
1543 799 1583 836 in
1609 799 1656 836 il-

124 864 201 901 lum
241 864 442 901 translatas
479 875 558 900 esse
594 875 722 899 omnes
757 861 975 911 iniquitates
1017 866 1177 905 nostras,
1222 866 1257 898 et
1285 874 1378 911 quae
1405 862 1483 899 eins
1510 863 1657 911 generis

127 928 324 971 habentur,
351 927 389 964 id
417 927 470 977 pii
497 939 625 964 omnes
652 925 869 974 intelligunt
896 937 961 975 pro
1000 925 1128 976 culpae
1156 930 1393 975 peccatorum
1413 926 1658 977 imputatione

126 991 385 1042 accipiendum
413 1004 503 1035 esse,
531 990 601 1027 hoe
628 993 695 1034 est,
724 990 871 1040 culpam
899 993 1134 1039 peecatorum
1163 994 1379 1028 nostrorum
1415 1004 1480 1035 seu
1515 991 1655 1042 iniqui-

128 1059 247 1094 tatum
284 1061 494 1093 nostrarum
527 1054 774 1104 imputatione
801 1053 920 1090 divini
946 1053 1075 1090 iudicii
1103 1054 1140 1091 in
1168 1053 1291 1104 ipsum
1319 1055 1536 1093 translatam
1565 1070 1657 1100 esse,

129 1126 170 1159 ut
199 1121 364 1172 corporis
392 1119 450 1157 sui
476 1118 705 1156 immaculati
732 1118 924 1155 oblatione
951 1118 1210 1169 propitiatoria
1237 1121 1459 1170 expiaretur.

178 1184 432 1223 Substantiam
462 1183 645 1220 duntaxat
672 1183 788 1232 igitur
817 1183 938 1221 carnis
966 1187 1115 1220 nostrae
1142 1185 1342 1235 assumpsit
1369 1198 1389 1222 a
1418 1186 1526 1223 nobis
1548 1186 1656 1223 Clu-i-

127 1257 205 1288 stus
242 1249 427 1287 Dominus
454 1249 493 1285 in
522 1248 753 1286 instituenda
781 1248 978 1285 nobiseum
1009 1249 1283 1296 communione,
1311 1263 1385 1287 non
1415 1255 1536 1288 autem
1565 1265 1655 1302 qua-

126 1316 267 1352 litatem
293 1314 407 1360 illius,
436 1326 568 1364 nempe
593 1313 736 1364 peccati
765 1314 991 1356 servitutem,
1019 1327 1113 1364 quae
1142 1327 1217 1351 non
1246 1315 1418 1365 equidem
1443 1329 1508 1366 per
1536 1316 1656 1354 nostri

125 1380 361 1425 creationem,
398 1378 460 1416 sed
490 1391 555 1428 per
581 1378 863 1429 progenitorum
893 1383 1105 1416 nostrorum
1135 1385 1340 1430 peccatum,
1367 1381 1477 1418 nobis
1505 1383 1655 1432 propria

123 1457 204 1482 esse
231 1443 364 1493 coepit.
394 1442 567 1480 Qualitas
595 1446 717 1479 autern
749 1443 870 1480 carnis
900 1447 1047 1480 nostrae
1073 1456 1138 1494 per
1163 1448 1357 1494 peccatum
1376 1445 1529 1483 inducta
1546 1447 1654 1484 nobis

124 1507 262 1545 mansit
288 1507 437 1558 propria
465 1507 503 1544 in
533 1506 673 1544 Christi
702 1506 855 1544 Domini
881 1507 1150 1546 incarnatione.

176 1572 343 1622 Reliquit
378 1585 487 1622 porro
527 1571 636 1609 nobis
665 1571 787 1608 adhuc
814 1572 1002 1622 propriam
1032 1572 1153 1610 carnis
1183 1577 1331 1611 nostrae
1367 1575 1585 1625 qualitatem
1621 1577 1653 1614 i-

125 1643 219 1675 stam
243 1637 413 1674 Christus
444 1637 607 1689 Do-(i'ol.
637 1637 847 1684 53²²)minus
875 1637 912 1674 in
943 1650 1007 1674 sna
1035 1637 1307 1684 incarnatione,
1334 1642 1376 1676 ut
1405 1639 1652 1677 substantiam

126 1702 247 1739 carnis
284 1706 433 1739 nostrae
465 1702 505 1738 in
543 1714 608 1738 suo
649 1714 803 1752 corpore
839 1715 902 1752 per
946 1715 1051 1739 suam
1094 1703 1349 1741 obedientiam
1394 1705 1655 1749 sanctificaret,

125 1766 439 1817 quemadmodum
465 1767 567 1803 illam
594 1766 738 1816 primus
767 1770 894 1803 noster
921 1766 1141 1816 progenitor
1168 1767 1258 1804 olim
1287 1781 1351 1818 per
1379 1782 1484 1806 suam
1520 1769 1653 1807 inobe-

126 1831 303 1868 dientiam
339 1831 379 1868 in
414 1831 589 1868 universa
628 1844 691 1868 sua
719 1830 935 1881 posteritate
963 1831 1248 1878 contaminarat,
1274 1836 1397 1883 atque,
1424 1834 1654 1873 sanctificata

124 1894 176 1931 ita
214 1893 360 1930 demum
396 1893 436 1930 in
466 1906 503 1930 se
532 1906 639 1930 carne
667 1897 806 1939 nostra,
834 1893 1052 1943 qualitatem
1081 1895 1202 1932 carnis
1231 1899 1380 1933 nostrae
1408 1897 1517 1934 nobis
1545 1899 1653 1935 relic—

125 1965 215 2002 tam,
242 1957 362 1995 sancti
390 1958 556 2008 corporis
585 1957 641 1995 sni
668 1957 858 1995 oblatione
885 1958 968 1994 loco
997 1963 1125 1996 nostro
1155 1960 1265 2004 facta,
1290 1960 1467 2010 expiaret,
1502 1962 1655 2012 perinde

125 2027 236 2072 atque
263 2021 294 2059 si
321 2021 489 2059 omnium
516 2021 731 2059 mortalium
760 2022 1051 2059 nocentissimus
1079 2027 1185 2060 esset.

178 2085 223 2123 Id
261 2099 349 2123 sane
384 2090 571 2136 praestare
610 2099 687 2123 non
722 2090 868 2136 poterat
906 2099 1030 2122 coram
1066 2086 1165 2123 iusto
1193 2086 1309 2136 patris
1347 2087 1404 2123 sni
1435 2088 1588 2134 iudicio,
1623 2090 1655 2126 si

127 2163 210 2188 cum
240 2150 361 2187 carnis
390 2154 538 2187 nostrae
567 2151 777 2188 substantia
807 2150 1024 2200 qualitatem
1052 2163 1199 2200 quoqne
1225 2151 1326 2188 illius
1354 2151 1392 2188 in
1430 2165 1467 2189 se
1495 2153 1653 2203 recepis-

127 2220 194 2253 set.
247 2214 410 2252 Proinde
438 2214 538 2251 Deus
566 2214 729 2264 optimus
757 2214 808 2251 ita
837 2217 892 2251 est
920 2214 1135 2251 moderatus
1173 2215 1372 2252 consilium
1409 2216 1556 2254 divinae
1586 2217 1654 2254 hac

128 2279 168 2316 in
204 2282 308 2329 parte
344 2278 602 2329 providentiae
636 2291 734 2323 suae,
782 2281 834 2322 ut,
869 2278 1044 2327 quoniam
1083 2278 1232 2315 Christo
1271 2279 1433 2317 Domino
1469 2281 1509 2318 in
1547 2295 1656 2319 carne

129 2347 258 2381 nostra
294 2356 370 2380 non
406 2355 474 2392 pro
511 2355 593 2386 suo,
627 2341 727 2392 quod
763 2342 906 2379 nullum
945 2341 1118 2386 habebat,
1146 2342 1208 2379 sed
1236 2356 1302 2393 pro
1331 2348 1460 2382 nostro
1488 2347 1655 2385 omnium

130 2412 280 2459 peccato
319 2406 552 2444 moriendum
588 2411 677 2452 erat,
713 2406 958 2443 substantiam
996 2406 1179 2444 duntaxat
1215 2408 1338 2445 carnis
1375 2415 1525 2448 nostrae
1550 2412 1588 2448 in
1618 2426 1656 2449 se

130 2473 320 2523 reciperet,
345 2494 395 2500 —-
416 2485 491 2508 non
511 2475 632 2509 autem
653 2470 880 2520 qualitatem.
910 2470 1064 2520 Alioqui
1086 2470 1115 2507 si
1135 2471 1350 2521 qualitatem
1370 2487 1516 2525 quoque
1535 2477 1656 2514 carnis

130 2543 279 2576 nostrae
308 2550 392 2574 cum
419 2537 497 2574 eius
526 2535 734 2573 substantia
763 2535 971 2585 recepisset,
998 2547 1129 2585 nempe
1156 2537 1298 2586 peccati
1326 2539 1552 2585 servitutem,
1580 2554 1654 2579 non

130 2602 185 2640 illi
220 2603 294 2640 iam
330 2615 398 2653 pro
435 2601 544 2639 nobis
581 2603 756 2638 nostrove
790 2604 953 2650 peccato,
988 2598 1051 2636 sed
1079 2612 1145 2650 pro
1175 2600 1294 2651 seipso
1324 2615 1464 2654 suoque
1491 2611 1656 2655 peccato,

131 2667 365 2705 moriendum
392 2667 536 2704 fuisset.

183 2732 237 2770 Ut
272 2731 391 2781 igitur
417 2744 494 2769 non
522 2743 588 2781 pro
618 2742 655 2767 se
683 2741 823 2779 suoque
851 2727 967 2778 ipsius
989 2732 1153 2779 peccato,
1182 2730 1244 2767 sed
1272 2744 1339 2782 pro
1368 2732 1477 2770 nobis
1505 2738 1655 2773 nostro-

133 2809 205 2846 que
238 2800 402 2846 peccato,
439 2795 534 2832 mori
569 2794 607 2831 in
645 2806 754 2830 carne
789 2797 928 2838 nostra,
963 2792 1167 2844 mortisque
1195 2807 1281 2832 suae
1307 2797 1437 2833 merito
1467 2799 1654 2849 propriam

134 2860 257 2899 adhuc
281 2860 385 2898 illam
412 2860 496 2908 (fol.
526 2858 611 2906 53¹³)
641 2857 762 2896 carnis
790 2860 939 2895 nostrae
965 2857 1003 2894 in
1033 2858 1171 2896 nostris
1191 2860 1408 2911 corporibus
1426 2863 1657 2915 qualitatem,
