1818 3178
148 146 216 182 134
492 150 542 176 DE
571 145 850 175 SACRAMENTIS
881 144 1094 171 ECCLESIAE
1122 144 1301 173 CHRISTI.

205 255 262 291 Ad
292 254 389 290 hunc
431 250 543 299 igitur
587 247 738 284 modum
776 249 811 282 et
848 247 1165 288 sacramentorum
1201 246 1305 294 signa
1344 259 1417 283 non
1447 251 1555 295 egent
1581 248 1657 285 ulla

149 317 409 356 miraculorum
453 309 782 353 commendatione,
818 321 910 359 quae
946 311 1033 345 sunt
1068 308 1115 345 ab
1151 309 1301 347 illorum
1338 313 1472 347 natura
1505 322 1658 360 prorsus

148 382 278 424 aliena,
313 378 375 416 sed
407 389 506 419 mox,
538 378 579 411 ut
607 374 713 422 signa
741 373 952 417 intuemun·
971 372 1080 409 facile
1105 371 1362 422 intelligimus,
1388 374 1567 425 quidnam
1595 375 1658 413 de-

148 446 292 492 signent
327 443 546 478 attestentur
581 451 625 475 ac
659 439 934 487 repraesentent
972 449 1016 473 ex
1053 436 1193 475 Christi
1229 438 1382 476 Domini
1407 439 1656 479 institutione.

145 508 192 544 Et
228 510 313 543 sunt
350 508 533 554 praeterea
570 501 675 550 signa
713 501 767 538 rei
803 500 884 547 (fol.
914 501 995 549 23³)
1022 502 1058 536 et
1084 502 1302 550 praeteritae
1329 506 1363 540 et
1389 503 1594 553 praesentis
1622 508 1657 541 et

146 572 308 607 futurae:
343 579 471 616 nempe
509 564 782 618 communionis
821 568 970 601 nostrae
1003 576 1087 600 cum
1122 564 1271 602 Christo
1306 565 1470 604 Domino
1505 567 1545 604 in
1573 581 1655 604 cor-

142 647 229 685 pore
265 637 299 669 et
326 631 505 679 sanguine
531 629 660 680 ipsius,
689 628 829 665 delatae
858 627 966 665 nobis
993 627 1033 664 in
1057 627 1216 674 Adamo,
1241 629 1361 679 primo
1389 631 1479 668 olim
1505 635 1658 682 parente

142 701 282 740 nostro,
308 708 371 745 per
396 693 693 744 promissionem,
722 692 890 730 durantis
918 692 1123 729 etiamnum
1150 697 1341 743 perpetuo,
1367 698 1403 732 et
1429 697 1538 745 plene
1565 696 1656 733 olim

139 761 259 798 adhuc
286 758 525 796 declarandae
550 757 591 794 in
616 761 849 794 mortuorum
875 756 1159 795 resurrectione.

189 824 359 861 Diximus
386 835 483 868 vcro,
511 821 671 858 visibilia
698 834 777 858 esse
803 821 986 858 eiusmodi
1014 821 1120 869 signa
1151 822 1492 869 Sacramentorum,
1526 828 1576 861 ub
1595 838 1656 862 eas

141 888 208 925 Dei
242 886 508 928 institutiones,
544 897 637 934 quae
674 885 912 921 Sacramenta
941 897 1129 928 vocamuS,
1157 884 1203 921 ab
1232 884 1315 922 aliis
1343 885 1479 923 divinis
1506 887 1657 925 institu-

138 951 302 988 tionibus
348 949 611 993 discernamus,
652 962 745 998 quae
791 961 908 998 neque
946 953 1205 986 controversae
1244 953 1331 986 sunt
1369 951 1660 1001 quoquomodo,

143 1027 259 1063 neque
285 1013 380 1049 inter
408 1012 645 1048 Sacramenta
674 1011 858 1048 numerari
886 1014 1172 1049 consueverunt.
1212 1012 1307 1049 Sunt
1335 1012 1434 1049 enim
1461 1026 1538 1050 non
1565 1027 1656 1064 pau-

143 1093 203 1116 cae
231 1078 376 1115 divinae
393 1077 645 1114 ordinationes
670 1075 709 1112 in
730 1076 918 1112 Ecclesiae
935 1075 1047 1113 etiam
1068 1076 1275 1113 ministerio
1295 1076 1450 1127 positae,
1468 1083 1503 1115 et
1521 1078 1660 1116 habent

141 1143 211 1180 sibi
245 1143 436 1179 adiunctas
473 1140 601 1177 salutis
637 1139 902 1190 promissiones
937 1140 977 1176 in
1015 1139 1179 1186 Christo,
1213 1161 1261 1168 —
1291 1141 1367 1186 sed,
1393 1141 1480 1191 quia
1507 1141 1657 1190 signum

140 1208 284 1245 visibile
317 1207 459 1243 nullum
504 1205 654 1248 habent,
691 1203 789 1254 quod
827 1204 874 1241 sit
912 1203 1091 1241 divinitus
1127 1204 1356 1249 institutum,
1391 1207 1489 1243 inter
1526 1207 1657 1244 Sacra-

139 1275 260 1308 menta
296 1269 414 1306 nostri
449 1268 606 1317 generis,
641 1268 736 1304 circa
770 1281 864 1317 quae
901 1268 1176 1305 controversiae
1212 1273 1361 1306 exortae
1389 1275 1488 1315 sunt,
1517 1271 1657 1308 censeri

142 1348 216 1371 non
259 1337 426 1383 possunt.
470 1336 508 1368 ut
550 1332 699 1382 publica
738 1331 935 1380 Euangelii
968 1332 1209 1382 praedicatio,
1241 1333 1392 1383 publica
1428 1334 1657 1372 remissionis

139 1403 370 1448 peccatorum
399 1396 638 1433 annunciatio
667 1399 702 1433 et
730 1409 877 1446 praeces
905 1396 1078 1446 publicae
1106 1397 1143 1433 in
1174 1397 1339 1434 Ecclesia
1369 1398 1523 1436 Christi.

192 1461 248 1498 Ita
285 1460 516 1509 Augustinus
554 1460 835 1496 Sacramentum
872 1459 1018 1496 visibile
1046 1460 1322 1510 quodammodo
1351 1461 1503 1498 verbum
1532 1462 1659 1511 appel-

141 1526 204 1569 lat,
248 1525 410 1575 adeoque
454 1529 488 1561 et
523 1537 589 1574 pro
626 1524 705 1574 ipso
743 1524 851 1573 signo
890 1524 1027 1560 visibili
1063 1525 1293 1562 Sacramenti
1328 1538 1456 1563 vocem
1492 1531 1661 1577 usurpat,

142 1590 239 1639 quod
269 1589 346 1626 sinc
374 1589 480 1636 signo
509 1588 646 1625 visibili
676 1589 955 1625 Sacramentum
984 1588 1184 1625 consistere
1213 1601 1286 1626 non
1316 1589 1400 1637 (fol.
1421 1590 1507 1636 23l’)
1528 1590 1660 1639 possit,

144 1653 242 1703 quod
278 1653 359 1689 ideo
397 1652 534 1702 alioqui
562 1652 723 1695 additur,
750 1657 791 1689 ut
817 1653 855 1690 in
885 1653 1013 1689 oculos
1040 1653 1235 1691 incurrens
1264 1666 1329 1690 suo
1358 1654 1518 1704 quodam
1546 1655 1658 1692 modo

140 1718 241 1767 loqui
269 1717 445 1754 videatur.

195 1781 395 1823 Caeterum,
430 1780 606 1830 quidnam
644 1780 710 1817 sub
747 1780 845 1829 signi
881 1793 969 1818 voce
995 1781 1282 1830 intelligendum
1311 1781 1358 1818 sit
1384 1781 1424 1818 in
1453 1795 1562 1820 causa
1591 1783 1657 1819 Sa-

144 1845 395 1888 cramentaria,
428 1844 466 1881 id
504 1858 587 1881 vero
626 1845 795 1882 nonnihil
826 1850 1104 1882 controversum
1132 1859 1211 1883 esse
1239 1845 1397 1884 videtur.
1452 1847 1529 1884 Alii
1556 1847 1656 1884 enim

144 1910 211 1945 sub
249 1909 345 1957 signi
380 1922 466 1946 voce
493 1909 651 1957 intelligi
679 1910 808 1947 volunt
835 1910 953 1960 ipsam
980 1915 1152 1947 externae
1181 1910 1352 1953 actionis,
1380 1915 1420 1948 ut
1447 1915 1502 1948 est
1529 1925 1549 1948 a
1577 1911 1657 1948 Do-

140 1974 239 2010 mino
277 1973 457 2017 instituta,
493 1973 733 2010 ceremoniam
764 1987 827 2010 seu
853 1974 1024 2012 formam.
1079 1974 1155 2011 Alii
1184 1988 1282 2017 vero,
1310 1988 1380 2020 res,
1407 1988 1500 2025 quac
1527 1988 1572 2012 ex
1600 1975 1658 2012 di-

140 2038 222 2074 vina
259 2037 492 2074 institutione
518 2037 657 2073 actioni
684 2037 754 2087 ipsi
782 2037 1018 2075 adhibentur.
1073 2041 1200 2089 Atque
1227 2038 1290 2075 alii
1317 2051 1467 2075 rursum
1493 2039 1655 2089 promis-

141 2114 206 2137 cuc
242 2113 365 2137 vocem
400 2100 496 2148 signi
533 2100 571 2136 in
602 2101 848 2138 Sacramentis
876 2106 1070 2151 usurpant,
1098 2116 1227 2152 nempe
1252 2101 1476 2152 quandoque
1503 2115 1569 2152 pro
1598 2116 1656 2140 re-

142 2164 208 2200 bus
235 2164 582 2213 ipsis,‚quandoque
608 2177 673 2213 pro
704 2165 908 2201 ceremonia
937 2165 1015 2215 ipsa
1044 2179 1106 2202 seu
1135 2166 1293 2204 actione.

192 2227 267 2263 Qui
303 2240 427 2263 vocem
463 2226 560 2275 signi
596 2227 804 2277 promiscue
833 2234 1021 2278 usurpant,
1047 2229 1122 2266 iam
1148 2242 1215 2280 pro
1243 2230 1355 2267 rebus
1382 2229 1521 2267 actioni
1547 2230 1656 2267 abhi-

143 2290 240 2330 bitis,
284 2290 356 2326 iam
394 2303 475 2327 vcro
512 2303 578 2340 pro
615 2291 693 2340 ipsa
727 2291 884 2334 actione,
922 2292 1013 2331 nihil
1054 2293 1341 2342 suspicabantur
1379 2293 1423 2330 de
1459 2293 1658 2330 exorituris

144 2355 242 2390 hisce
270 2354 457 2390 doctrinae
485 2354 659 2398 dissidiis,
687 2368 779 2405 quae
807 2369 906 2392 nunc
932 2357 1091 2394 excitata
1120 2357 1303 2403 videmus3
1332 2361 1367 2394 et
1396 2357 1504 2394 simul
1530 2362 1657 2394 osten-

143 2417 234 2453 dunt
263 2417 305 2452 ad
334 2423 516 2466 utrunque
544 2418 694 2454 modum
722 2419 820 2467 signi
849 2433 972 2457 vocem
1002 2421 1173 2471 usurpari
1199 2434 1319 2471 posse,
1338 2420 1651 2470 quemadmodum

141 2481 246 2527 sig-na
274 2481 380 2516 ctiam
410 2481 599 2527 signorum
628 2495 705 2519 esse
731 2483 967 2532 Augustinus
997 2485 1116 2523 (locet.

193 2544 267 2581 Qui
306 2557 388 2580 vcro
417 2545 484 2580 sub
512 2545 607 2592 signi
636 2560 723 2583 voce
751 2560 806 2584 res
833 2547 931 2598 ipsas
960 2549 1177 2599 intelligunt
1205 2550 1242 2587 in
1272 2552 1491 2598 argumento
1521 2550 1653 2586 Sacra-

141 2606 331 2648 nrcntario,
367 2620 459 2655 quac
494 2607 684 2645 institutae
721 2623 740 2644 a
779 2609 857 2646 Deo
886 2611 1024 2648 actioni
1053 2612 1290 2656 adhibentur,
1319 2625 1395 2649 non
1424 2617 1568 2662 praeter
1594 2625 1653 2649 re-

141 2675 282 2720 ceptum
325 2683 462 2707 rnorem
499 2671 533 2707 id
572 2672 716 2720 quidem
755 2675 907 2712 faciunt.
963 2676 1050 2713 Non
1088 2690 1172 2714 raro
1209 2678 1305 2714 enirn
1335 2681 1370 2714 et
1398 2690 1532 2720 rerum,
1560 2689 1654 2727 quac

141 2735 391 2782 designantur,
419 2733 568 2770 nomina
604 2735 642 2772 in
671 2736 775 2784 signa
802 2738 894 2788 ipsa,
919 2760 971 2767 —
998 2744 1033 2777 et
1061 2740 1159 2789 signi
1195 2753 1341 2777 rursum
1372 2753 1506 2777 nomen
1534 2739 1570 2776 in
1601 2753 1656 2783 ea,

180 2873 204 2911 ¹)
230 2873 267 2904 ln
291 2872 371 2904 libro
393 2874 412 2905 4
436 2874 473 2905 de
495 2874 654 2915 magistro.
