1818 3178
179 92 254 130 304

177 201 309 239 Ioan.
336 199 359 238 32
385 200 553 237 Lasso.
742 215 743 218 ¹
1136 198 1199 234 25.

202 263 422 301 Particulam
443 273 521 298 usu
534 273 572 296 r·
758 304 765 309 x
1004 253 1333 309 Westphalus.

176 341 226 365 su
236 327 298 364 m'’
318 325 482 363 localiter
493 336 572 360 om·
676 323 766 359 Ideo
827 323 972 360 Lascus
1025 324 1252 371 particulam
1318 336 1335 359 3
1345 336 1368 358 u
1380 336 1399 358 r
1410 335 1426 358 s
1436 335 1459 358 u
1473 336 1504 357 m
1557 322 1704 369 exponit

174 391 264 428 nino
287 401 573 439 expono,quan-
626 388 803 429 localiter,
853 388 963 436 quasi
1003 386 1169 424 Christus
1205 388 1258 424 ad
1292 388 1481 423 dexteram
1519 387 1594 423 Dei
1627 387 1701 422 cir-

176 453 374 503 doquidem
411 451 456 488 ad
485 464 568 488 eum
622 453 867 499 cumscriptus
910 452 1036 488 sedeat
1077 457 1216 488 tantum
1261 453 1300 487 in
1343 463 1415 487 uno
1459 451 1584 498 aliquo
1622 451 1701 486 loco

174 516 325 554 modum
350 519 384 552 61
404 514 441 552 in
462 514 575 552 sacris
629 516 735 559 coeli,
771 516 809 551 in
850 522 950 551 terra
979 527 1062 551 vero
1092 528 1163 551 non
1199 515 1245 551 si!
1271 516 1324 551 ad
1350 516 1537 552 dea-teram
1566 515 1640 550 Dei
1663 515 1702 550 in

174 581 275 617 illam
296 580 386 616 61111
399 579 566 629 profanis
620 592 737 616 coena
775 592 901 616 sacra.
955 580 1156 626 Insiqm'ter
1193 580 1377 627 depravat
1412 579 1506 615 illud
1533 580 1705 626 Apostoli

174 644 291 682 literis
310 643 447 693 passim
469 642 574 678 video
629 642 774 690 di-(fol.
806 643 1012 690 sewensis.-
1039 644 1265 680 conversatio
1293 650 1420 679 vostra
1450 644 1486 679 in
1515 644 1624 679 coelis
1641 648 1704 686 est,

172 709 355 759 usurpari.
378 708 568 744 Christum
621 721 703 744 cum
744 709 872 744 scribit
908 720 978 743 non
1010 709 1131 743 minus
1167 708 1277 755 impie
1314 720 1426 755 quam
1461 707 1703 756 impudenter,

173 773 374 811 Dominum
386 771 578 817 116111,011·-,
625 772 731 812 fidem
759 773 850 809 nihil
879 773 937 808 hic
966 774 1004 808 in
1031 772 1138 808 terris
1166 772 1314 812 intueri,
1331 772 1407 815 sed,
1424 771 1631 806 subvectam
1650 770 1704 806 ad

175 837 397 886 cumscripto
453 835 571 872 haud·
623 837 743 873 locum
780 849 870 875 suae
908 835 1209 879 conversationis,
1245 837 1320 871 illic
1359 847 1537 883 quaerere
1573 839 1606 871 et
1632 846 1700 882 ap-

174 901 285 938 dubie
327 898 571 937 humanitatis
620 900 849 948 prehendere
878 900 1047 949 corporis
1073 905 1105 936 et
1133 899 1327 947 san-quinis
1358 897 1495 935 Christi
1520 898 1640 935 cibum
1669 903 1703 934 et

173 970 322 1003 nostrae
405 976 571 1013 corpore,
619 970 765 1012 potum.

174 1030 274 1066 coelo
305 1028 486 1066 contineri
515 1031 572 1065 at-

174 1107 244 1145 que
255 1094 294 1130 in
308 1093 408 1129 coelo
421 1092 467 1129 ad
480 1091 570 1128 dex·

171 1162 290 1196 teram
342 1157 465 1195 Patris
511 1156 569 1194 sui

173 1221 397 1266 consedisse,
442 1220 571 1258 certis-

169 1285 263 1323 sime
334 1284 464 1322 credo:
530 1283 571 1321 in

173 1349 282 1387 terris
335 1361 420 1386 vero
465 1348 573 1385 illum

172 1414 275 1451 iuxta
315 1412 414 1450 idem
449 1411 571 1462 ipsum

170 1477 412 1515 humanitatis
441 1479 591 1513 nostrae
619 1488 752 1526 corpus
780 1474 979 1526 expectari,
1007 1478 1046 1513 ut
1074 1475 1125 1513 ita
1153 1475 1244 1513 olim
1271 1488 1336 1513 suo
1355 1478 1522 1526 tempore
1542 1474 1696 1512 descen·

168 1543 244 1586 dat,
289 1540 598 1592 quemadmodum
642 1544 728 1590 post
771 1541 1080 1578 resurrectionem
1129 1540 1293 1589 glorioso
1329 1540 1404 1578 iam
1442 1553 1594 1591 corpore
1630 1552 1696 1578 suo

169 1606 336 1644 ascendit
361 1605 401 1643 in
431 1605 585 1643 coelum.
624 1603 730 1642 Haec
757 1604 909 1655 inquam
936 1617 1004 1654 ego
1033 1608 1069 1642 et
1098 1605 1206 1643 credo
1225 1608 1261 1642 et
1280 1606 1470 1656 profiteor,
1493 1617 1613 1655 neque
1635 1604 1696 1641 hic

168 1669 467 1707 maledicentiam
493 1682 536 1706 ac
555 1668 782 1720 praejudicia
805 1668 956 1718 spiritus
973 1668 1219 1719 Westphalici
1232 1682 1371 1715 moror,
1393 1682 1475 1706 cum
1496 1669 1574 1706 eius
1593 1681 1696 1706 meae

167 1735 254 1771 fidei
273 1747 315 1771 ac
336 1733 526 1771 doctrinae
547 1734 668 1770 fontes
691 1733 916 1770 clarissimos
935 1733 975 1771 in
995 1733 1188 1784 scripturis
1208 1737 1333 1771 extare
1351 1734 1508 1779 videam,
1527 1733 1696 1784 aquibus

169 1812 256 1836 sane
283 1803 431 1849 propter
460 1797 621 1834 hominis
656 1797 789 1834 furiosi
816 1797 1113 1835 maledicentiam
1151 1798 1321 1836 recedere
1357 1811 1426 1836 nec
1446 1811 1599 1849 possum
1626 1811 1694 1835 nec

167 1864 266 1901 volo.
321 1863 497 1900 Habeant
535 1862 606 1898 sibi
648 1862 764 1909 igitur
801 1862 1041 1913 Wcstphalus
1078 1867 1114 1900 et
1149 1876 1290 1908 omnes,
1326 1863 1390 1914 qui
1419 1876 1502 1900 cum
1528 1862 1608 1913 ipso
1637 1863 1694 1900 fa-

167 1928 283 1972 ciunt,
319 1940 403 1964 suas
439 1925 775 1976 interpretationes,
812 1926 948 1976 quibus
987 1940 1094 1965 voces
1122 1927 1220 1972 illae,
1248 1940 1442 1964 sursum
1470 1927 1695 1964 deorsum

167 2004 372 2041 superne
407 1990 605 2028 inferne
641 1990 906 2028 ascendere
933 1995 968 2028 et
997 1991 1315 2034 descendere,
1343 1992 1490 2029 nullum
1515 1991 1591 2028 loci
1619 1991 1694 2028 dis-

167 2056 304 2092 crimen
334 2055 552 2104 designant3
582 2068 685 2091 esse
711 2054 799 2092 item
826 2054 876 2092 in
905 2055 1064 2098 coelo,
1089 2055 1189 2093 idem
1216 2059 1284 2101 est,
1312 2056 1412 2106 quod
1440 2055 1578 2106 ubique
1606 2068 1697 2102 esse,

166 2118 365 2165 abiisse,
401 2120 566 2157 ablatum
599 2132 620 2155 a
655 2118 766 2156 nobis
805 2133 894 2166 esse,
931 2120 1126 2170 reliquisse
1161 2121 1354 2165 mundum,
1391 2121 1697 2165 ascendisse,

166 2182 265 2220 aliud
286 2183 379 2220 nihil
399 2186 467 2228 651,
487 2196 597 2232 quam
609 2183 833 2233 disparuisse
851 2184 1212 2235 seuinconspicuum
1225 2186 1364 2222 factum
1375 2199 1466 2231 6556,
1481 2185 1617 2223 venis
1630 2199 1696 2232 se,

167 2247 498 2291 descendisse,
527 2248 876 2298 praecessisse,
902 2248 949 2286 in
971 2250 1129 2287 medio
1158 2251 1460 2296 constitisse,
1479 2250 1578 2288 aliud
1600 2250 1695 2288 1111111

166 2315 234 2355 651,
260 2325 370 2362 quum
399 2311 624 2362 apparuisse,
650 2325 751 2350 6556
777 2312 871 2350 1111111
899 2318 954 2350 651
981 2314 1094 2361 aliud,
1121 2328 1234 2365 quam
1262 2315 1391 2359 videri,
1411 2315 1495 2363 (fol.
1513 2316 1579 2362 57)
1600 2328 1695 2352 non

166 2388 258 2419 csse,
292 2375 353 2412 hic
389 2376 660 2425 expectari,
686 2376 787 2413 aliud
816 2377 921 2422 nihil,
949 2391 1059 2428 quam
1088 2391 1165 2416 non
1194 2378 1322 2417 videri.
1376 2379 1450 2416 Eas
1476 2379 1630 2429 inquam
1657 2384 1693 2416 61

168 2438 305 2476 similes
321 2438 644 2489 interpretationes
665 2441 828 2478 habeant
848 2441 920 2478 sibi
940 2441 985 2477 W
988 2442 1178 2493 estphalus
1197 2446 1233 2480 61
1254 2442 1495 2493 syncretistae
1514 2443 1593 2480 eius
1613 2455 1695 2480 om-

165 2514 242 2540 1165.
282 2501 375 2547 Nos,
403 2514 519 2538 novae
547 2501 656 2540 huius
687 2502 956 2541 Grammatices
983 2504 1119 2553 ignari,
1146 2505 1353 2556 simplicem
1381 2518 1514 2542 vocum
1534 2505 1692 2542 istarum

167 2563 334 2601 omnium
371 2578 478 2601 usum
514 2568 624 2615 atque
660 2566 1014 2617 interpretationem,
1041 2569 1235 2619 scripturis
1262 2569 1483 2606 familiarem
1511 2574 1545 2606 et
1572 2582 1592 2606 a
1622 2568 1694 2606 Ca-

166 2628 307 2665 tholica
336 2627 477 2665 Christi
506 2628 671 2666 Ecclesia
700 2637 897 2682 receptam,
925 2633 1030 2683 sequi
1058 2633 1254 2679 malumus,
1271 2633 1374 2670 iuxta
1397 2646 1508 2683 quam
1524 2633 1695 2670 unanimi

164 2697 200 2730 et
235 2693 435 2743 scripturae
470 2692 585 2730 totius
623 2698 656 2731 et
684 2699 848 2733 veterum
885 2698 1051 2735 omnium
1089 2710 1274 2735 consensu
1300 2710 1364 2748 per
1391 2697 1598 2748 praedictas
1627 2711 1692 2735 vo-

168 2770 227 2795 ces
267 2770 395 2795 omnes
433 2757 633 2795 certissime
669 2771 746 2795 non
784 2761 1011 2799 conditionis
1040 2762 1164 2806 modo,
1192 2762 1253 2800 sed
1282 2762 1450 2799 locorum
1477 2762 1587 2799 etiam
1616 2762 1693 2799 dis·

168 2820 335 2868 crimina,
361 2820 592 2872 apertissime
621 2821 875 2871 designzmtur.
915 2824 1074 2864 Damnet
1102 2839 1189 2876 ergo
1219 2826 1420 2877 scripturas
1447 2826 1548 2876 ipsas
1568 2826 1692 2864 West-
