1818 3178
447 62 498 88 nn
527 59 811 88 sxcmmnmus
843 58 1056 89 ncctnsur.
1084 58 1263 90 cflmsm.
1545 54 1617 90 223

90 168 127 202 et
163 164 256 202 velle
289 176 368 202 esse
400 166 642 214 praesentem:
679 162 732 199 ita
768 164 999 213 praesertim,
1038 168 1080 201 ut
1107 163 1278 202 manibus
1306 163 1480 201 humanis
1507 164 1625 202 teneri

94 229 269 267 distribui
303 242 346 266 ac
380 227 521 278 percipi
564 227 695 279 possit.
749 226 798 263 Et
836 241 923 265 sane
967 228 1167 277 nega-(fol.
1208 228 1354 275 129b)ri
1389 240 1464 266 non
1502 231 1625 279 potest

92 293 217 339 etiam,
244 293 289 331 de
317 292 482 343 corporis
509 293 615 330 illum
643 291 701 330 sui
729 291 831 329 abitu
858 292 975 343 loqui,
1003 293 1089 331 dum
1121 306 1159 331 se
1187 293 1291 331 abire
1319 294 1412 332 velle
1431 294 1496 332 ait.
1524 293 1624 332 Dum

92 357 208 406 igitur
242 357 425 395 utiliorem
464 357 574 394 nobis
608 357 687 393 fore
721 356 901 406 praedicit
938 357 1108 394 Christus
1145 358 1289 395 abitum
1329 371 1436 396 suum
1463 371 1485 396 a
1512 358 1623 397 nobis

94 423 141 460 ad
187 423 353 464 Patrem,
397 435 509 472 quam
561 425 773 472 perpetuam
833 420 1026 458 nobiscum
1062 434 1214 472 corpore
1261 435 1326 460 suo
1362 422 1624 473 praesentiam,

98 500 186 526 sane
223 487 392 524 doctrina
431 486 521 524 haec
548 487 593 524 de
619 485 722 529 reali,
757 485 862 522 iuxta
896 486 1013 535 ipsam
1042 487 1212 537 speciem,
1249 488 1414 538 eorporis
1443 487 1501 525 sui
1527 487 1626 538 apud

99 563 167 588 nos
203 550 424 602 praesentia,
460 564 507 589 ne
545 551 666 588 dicam
704 550 747 587 de
775 549 1040 588 distributione
1072 565 1137 602 per
1165 552 1376 590 ministrum
1403 565 1446 590 ac
1474 565 1629 604 percep--

97 613 209 656 tione,
238 614 339 652 utilis
367 615 406 652 in
436 614 576 652 Christi
604 613 772 651 Ecclesia
801 614 942 651 censeri
970 614 1072 651 nullo
1101 615 1211 652 modo
1240 620 1378 666 potest.

148 677 234 723 Sed,
261 678 292 715 si
318 686 382 716 aut
409 678 659 718 incommoda.
694 681 756 715 aut
793 677 967 723 absurda,
994 683 1058 715 aut
1085 678 1182 729 ipsas
1210 680 1324 717 etiam
1350 680 1390 718 in
1418 681 1621 732 Scripturis

92 755 238 793 pugnas
266 742 526 789 observemus,
562 741 670 780 fateri
697 741 852 779 omnino
882 755 1067 791 cogemur,
1096 756 1172 781 non
1198 744 1309 782 modo
1338 758 1413 783 non
1442 758 1522 783 esse
1547 746 1624 784 uti-

91 806 164 844 lem
201 806 410 845 doctrinam
445 807 542 844 hanc
575 808 615 844 in
654 805 795 844 Christi
832 805 1020 853 Ecclesia,
1057 807 1120 845 sed
1157 809 1308 846 noxiam
1342 810 1466 860 potius
1504 815 1540 849 et
1568 811 1624 848 di·

92 885 219 921 gnam,
263 885 358 923 quae
403 884 553 922 prorsus
589 871 795 909 aboleatur.
849 873 906 909 Ac
942 872 1102 923 primum
1129 873 1379 921 incommoda,
1407 889 1501 926 quae
1532 876 1624 914 haec

95 935 267 973 doctrina
295 949 420 973 secum
447 935 581 981 adfert,
608 935 832 973 intucamur.

145 1000 227 1038 Nos
263 1001 302 1037 in
338 999 507 1037 doctrina
542 1003 671 1037 nostra
699 999 869 1044 dicimus,
896 1003 1108 1051 perpetuam
1137 1014 1228 1047 esse,
1256 1015 1376 1053 neque
1402 1003 1623 1055 interrumpi

96 1079 258 1116 unquam
295 1071 462 1102 nostram
500 1077 582 1102 cum
621 1064 770 1102 Christo
811 1064 865 1111 ⁴D.
899 1066 1199 1104 communionem
1226 1067 1265 1105 in
1294 1080 1449 1119 corpore
1475 1073 1509 1107 et
1537 1082 1623 1106 san-

92 1130 207 1177 guine
242 1129 380 1180 ipsius,
413 1133 670 1180 praeterquam
705 1129 736 1166 si
771 1129 878 1167 illum
919 1130 1103 1168 destinato
1133 1136 1349 1183 contemptu
1376 1137 1504 1171 nostro
1531 1135 1622 1185 ipsi-

93 1199 168 1232 met
196 1193 387 1232 violemus.
425 1192 519 1231 Eam
550 1206 633 1231 vero
661 1193 714 1231 ita
750 1198 966 1245 perpetuam
1004 1196 1307 1234 communionem
1344 1201 1508 1236 nostram
1540 1211 1621 1237 cum

94 1259 244 1296 Christo
288 1258 481 1308 obsignari
516 1258 556 1296 in
593 1259 703 1296 nobis
739 1272 811 1297 usu
848 1256 1173 1299 sacramentorum
1210 1262 1400 1311 legitimo,
1434 1268 1488 1310 ut,
1523 1263 1621 1314 quod

92 1322 310 1361 iamdudum
345 1323 485 1373 alioqui
520 1323 608 1361 fidei
643 1327 792 1362 nostrae
827 1325 1043 1363 testimonio
1079 1326 1326 1376 possidemus,
1360 1327 1396 1364 id
1435 1328 1554 1377 magis
1581 1341 1622 1366 ac

92 1388 213 1437 magis
248 1387 470 1438 impressum
505 1388 640 1426 animis
680 1389 818 1427 nostris
853 1389 894 1427 in
923 1390 1000 1428 dies
1028 1403 1108 1428 csse
1135 1391 1351 1430 sentiamus.
1405 1391 1509 1430 Hace
1536 1404 1623 1430 vero

92 1452 249 1491 istorum
277 1453 362 1502 (fol.
392 1454 500 1501 130³)
529 1453 699 1492 doctrina
726 1454 846 1492 adfert
874 1455 985 1492 nobis
1014 1468 1140 1493 secum
1166 1456 1621 1508 interruptionequuan·

95 1516 180 1554 dam
213 1517 292 1554 eius
327 1516 444 1567 ipsius
472 1520 622 1554 nostrae
651 1530 734 1554 cum
764 1517 912 1556 Christo
943 1519 1228 1562 communionis,
1261 1533 1370 1571 quam
1398 1533 1467 1558 nos
1493 1533 1621 1571 perpe-

92 1586 196 1619 tuam
223 1594 302 1619 esse
330 1581 518 1628 docemus,
546 1581 635 1618 dum
662 1595 732 1619 nos
759 1586 838 1620 tum
859 1582 1009 1621 demum
1028 1583 1266 1634 potissimum
1288 1584 1436 1622 Christo
1457 1584 1621 1623 Domino

93 1659 177 1684 vere
222 1646 495 1684 communicare
542 1646 671 1693 docet,
707 1659 792 1685 cum
829 1647 938 1685 nobis
984 1648 1131 1686 realiter
1166 1649 1269 1686 iuxta
1306 1650 1426 1700 ipsam
1463 1650 1620 1700 speciem

93 1710 259 1761 corporis
294 1714 331 1748 et
367 1710 561 1759 sanguinis
597 1711 654 1748 sui
691 1711 914 1758 substantia,
951 1713 1027 1751 sive
1062 1713 1101 1750 in
1139 1713 1247 1763 signo
1285 1714 1623 1761 Sacramentorum,

94 1776 170 1813 sive
197 1775 238 1812 in
265 1775 342 1813 eius
370 1775 561 1813 elementis
589 1776 799 1816 exhibetur.
853 1776 1018 1824 Etenim,
1047 1777 1078 1815 si
1106 1782 1185 1815 tum
1213 1777 1360 1815 demum
1387 1778 1619 1829 potissimum

94 1853 178 1888 vere
214 1840 363 1878 Christo
400 1840 564 1878 Domino
605 1841 936 1887 communicamus,
973 1842 1059 1879 dum
1087 1842 1197 1880 nobis
1225 1843 1277 1880 ita
1305 1843 1512 1881 substantia
1541 1857 1620 1880 cor·

93 1904 193 1956 poris
231 1903 288 1942 sui
314 1904 524 1951 exhibetur,
550 1927 600 1934 —
629 1908 728 1943 certe
756 1918 831 1943 non
859 1911 936 1944 tam
964 1919 1046 1944 vere
1075 1907 1403 1953 communicamus,
1432 1908 1518 1945 dum
1546 1921 1621 1946 non

95 1970 302 2008 exhibetur.
367 1970 457 2007 Non
494 1983 636 2021 semper
671 1974 797 2007 autem
834 1971 1052 2017 exhibetur,
1088 1971 1176 2022 quia
1212 1984 1288 2009 non
1332 1985 1472 2022 semper
1509 1984 1622 2010 coena

94 2033 281 2071 dominica
309 2033 601 2072 administratur.
650 2034 740 2072 Non
768 2047 911 2084 semper
937 2034 1052 2084 igitur
1079 2048 1162 2073 vere
1188 2048 1231 2072 ac
1258 2035 1364 2086 plene
1391 2035 1438 2073 ad
1467 2036 1621 2074 salutem

96 2103 259 2136 nostram
298 2097 448 2136 Christo
485 2097 649 2136 Domino
679 2099 1050 2146 communicaremus,
1075 2099 1150 2136 imo
1179 2113 1264 2136 vero
1294 2113 1368 2137 non
1397 2100 1488 2137 alias
1515 2101 1623 2151 plene

94 2177 138 2202 ac
174 2177 257 2202 vere
293 2163 650 2201 communicaremus
686 2164 834 2214 corpori
869 2168 905 2202 et
938 2164 1112 2214 sanguini
1151 2164 1301 2209 Christi,
1336 2178 1447 2215 quam
1475 2165 1514 2203 in
1542 2166 1620 2205 solo

96 2228 279 2267 duntaxat
306 2241 442 2266 coenae
468 2241 550 2266 usu.
581 2228 688 2266 Quae
716 2241 773 2266 res
802 2233 985 2279 quantum
1014 2229 1123 2267 nobis
1151 2229 1290 2267 adimat
1318 2242 1424 2267 verae
1452 2231 1621 2269 consola-

96 2292 222 2339 tionis,
257 2297 512 2344 quantumque
548 2292 665 2344 quieti
702 2292 1012 2330 conscientiarum
1053 2297 1263 2330 nostrarum
1298 2293 1336 2331 in
1374 2293 1522 2332 Christo
1558 2295 1620 2333 de-

95 2356 233 2402 trahat,
269 2357 325 2394 illi
362 2357 526 2394 omnium
565 2357 703 2407 optime
731 2357 908 2402 sentiunt,
945 2357 1008 2407 qui
1035 2370 1117 2394 cum
1146 2371 1211 2395 sua
1241 2358 1480 2404 conscientia,
1507 2363 1548 2396 ut
1576 2359 1621 2396 il-

97 2422 172 2460 lam
209 2422 287 2460 Dco
325 2421 543 2473 approbent,
580 2421 840 2459 colluctantur.
897 2421 1092 2459 Quantum
1128 2421 1227 2459 enim
1263 2421 1439 2459 absumus
1466 2435 1488 2459 a
1514 2423 1623 2473 plena

95 2487 159 2524 illa
197 2499 354 2537 veraque
388 2498 432 2523 ac
469 2485 620 2523 salutari
657 2485 920 2523 communione
957 2485 1122 2536 corporis
1158 2490 1194 2524 et
1240 2486 1433 2535 sanguinis
1471 2487 1622 2536 Christi,

92 2555 240 2589 tantum
269 2563 338 2588 nos
365 2550 474 2588 etiam
504 2549 749 2601 proculdubio
778 2563 798 2586 a
827 2549 910 2598 (fol.
939 2551 1050 2597 130b)
1077 2563 1140 2600 spe
1166 2550 1264 2587 vitae
1296 2554 1467 2589 aeternae
1493 2551 1622 2590 abesse

94 2615 296 2666 oportebit,
331 2614 419 2652 dum
445 2613 484 2651 in
513 2626 649 2652 coenae
677 2613 898 2651 Dominicae
925 2626 994 2651 usu
1023 2627 1099 2651 non
1127 2627 1325 2653 versamur.

150 2679 240 2717 Non
275 2679 390 2729 igitur
426 2685 554 2717 nostra
587 2690 656 2716 nos
694 2677 864 2715 doctrina
900 2678 1195 2717 consolationem
1232 2679 1407 2730 eripimus
1436 2680 1621 2720 Ecclesiae

100 2744 252 2788 Christi,
288 2744 375 2782 dum
412 2743 546 2781 realem
572 2742 677 2780 illam
703 2741 870 2793 corporis
899 2743 1039 2781 Christi
1065 2744 1311 2794 praesentiam
1339 2757 1360 2782 a
1388 2757 1522 2783 coenae
1547 2747 1621 2785 ele-

98 2809 234 2848 mentis
260 2814 323 2846 aut
351 2807 513 2847 ministri
540 2808 579 2845 in
605 2807 670 2845 illa
697 2820 807 2857 opere
834 2807 1106 2853 submovemus,
1127 2808 1190 2846 sed
1209 2808 1273 2859 qui
1298 2821 1365 2846 nos
1383 2809 1452 2845 hoc
1472 2811 1621 2851 nomine
