1818 3178
748 127 802 154 BP.
833 125 977 153 noc‘rn.
1550 114 1621 151 495

96 243 206 270 nemo
233 235 369 282 potest,
396 229 462 280 qui
488 228 537 267 ad
565 228 760 268 Christum
789 227 926 266 deduci
955 227 1102 266 debeat.
1143 226 1223 264 Qui
1250 225 1350 262 enim
1380 223 1528 261 decreto
1558 222 1627 260 Dei

97 295 291 345 gehennae
327 294 497 332 addictus
525 297 594 340 est,
620 293 652 332 is
679 293 719 332 in
746 293 828 345 ipsa
855 293 929 330 iam
957 291 1142 342 gehenna,
1170 289 1273 341 quod
1299 288 1451 340 quidem
1479 287 1518 326 in
1546 287 1629 338 ipso

99 365 168 405 est,
202 363 383 403 versatur,
410 358 559 397 etiamsi
596 358 765 397 nondum
805 358 1004 399 crucietur,
1038 354 1352 407 quemadmodum
1390 353 1435 391 de
1471 351 1630 401 Angelis

99 423 443 473 transgressoribus
473 423 605 461 Petrus
634 429 670 460 et
697 422 814 460 Iudas
841 424 1041 459 testantur.
1088 420 1171 457 Stat
1199 431 1360 470 namque
1387 421 1538 455 aeterna
1567 429 1630 453 vo-

98 488 224 526 luntas
252 487 393 526 aeterni
420 492 532 539 atque
559 486 806 525 immutabilis
834 485 1001 529 Domini,
1030 497 1150 536 neque
1169 484 1217 522 ad
1238 483 1402 521 hominis
1420 481 1631 532 exemplum

101 556 279 591 mutatur.
333 552 493 590 Interim
529 556 656 591 tamen
694 555 780 590 sunt
815 551 927 589 etiam
955 550 1094 601 quibus
1122 550 1264 587 nullam
1293 561 1422 599 pacem
1451 547 1633 597 reliquam

101 617 263 668 amplius
297 630 378 656 esse
405 617 508 655 Deus
536 617 616 668 ipse
642 630 709 669 per
735 615 957 667 prophetam
986 627 1095 652 suum
1121 615 1333 665 profitetur.
1386 612 1468 650 Iam
1496 611 1527 649 si
1554 611 1634 648 eius

102 682 247 733 peccati
274 695 338 720 seu
365 682 647 720 inobedientiae
673 695 759 720 reus
787 685 865 719 erat
895 680 1029 726 Adam,
1057 692 1153 730 quae
1179 682 1235 717 est
1258 678 1450 728 gehennae
1470 676 1637 727 propria,

101 751 180 784 tum
210 759 278 784 nos
307 759 455 797 quoque
484 744 530 783 ad
558 746 661 783 illam
689 743 977 796 pertinebimur.
1014 742 1080 781 Sin
1105 743 1245 788 minus,
1272 745 1370 780 certe
1397 753 1443 778 ne
1462 752 1531 778 nos
1549 739 1635 790 qui·

102 812 184 850 dem
212 813 422 862 graviorem
449 812 610 850 feremus
639 810 1007 854 condemnationem,
1034 822 1146 860 quam
1173 809 1261 846 tulit
1283 808 1404 846 Adam
1425 807 1530 845 euius
1549 818 1636 856 pec·

104 880 188 915 cato
225 889 355 915 omnes
393 876 629 914 damnamur.
683 875 737 913 Ut
764 878 887 913 autem
917 886 998 912 eam
1026 871 1326 910 inobedientiam
1353 884 1450 923 quae
1477 883 1554 908 non
1581 873 1638 907 est

105 941 151 980 ad
189 945 361 985 mortem,
387 944 431 978 ut
458 939 644 978 Iohannis
672 938 786 977 verbo
815 942 912 983 utar,
937 937 985 976 ab
1012 950 1054 976 ea
1083 949 1177 987 quae
1204 939 1261 974 est
1290 935 1338 974 ad
1365 939 1525 973 mortem
1553 945 1639 971 vere

102 1005 371 1049 discernamus,
405 1017 447 1042 ac
485 1004 634 1042 demum
671 1003 877 1048 videamus,
910 1002 989 1041 utri
1015 1015 1085 1039 nos
1115 1000 1302 1038 obnoxios
1332 999 1455 1037 Adam
1483 1001 1638 1051 peccato

105 1082 173 1108 suo
210 1069 430 1114 reddiderit,
464 1068 608 1120 peccati
643 1067 755 1106 nobis
790 1079 928 1117 genera
967 1064 1240 1103 consideranda
1276 1068 1399 1109 erunt,
1434 1076 1529 1114 quae
1565 1061 1639 1100 duo

105 1134 216 1173 nobis
252 1148 273 1172 a
310 1133 494 1185 scriptura
536 1132 731 1185 proposita
766 1132 962 1170 habemus.
1020 1131 1189 1169 Alterum
1225 1142 1300 1180 quo
1345 1132 1498 1180 propter
1534 1127 1640 1165 Adae

103 1199 446 1249 transgressionem
481 1198 621 1236 mortui
656 1197 763 1235 iuxta
799 1196 971 1241 Paulum,
1006 1195 1044 1234 h.
1072 1208 1117 1241 e.,
1154 1199 1259 1232 extra
1296 1193 1411 1231 vitam
1448 1196 1639 1230 aeternam

107 1264 302 1302 constituti
340 1276 483 1301 sumus,
539 1261 712 1300 Alterum
741 1273 815 1312 quo
842 1274 863 1297 a
892 1260 969 1297 vita
997 1259 1142 1297 exclusi
1170 1259 1317 1296 fructus
1346 1257 1482 1307 dignos
1511 1261 1642 1294 nostra

106 1328 240 1365 arbore
265 1327 506 1379 proferimus.
535 1326 663 1375 Vulgo
693 1328 829 1363 vocant
856 1324 1044 1374 oriqinale
1072 1328 1107 1361 et
1135 1324 1296 1362 actuale.
1324 1321 1492 1359 Primum
1517 1326 1642 1359 autem

103 1392 150 1430 de
185 1391 362 1441 originali
400 1391 580 1433 dicemus,
616 1389 716 1442 quod
753 1389 824 1428 etsi
859 1388 906 1427 ab
945 1388 1020 1426 alio
1059 1387 1284 1434 demanavit,
1320 1400 1453 1438 nempe
1488 1386 1643 1433 actuali,

106 1462 231 1495 tamen
268 1456 354 1507 quia
390 1456 551 1508 primum
590 1455 629 1492 in
666 1454 779 1493 nobis
815 1454 941 1491 locum
970 1453 1131 1507 obtinet,
1167 1452 1289 1503 primo
1325 1452 1436 1490 etiam
1465 1451 1549 1489 loeo
1577 1464 1642 1489 ex-

105 1521 195 1573 poni
223 1520 334 1559 debet
360 1520 406 1559 ad
434 1520 567 1558 ordine
596 1518 863 1558 declarandam
892 1530 1019 1556 veram
1047 1516 1170 1555 nostri
1199 1515 1471 1567 cognitionem.

579 1649 594 1698 §
622 1651 659 1687 8.
715 1649 772 1687 De
794 1651 956 1698 peccato
984 1646 1161 1697 oriyinis.

158 1777 331 1827 Originis
376 1781 528 1814 nostrae
564 1776 689 1814 labem
726 1775 792 1814 alii
830 1775 961 1813 vitium
1006 1788 1073 1814 seu
1109 1774 1296 1821 morbum,
1330 1774 1395 1826 qui
1432 1779 1557 1814 tamen
1594 1775 1644 1813 sit

106 1847 320 1893 perpetuus,
347 1841 412 1879 alii
438 1845 647 1892 peccatum,
673 1840 737 1878 alii
766 1840 964 1884 maculam,
991 1839 1056 1877 alii
1083 1828 1303 1878 servitutem
1329 1839 1531 1891 appellant.
1559 1839 1643 1877 Nos

108 1906 138 1944 si
168 1906 213 1944 de
240 1919 279 1943 re
307 1905 520 1950 conveniat,
549 1905 703 1942 nomina
730 1903 827 1942 nihil
854 1903 1097 1943 morabimur.
1147 1904 1188 1941 Si
1217 1904 1390 1942 morbum
1417 1904 1502 1942 ideo
1533 1917 1642 1941 voce·

107 1983 202 2016 mus,
229 1969 331 2021 quod
360 1969 504 2007 medico
533 1982 626 2020 opus
654 1968 804 2010 habeat,
832 1968 1013 2006 allaturus
1043 1972 1185 2006 certum
1205 1968 1360 2006 exitium
1383 1968 1457 2006 nisi
1476 1968 1643 2006 medicus

109 2047 264 2073 manum
291 2034 533 2080 admovisset,
563 2033 659 2071 nibil
686 2033 942 2084 peccabimus.
997 2032 1160 2070 Rursum
1190 2032 1221 2070 si
1249 2038 1442 2084 peccatum
1471 2045 1546 2070 non
1575 2045 1642 2083 pro

107 2103 255 2151 patrato
297 2098 467 2137 facinore
503 2098 567 2136 sed
605 2111 672 2149 pro
709 2111 748 2135 re
782 2097 925 2135 exitiali
960 2096 1202 2148 accipiamus,
1239 2110 1324 2135 vere
1367 2104 1558 2148 peccatum
1586 2101 1644 2135 est

109 2168 242 2201 natura
272 2176 336 2200 sua
365 2162 468 2200 labes
495 2161 561 2199 illa
587 2161 634 2200 ab
664 2160 748 2199 Ada
775 2161 815 2198 in
842 2173 912 2198 nos
939 2164 1161 2212 propagata,
1191 2161 1222 2198 si
1249 2161 1287 2199 in
1318 2161 1469 2199 Christo
1489 2162 1644 2200 remissa

109 2239 187 2264 non
233 2230 343 2264 esset.
391 2225 488 2262 Item
524 2224 556 2262 si
590 2224 775 2262 maculam
811 2223 1069 2274 intelligamus
1108 2223 1364 2275 impuritatem
1400 2225 1515 2272 illam,
1549 2238 1644 2276 quae

109 2290 249 2337 obstat,
285 2289 486 2341 quominus
527 2289 613 2340 puri
647 2289 687 2327 in
723 2288 794 2326 Dei
829 2287 970 2326 iudicio
1001 2301 1084 2326 cum
1114 2288 1291 2327 omnibus
1319 2291 1461 2327 nostris
1489 2290 1644 2328 iustitiis

109 2369 369 2407 appareamus,
405 2368 493 2393 sane
529 2359 565 2393 et-
602 2358 680 2392 tum
708 2367 859 2405 quoque
886 2353 990 2392 labes
1018 2358 1170 2392 nostrae
1198 2353 1357 2404 originis
1385 2368 1470 2394 vere
1498 2356 1644 2395 macula

112 2422 195 2466 erit,
241 2420 401 2459 reddens
435 2420 582 2471 impura
618 2424 748 2457 nostra
786 2419 924 2466 omnia,
961 2432 1207 2471 quaecunque
1242 2433 1308 2470 per
1343 2433 1491 2458 omnem
1528 2422 1643 2460 vitam

110 2490 281 2525 nostram
309 2485 449 2536 optime
477 2484 588 2522 ctiam
616 2483 728 2522 nobis
756 2484 878 2532 egisse
905 2483 1087 2523 videmur.
1116 2483 1187 2522 Sed
1217 2484 1292 2522 vim
1321 2488 1432 2536 atque
1450 2485 1643 2535 ingenium

111 2555 260 2588 nostrae
297 2549 408 2587 huius
437 2548 532 2586 labis
560 2548 728 2586 omnium
756 2547 1034 2599 simplicissime
1060 2549 1324 2599 exprimemus,
1351 2549 1384 2587 si
1409 2549 1512 2588 illam
1541 2550 1644 2588 dica-

114 2628 196 2653 mus
233 2626 313 2652 esse
349 2613 493 2665 peccati
522 2612 750 2651 servitutem.
804 2612 882 2652 Qui
910 2613 1003 2651 facit
1029 2618 1222 2664 peccatum
1251 2626 1379 2652 servus
1407 2618 1464 2652 est
1490 2614 1646 2666 peccati,

111 2678 235 2730 inquit
263 2678 449 2717 Christus.
478 2677 602 2716 Adam
629 2676 747 2726 igitur
773 2681 1010 2726 transgresso
1038 2676 1218 2716 mandato
1246 2678 1368 2716 sactus
1397 2679 1540 2729 peccati
1567 2691 1645 2716 ser-

113 2755 194 2790 vus,
231 2742 371 2781 similes
408 2741 464 2780 sui
501 2754 572 2780 nos
608 2754 738 2779 omnes
773 2741 900 2787 etiam,
936 2740 974 2780 h.
1011 2754 1056 2787 e.,
1091 2754 1218 2780 servos
1254 2742 1398 2794 peccati
1438 2742 1646 2792 generavit,

113 2820 268 2859 eamque
303 2807 423 2859 ipsam
451 2806 593 2858 peccati
630 2806 848 2844 servitutem
875 2805 915 2845 in
941 2809 1060 2844 totam
1089 2819 1195 2845 suam
1222 2807 1481 2858 posteritatem
1508 2820 1645 2860 propa-

110 2872 227 2924 gavit.
280 2872 451 2911 Dicimus
478 2884 568 2921 ergo
595 2872 715 2910 labem
746 2876 897 2911 nostrae
923 2871 1084 2922 originis
1113 2873 1236 2910 vocari
1265 2872 1413 2923 quidem
1445 2885 1529 2910 vere
1546 2885 1645 2912 mor-
