1818 3178
623 98 1656 114 *MWWAMNMWWWWW

334 546 763 630 EPISTOLA
814 567 1427 629 DEDICATORiA.

143 972 322 1023 Ampliss.
351 972 548 1019 Ornatiss:
579 976 622 1011 et‘
645 972 857 1022 Magnificis
886 971 1057 1010 Dominis
1085 972 1190 1011 Coss.
1218 976 1254 1010 et
1283 973 1437 1011 Senatui
1463 974 1625 1024 inclytae

192 1040 305 1089 atque
341 1037 550 1089 Imperialis
591 1037 753 1076 civitatis
790 1036 1097 1082 Francofordiae,
1132 1036 1216 1076 DD.
1245 1037 1322 1075 suis
1351 1038 1572 1078 clementiss.

795 1101 974 1140 Salutem.

168 1231 315 1270 QUAE
352 1232 536 1284 principio
573 1233 756 1270 illustrem
793 1232 913 1270 virum
949 1235 1060 1283 atque
1096 1233 1274 1270 eximium
1311 1233 1451 1271 Christi
1488 1247 1647 1279 servum,

114 1296 161 1335 D.
198 1298 380 1336 Ioannem
415 1296 437 1335 ὲ
473 1298 616 1341 Lasco,
651 1298 698 1335 ad
735 1297 833 1335 hanc
869 1297 1106 1335 scribendam
1141 1302 1354 1336 nostrarum
1392 1298 1644 1337 Ecclesiarum

113 1361 264 1400 nomine
310 1362 536 1413 Apologiam
576 1363 805 1414 impulerunt
844 1375 987 1404 causae,
1025 1362 1313 1413 haudquaquam
1350 1376 1438 1400 sane
1475 1364 1646 1412 vulgares

112 1429 276 1467 fuerunt.
331 1428 391 1466 Ad
429 1437 529 1479 quas‘
556 1441 742 1466 accessere
775 1427 886 1465 etiam
924 1427 1094 1466 nobiliss.
1133 1432 1245 1478 atque
1271 1428 1427 1477 graviss.
1466 1429 1644 1473 virorum,

111 1493 222 1532 nobis
260 1494 363 1531 omni
402 1494 543 1532 honore
572 1493 770 1532 colendiss.
801 1493 1102 1538 cohortationes,
1129 1493 1267 1544 quibus
1295 1493 1448 1530 omnino
1477 1493 1549 1531 fuit
1576 1494 1645 1531 ob-

110 1558 404 1609 temperandum,
435 1558 506 1596 nisi
537 1572 669 1596 causae
697 1557 923 1595 iustissimae
951 1557 1116 1595 desertor
1143 1557 1221 1609 ipse
1249 1557 1365 1595 videri
1383 1558 1520 1596 mallet.
1551 1558 1645 1596 Cum

110 1635 222 1672 porro
259 1622 334 1660 illis
372 1623 539 1660 studiose
575 1622 810 1672 urgentibus,
837 1625 878 1660 ut
905 1621 1017 1660 etiam
1045 1625 1130 1659 ante
1158 1621 1348 1659 nundinas
1375 1622 1545 1673 proxime
1571 1623 1645 1661 iam

109 1687 252 1738 elapsas
286 1687 429 1738 aliquid
468 1692 731 1738 praestaretur,
768 1690 804 1724 et
832 1686 879 1725 D.
908 1699 929 1724 a
957 1685 1078 1724 Lasco
1106 1686 1334 1737 posthabitis
1362 1686 1537 1724 omnibus
1565 1688 1642 1725 suis

110 1752 284 1801 negotiis,
312 1752 358 1790 ad
389 1753 541 1791 Calend.
572 1752 760 1803 Septemb.
788 1751 1022 1798 absolvisset,
1058 1755 1123 1789 aut
1150 1752 1278 1789 saltem
1308 1755 1508 1792 exarasset.
1535 1751 1641 1789 dein-

112 1829 196 1866 ceps
232 1816 422 1868 aliquibus
451 1817 580 1854 amicis
616 1820 652 1854 et
681 1816 844 1854 dominis
871 1819 983 1867 atque
1008 1816 1121 1854 etiam
1147 1819 1361 1854 nostrarum
1388 1816 1641 1854 Ecclesiarum

108 1880 278 1932 patronis
315 1881 541 1919 fidelissimis
580 1894 674 1923 eam,
708 1884 750 1918 ut
777 1884 856 1918 erat
883 1881 992 1931 plane
1019 1883 1305 1930 extemporanea
1334 1882 1393 1928 (3)
1421 1884 1641 1931 tantumque

109 1950 272 1992 exarata,
310 1946 620 1989 communicavit,
656 1950 766 1996 atque
801 1945 857 1982 illi
894 1945 1014 1983 nostri
1040 1944 1190 1996 patroni
1225 1944 1336 1983 tertio
1363 1949 1448 1995 post
1476 1945 1546 1991 die,
1573 1958 1639 1996 pro

109 2024 174 2048 sua
211 2024 299 2059 erga
338 2023 406 2048 nos
450 2010 712 2061 Ecclesiasque
748 2014 896 2048 nostras
926 2010 1198 2055 benevolentia,
1235 2009 1342 2047 vobis
1370 2009 1544 2047 Dominis
1572 2024 1641 2048 no-

111 2075 197 2113 stris
235 2075 543 2113 Clementissimis
587 2074 851 2113 exhibuerunt.
905 2075 1039 2112 Postea
1073 2087 1161 2111 vcro
1200 2086 1283 2111 cum
1318 2074 1644 2120 intellexissemus,

109 2153 189 2177 eam
205 2138 339 2177 Vestro
362 2138 604 2189 Amplissimo
635 2139 836 2176 Consessui
865 2152 941 2177 non
968 2140 1153 2188 ingratam
1182 2139 1308 2183 fuisse,
1323 2143 1434 2189 atque
1453 2138 1544 2176 adeo
1563 2142 1642 2176 tra-

111 2203 226 2241 ditam
270 2203 611 2240 concionatoribus
641 2202 781 2248 Germ,
806 2216 871 2254 per
898 2216 992 2254 quos
1020 2216 1096 2240 non
1126 2202 1340 2240 dubitamus
1367 2216 1446 2240 eam
1475 2203 1521 2240 ad
1548 2204 1642 2240 alio·

46 2271 54 2283 ¹
108 2280 191 2304 rum
220 2280 367 2317 quoquc
394 2280 526 2304 manus
552 2271 824 2317 perventuram,
841 2288 884 2295 —
904 2280 950 2304 ne
970 2267 1053 2317 quis
1073 2268 1169 2304 forte
1188 2267 1290 2303 loeus
1309 2267 1414 2304 detur
1435 2268 1643 2313 calumniis,

109 2331 230 2368 visum
266 2335 322 2368 est
362 2331 681 2368 consultissimum
708 2336 819 2381 atque
845 2330 1086 2368 utilissimum
1114 2332 1206 2375 fore,
1231 2334 1273 2368 ut
1300 2331 1364 2368 illa
1391 2345 1543 2382 prorsus
1571 2346 1640 2384 pu-

109 2394 209 2432 blica
237 2396 352 2433 fieret.
397 2396 453 2432 Ac
479 2394 649 2445 proinde,
674 2398 872 2446 postquam
899 2395 978 2446 ipse
1005 2394 1052 2433 D.
1080 2394 1102 2432 a
1130 2394 1249 2432 Lasco
1278 2395 1452 2433 relectam
1479 2396 1519 2434 in
1545 2410 1638 2448 pau-

110 2458 161 2496 cis
189 2458 415 2509 quibusdam
444 2458 536 2496 locis
565 2458 798 2504 correxisset,
826 2459 1083 2509 nonnullaque
1110 2459 1326 2505 addidisset,
1354 2473 1422 2497 nos
1449 2461 1553 2498 illam
1581 2462 1640 2499 edi

111 2520 332 2558 curavimus.
374 2520 489 2558 Cuius
527 2520 678 2571 quidem
714 2520 891 2558 editionis
930 2521 1107 2559 brevibus
1135 2521 1291 2560 Vestrae
1319 2523 1526 2574 Amplitud.
1557 2524 1639 2561 red-

110 2585 269 2624 dendam
296 2598 376 2623 esse
401 2585 586 2623 rationem
615 2585 801 2623 duximus.

161 2649 243 2687 Nos
279 2650 416 2688 etenim
455 2653 553 2688 certe
589 2662 665 2687 non
702 2649 940 2693 arbitramur.
976 2650 1120 2688 homini
1149 2650 1362 2690 Christiano
1391 2653 1529 2690 famam
1557 2665 1638 2690 om-

109 2713 200 2751 nino
238 2713 501 2763 negligendam
537 2727 637 2760 esse,
672 2713 817 2752 etiamsi
854 2714 992 2752 Paulus
1027 2715 1192 2760 affirmet,
1227 2714 1297 2753 Dei
1333 2716 1525 2754 ministros
1562 2730 1640 2754 sese

110 2777 148 2815 in
186 2778 362 2815 omnibus
401 2778 672 2823 commendare,
709 2778 786 2816 sive
823 2791 886 2829 per
922 2779 1082 2828 gloriam
1115 2783 1151 2818 et
1187 2779 1447 2830 ignominiam,
1475 2781 1551 2818 sive
1577 2794 1642 2831 per

110 2841 306 2882 infamiam
343 2848 380 2881 et
417 2843 554 2884 bonam
590 2844 739 2883 famam.
793 2843 934 2884 Verum
967 2844 1006 2883 id
1044 2845 1194 2898 quidem
1235 2850 1290 2884 est
1326 2850 1362 2883 et
1399 2845 1645 2885 certissimum
