<?xml version="1.0" encoding="UTF-8"?>
<!DOCTYPE html PUBLIC "-//W3C//DTD XHTML 1.0 Transitional//EN"
    "http://www.w3.org/TR/xhtml1/DTD/xhtml1-transitional.dtd">
<html xmlns="http://www.w3.org/1999/xhtml" xml:lang="en" lang="en">
 <head>
  <title>
</title>
<meta http-equiv="Content-Type" content="text/html;charset=utf-8" />
  <meta name='ocr-system' content='tesseract 3.04.00' />
  <meta name='ocr-capabilities' content='ocr_page ocr_carea ocr_par ocr_line ocrx_word'/>
</head>
<body>
  <div class='ocr_page' id='page_1' title='image "./operatameditaqua01lask_0527.png"; bbox 0 0 1818 3178; ppageno 0'>
   <div class='ocr_carea' id='block_1_1' title="bbox 548 96 1582 141">
    <p class='ocr_par' dir='ltr' id='par_1_1' title="bbox 548 96 1582 141">
     <span class='ocr_line' id='line_1_1' title="bbox 548 96 1582 141; baseline -0.008 0"><span class='ocrx_word' id='word_1_1' title='bbox 548 111 764 141; x_wconf 71' lang='lat' dir='ltr'>RESPONSIO</span> <span class='ocrx_word' id='word_1_2' title='bbox 794 112 888 139; x_wconf 71' lang='grc' dir='ltr'><strong>Αυν.</strong></span> <span class='ocrx_word' id='word_1_3' title='bbox 919 109 1084 138; x_wconf 75' lang='lat' dir='ltr'>nosmm.</span> <span class='ocrx_word' id='word_1_4' title='bbox 1510 96 1582 135; x_wconf 83' lang='lat'>399</span> 
     </span>
    </p>
   </div>
   <div class='ocr_carea' id='block_1_2' title="bbox 657 227 987 266">
    <p class='ocr_par' dir='ltr' id='par_1_2' title="bbox 657 227 987 266">
     <span class='ocr_line' id='line_1_2' title="bbox 657 227 987 266; baseline -0.003 0"><span class='ocrx_word' id='word_1_5' title='bbox 657 227 922 266; x_wconf 79' lang='lat' dir='ltr'>Articulus</span> <span class='ocrx_word' id='word_1_6' title='bbox 949 229 987 265; x_wconf 84' lang='lat'>4.</span> 
     </span>
    </p>
   </div>
   <div class='ocr_carea' id='block_1_3' title="bbox 66 365 1590 559">
    <p class='ocr_par' dir='ltr' id='par_1_3' title="bbox 66 365 1590 559">
     <span class='ocr_line' id='line_1_3' title="bbox 113 365 1586 422; baseline -0.007 -10"><span class='ocrx_word' id='word_1_7' title='bbox 113 379 186 415; x_wconf 60' lang='lat' dir='ltr'>‚Si</span> <span class='ocrx_word' id='word_1_8' title='bbox 215 375 385 414; x_wconf 87' lang='lat' dir='ltr'>Christus</span> <span class='ocrx_word' id='word_1_9' title='bbox 413 378 538 412; x_wconf 83' lang='lat' dir='ltr'>manet.</span> <span class='ocrx_word' id='word_1_10' title='bbox 565 373 777 418; x_wconf 83' lang='lat' dir='ltr'>nobiscum,</span> <span class='ocrx_word' id='word_1_11' title='bbox 805 375 844 409; x_wconf 92' lang='lat' dir='ltr'>ut</span> <span class='ocrx_word' id='word_1_12' title='bbox 872 371 961 422; x_wconf 86' lang='lat' dir='ltr'>quid</span> <span class='ocrx_word' id='word_1_13' title='bbox 991 383 1139 408; x_wconf 88' lang='lat' dir='ltr'>necesse</span> <span class='ocrx_word' id='word_1_14' title='bbox 1167 372 1221 406; x_wconf 90' lang='lat' dir='ltr'>est</span> <span class='ocrx_word' id='word_1_15' title='bbox 1249 367 1422 406; x_wconf 83' lang='lat' dir='ltr'>accedere</span> <span class='ocrx_word' id='word_1_16' title='bbox 1451 365 1496 403; x_wconf 87' lang='lat' dir='ltr'>ad</span> <span class='ocrx_word' id='word_1_17' title='bbox 1518 367 1586 402; x_wconf 87' lang='lat' dir='ltr'>Sa-</span> 
     </span>
     <span class='ocr_line' id='line_1_4' title="bbox 66 430 1590 489; baseline -0.006 -12"><span class='ocrx_word' id='word_1_18' title='bbox 66 446 328 480; x_wconf 63' lang='lat' dir='ltr'>,aramentum</span> <span class='ocrx_word' id='word_1_19' title='bbox 366 445 401 477; x_wconf 93' lang='lat' dir='ltr'>et</span> <span class='ocrx_word' id='word_1_20' title='bbox 438 453 582 476; x_wconf 84' lang='lat' dir='ltr'>sumere</span> <span class='ocrx_word' id='word_1_21' title='bbox 621 451 755 489; x_wconf 86' lang='lat' dir='ltr'>corpus</span> <span class='ocrx_word' id='word_1_22' title='bbox 793 436 973 474; x_wconf 84' lang='lat' dir='ltr'>Domini?</span> <span class='ocrx_word' id='word_1_23' title='bbox 1028 435 1125 472; x_wconf 88' lang='lat' dir='ltr'>Nam</span> <span class='ocrx_word' id='word_1_24' title='bbox 1155 433 1344 485; x_wconf 91' lang='lat' dir='ltr'>quomodo</span> <span class='ocrx_word' id='word_1_25' title='bbox 1373 431 1410 469; x_wconf 95' lang='lat' dir='ltr'>id</span> <span class='ocrx_word' id='word_1_26' title='bbox 1439 430 1590 482; x_wconf 88' lang='lat' dir='ltr'>accipis,</span> 
     </span>
     <span class='ocr_line' id='line_1_5' title="bbox 67 504 578 559; baseline -0.008 -15"><span class='ocrx_word' id='word_1_27' title='bbox 67 506 199 559; x_wconf 74' lang='lat' dir='ltr'>nquod</span> <span class='ocrx_word' id='word_1_28' title='bbox 228 505 330 557; x_wconf 85' lang='lat' dir='ltr'>prius</span> <span class='ocrx_word' id='word_1_29' title='bbox 359 504 523 542; x_wconf 79' lang='lat' dir='ltr'>habebas</span> <span class='ocrx_word' id='word_1_30' title='bbox 535 504 578 541; x_wconf 81' lang='lat'>?&#39;&#39;</span> 
     </span>
    </p>
   </div>
   <div class='ocr_carea' id='block_1_4' title="bbox 685 595 973 647">
    <p class='ocr_par' dir='ltr' id='par_1_4' title="bbox 685 595 973 647">
     <span class='ocr_line' id='line_1_6' title="bbox 685 595 973 647; baseline -0.007 -13"><span class='ocrx_word' id='word_1_31' title='bbox 685 595 973 647; x_wconf 82' lang='lat' dir='ltr'><strong>Responsio.</strong></span> 
     </span>
    </p>
   </div>
   <div class='ocr_carea' id='block_1_5' title="bbox 20 736 1615 2920">
    <p class='ocr_par' dir='ltr' id='par_1_5' title="bbox 62 736 1598 1374">
     <span class='ocr_line' id='line_1_7' title="bbox 113 736 1590 790; baseline -0.006 -9"><span class='ocrx_word' id='word_1_32' title='bbox 113 743 162 781; x_wconf 86' lang='lat' dir='ltr'>Et</span> <span class='ocrx_word' id='word_1_33' title='bbox 189 742 250 780; x_wconf 89' lang='lat' dir='ltr'>hic</span> <span class='ocrx_word' id='word_1_34' title='bbox 271 746 405 782; x_wconf 79' lang='lat' dir='ltr'>nostra</span> <span class='ocrx_word' id='word_1_35' title='bbox 436 741 558 779; x_wconf 89' lang='lat' dir='ltr'>verbis</span> <span class='ocrx_word' id='word_1_36' title='bbox 586 740 662 778; x_wconf 89' lang='lat' dir='ltr'>suis</span> <span class='ocrx_word' id='word_1_37' title='bbox 691 737 1074 790; x_wconf 78' lang='lat' dir='ltr'>dep1·avat.A1berus‚</span> <span class='ocrx_word' id='word_1_38' title='bbox 1101 750 1168 774; x_wconf 90' lang='lat' dir='ltr'>nos</span> <span class='ocrx_word' id='word_1_39' title='bbox 1197 736 1296 774; x_wconf 88' lang='lat' dir='ltr'>enim</span> <span class='ocrx_word' id='word_1_40' title='bbox 1329 749 1435 774; x_wconf 89' lang='lat' dir='ltr'>usum</span> <span class='ocrx_word' id='word_1_41' title='bbox 1458 737 1590 772; x_wconf 85' lang='lat' dir='ltr'>Sacra·</span> 
     </span>
     <span class='ocr_line' id='line_1_8' title="bbox 62 801 1593 858; baseline -0.006 -12"><span class='ocrx_word' id='word_1_42' title='bbox 62 812 273 846; x_wconf 89' lang='lat' dir='ltr'>mentorum</span> <span class='ocrx_word' id='word_1_43' title='bbox 301 807 424 858; x_wconf 89' lang='lat' dir='ltr'>palam</span> <span class='ocrx_word' id='word_1_44' title='bbox 452 806 591 856; x_wconf 90' lang='lat' dir='ltr'>ubique</span> <span class='ocrx_word' id='word_1_45' title='bbox 619 804 923 842; x_wconf 84' lang='lat' dir='ltr'>commendamus</span> <span class='ocrx_word' id='word_1_46' title='bbox 951 807 987 840; x_wconf 91' lang='lat' dir='ltr'>et</span> <span class='ocrx_word' id='word_1_47' title='bbox 1015 815 1202 851; x_wconf 84' lang='lat' dir='ltr'>urgemuS,</span> <span class='ocrx_word' id='word_1_48' title='bbox 1229 801 1341 838; x_wconf 89' lang='lat' dir='ltr'>modo</span> <span class='ocrx_word' id='word_1_49' title='bbox 1369 805 1410 838; x_wconf 90' lang='lat' dir='ltr'>ut</span> <span class='ocrx_word' id='word_1_50' title='bbox 1426 801 1593 850; x_wconf 79' lang='lat' dir='ltr'>legitime</span> 
     </span>
     <span class='ocr_line' id='line_1_9' title="bbox 63 866 1591 919; baseline -0.005 -9"><span class='ocrx_word' id='word_1_51' title='bbox 63 873 284 910; x_wconf 81' lang='lat' dir='ltr'>observetur</span> <span class='ocrx_word' id='word_1_52' title='bbox 310 872 350 909; x_wconf 89' lang='lat' dir='ltr'>in</span> <span class='ocrx_word' id='word_1_53' title='bbox 380 870 548 908; x_wconf 82' lang='lat' dir='ltr'>Ecclesia</span> <span class='ocrx_word' id='word_1_54' title='bbox 578 869 732 915; x_wconf 83' lang='lat' dir='ltr'><strong>Christi,</strong></span> <span class='ocrx_word' id='word_1_55' title='bbox 759 869 797 906; x_wconf 91' lang='lat' dir='ltr'>id</span> <span class='ocrx_word' id='word_1_56' title='bbox 827 868 928 919; x_wconf 90' lang='lat' dir='ltr'>quod</span> <span class='ocrx_word' id='word_1_57' title='bbox 955 867 1076 904; x_wconf 84' lang='lat' dir='ltr'>libelli</span> <span class='ocrx_word' id='word_1_58' title='bbox 1104 879 1234 904; x_wconf 90' lang='lat' dir='ltr'>omnes</span> <span class='ocrx_word' id='word_1_59' title='bbox 1253 866 1373 903; x_wconf 90' lang='lat' dir='ltr'>nostri</span> <span class='ocrx_word' id='word_1_60' title='bbox 1393 869 1591 903; x_wconf 76' lang='lat' dir='ltr'>testantur.</span> 
     </span>
     <span class='ocr_line' id='line_1_10' title="bbox 66 932 1595 987; baseline -0.005 -13"><span class='ocrx_word' id='word_1_61' title='bbox 66 936 198 987; x_wconf 88' lang='lat' dir='ltr'>Neque</span> <span class='ocrx_word' id='word_1_62' title='bbox 234 939 289 973; x_wconf 85' lang='lat' dir='ltr'>est</span> <span class='ocrx_word' id='word_1_63' title='bbox 326 934 581 972; x_wconf 78' lang='lat' dir='ltr'>controversia</span> <span class='ocrx_word' id='word_1_64' title='bbox 611 934 656 971; x_wconf 88' lang='lat' dir='ltr'>de</span> <span class='ocrx_word' id='word_1_65' title='bbox 684 946 752 971; x_wconf 89' lang='lat' dir='ltr'>usu</span> <span class='ocrx_word' id='word_1_66' title='bbox 781 937 845 970; x_wconf 86' lang='lat' dir='ltr'>aut</span> <span class='ocrx_word' id='word_1_67' title='bbox 874 932 1059 981; x_wconf 75' lang='lat' dir='ltr'>dignitate</span> <span class='ocrx_word' id='word_1_68' title='bbox 1089 932 1248 975; x_wconf 87' lang='lat' dir='ltr'>Coenae,</span> <span class='ocrx_word' id='word_1_69' title='bbox 1275 943 1388 981; x_wconf 82' lang='lat' dir='ltr'>quam</span> <span class='ocrx_word' id='word_1_70' title='bbox 1414 943 1485 968; x_wconf 87' lang='lat' dir='ltr'>nos</span> <span class='ocrx_word' id='word_1_71' title='bbox 1515 942 1595 967; x_wconf 83' lang='lat' dir='ltr'>mo-</span> 
     </span>
     <span class='ocr_line' id='line_1_11' title="bbox 65 993 1594 1049; baseline -0.006 -10"><span class='ocrx_word' id='word_1_72' title='bbox 65 1002 122 1039; x_wconf 91' lang='lat' dir='ltr'>dis</span> <span class='ocrx_word' id='word_1_73' title='bbox 158 1000 442 1049; x_wconf 84' lang='lat' dir='ltr'>omni-(18)bus</span> <span class='ocrx_word' id='word_1_74' title='bbox 479 997 884 1036; x_wconf 87' lang='lat' dir='ltr'>commendatissimam</span> <span class='ocrx_word' id='word_1_75' title='bbox 921 1009 1011 1040; x_wconf 84' lang='lat' dir='ltr'>esse,</span> <span class='ocrx_word' id='word_1_76' title='bbox 1041 995 1213 1033; x_wconf 86' lang='lat' dir='ltr'>coelestis</span> <span class='ocrx_word' id='word_1_77' title='bbox 1241 994 1478 1045; x_wconf 88' lang='lat' dir='ltr'>potissimum</span> <span class='ocrx_word' id='word_1_78' title='bbox 1508 993 1594 1043; x_wconf 88' lang='lat' dir='ltr'>My-</span> 
     </span>
     <span class='ocr_line' id='line_1_12' title="bbox 65 1059 1596 1115; baseline -0.006 -11"><span class='ocrx_word' id='word_1_79' title='bbox 65 1066 169 1104; x_wconf 88' lang='lat' dir='ltr'>sterii</span> <span class='ocrx_word' id='word_1_80' title='bbox 204 1066 366 1111; x_wconf 86' lang='lat' dir='ltr'>nomine,</span> <span class='ocrx_word' id='word_1_81' title='bbox 403 1068 588 1115; x_wconf 78' lang='lat' dir='ltr'>optamus,</span> <span class='ocrx_word' id='word_1_82' title='bbox 625 1063 688 1101; x_wconf 89' lang='lat' dir='ltr'>sed</span> <span class='ocrx_word' id='word_1_83' title='bbox 718 1062 762 1100; x_wconf 92' lang='lat' dir='ltr'>de</span> <span class='ocrx_word' id='word_1_84' title='bbox 790 1062 948 1099; x_wconf 90' lang='lat' dir='ltr'>terrenis</span> <span class='ocrx_word' id='word_1_85' title='bbox 975 1061 1078 1098; x_wconf 82' lang='lat' dir='ltr'>illius</span> <span class='ocrx_word' id='word_1_86' title='bbox 1107 1059 1315 1097; x_wconf 88' lang='lat' dir='ltr'>Elementis</span> <span class='ocrx_word' id='word_1_87' title='bbox 1345 1072 1480 1096; x_wconf 89' lang='lat' dir='ltr'>novam</span> <span class='ocrx_word' id='word_1_88' title='bbox 1507 1059 1596 1096; x_wconf 90' lang='lat' dir='ltr'>illo-</span> 
     </span>
     <span class='ocr_line' id='line_1_13' title="bbox 65 1124 1598 1178; baseline -0.006 -10"><span class='ocrx_word' id='word_1_89' title='bbox 65 1144 149 1169; x_wconf 91' lang='lat' dir='ltr'>rum</span> <span class='ocrx_word' id='word_1_90' title='bbox 186 1130 396 1168; x_wconf 79' lang='lat' dir='ltr'>doctrinam</span> <span class='ocrx_word' id='word_1_91' title='bbox 432 1142 509 1166; x_wconf 91' lang='lat' dir='ltr'>non</span> <span class='ocrx_word' id='word_1_92' title='bbox 545 1127 763 1178; x_wconf 82' lang='lat' dir='ltr'>recepimus,</span> <span class='ocrx_word' id='word_1_93' title='bbox 800 1126 863 1177; x_wconf 93' lang='lat' dir='ltr'>qui</span> <span class='ocrx_word' id='word_1_94' title='bbox 900 1130 964 1163; x_wconf 88' lang='lat' dir='ltr'>aut</span> <span class='ocrx_word' id='word_1_95' title='bbox 999 1125 1180 1162; x_wconf 87' lang='lat' dir='ltr'>elementa</span> <span class='ocrx_word' id='word_1_96' title='bbox 1212 1124 1294 1174; x_wconf 83' lang='lat' dir='ltr'>ipsa</span> <span class='ocrx_word' id='word_1_97' title='bbox 1329 1124 1368 1160; x_wconf 92' lang='lat' dir='ltr'>in</span> <span class='ocrx_word' id='word_1_98' title='bbox 1399 1136 1534 1174; x_wconf 89' lang='lat' dir='ltr'>corpus</span> <span class='ocrx_word' id='word_1_99' title='bbox 1562 1127 1598 1160; x_wconf 91' lang='lat' dir='ltr'>et</span> 
     </span>
     <span class='ocr_line' id='line_1_14' title="bbox 68 1187 1597 1244; baseline -0.007 -11"><span class='ocrx_word' id='word_1_100' title='bbox 68 1195 291 1244; x_wconf 86' lang='lat' dir='ltr'>sanguinem</span> <span class='ocrx_word' id='word_1_101' title='bbox 329 1194 469 1231; x_wconf 84' lang='lat' dir='ltr'>Christi</span> <span class='ocrx_word' id='word_1_102' title='bbox 507 1192 713 1230; x_wconf 82' lang='lat' dir='ltr'>naturalem</span> <span class='ocrx_word' id='word_1_103' title='bbox 751 1191 858 1234; x_wconf 85' lang='lat' dir='ltr'>verti,</span> <span class='ocrx_word' id='word_1_104' title='bbox 895 1194 958 1227; x_wconf 81' lang='lat' dir='ltr'>aut</span> <span class='ocrx_word' id='word_1_105' title='bbox 985 1189 1037 1227; x_wconf 87' lang='lat' dir='ltr'>eis</span> <span class='ocrx_word' id='word_1_106' title='bbox 1067 1201 1201 1239; x_wconf 86' lang='lat' dir='ltr'>corpus</span> <span class='ocrx_word' id='word_1_107' title='bbox 1227 1188 1352 1238; x_wconf 86' lang='lat' dir='ltr'>ipsum</span> <span class='ocrx_word' id='word_1_108' title='bbox 1380 1190 1416 1224; x_wconf 88' lang='lat' dir='ltr'>et</span> <span class='ocrx_word' id='word_1_109' title='bbox 1445 1187 1597 1236; x_wconf 83' lang='lat' dir='ltr'>sangui·</span> 
     </span>
     <span class='ocr_line' id='line_1_15' title="bbox 68 1251 1595 1305; baseline -0.006 -8"><span class='ocrx_word' id='word_1_110' title='bbox 68 1273 152 1297; x_wconf 89' lang='lat' dir='ltr'>nem</span> <span class='ocrx_word' id='word_1_111' title='bbox 185 1258 327 1296; x_wconf 89' lang='lat' dir='ltr'>Christi</span> <span class='ocrx_word' id='word_1_112' title='bbox 364 1257 518 1295; x_wconf 88' lang='lat' dir='ltr'>Domini</span> <span class='ocrx_word' id='word_1_113' title='bbox 555 1256 762 1293; x_wconf 87' lang='lat' dir='ltr'>naturalem</span> <span class='ocrx_word' id='word_1_114' title='bbox 804 1255 924 1305; x_wconf 88' lang='lat' dir='ltr'>reipsa</span> <span class='ocrx_word' id='word_1_115' title='bbox 971 1252 1293 1291; x_wconf 86' lang='lat' dir='ltr'>cousubstantiari</span> <span class='ocrx_word' id='word_1_116' title='bbox 1329 1251 1595 1303; x_wconf 90' lang='lat' dir='ltr'>quoquomodo</span> 
     </span>
     <span class='ocr_line' id='line_1_16' title="bbox 68 1317 1598 1374; baseline -0.006 -12"><span class='ocrx_word' id='word_1_117' title='bbox 68 1325 214 1366; x_wconf 82' lang='lat' dir='ltr'>docent.</span> <span class='ocrx_word' id='word_1_118' title='bbox 249 1323 349 1374; x_wconf 90' lang='lat' dir='ltr'>quod</span> <span class='ocrx_word' id='word_1_119' title='bbox 386 1323 544 1360; x_wconf 88' lang='lat' dir='ltr'>istorum</span> <span class='ocrx_word' id='word_1_120' title='bbox 580 1334 699 1372; x_wconf 91' lang='lat' dir='ltr'>neque</span> <span class='ocrx_word' id='word_1_121' title='bbox 735 1320 775 1358; x_wconf 92' lang='lat' dir='ltr'>in</span> <span class='ocrx_word' id='word_1_122' title='bbox 812 1319 1021 1370; x_wconf 85' lang='lat' dir='ltr'>scripturis,</span> <span class='ocrx_word' id='word_1_123' title='bbox 1056 1331 1176 1369; x_wconf 87' lang='lat' dir='ltr'>neque</span> <span class='ocrx_word' id='word_1_124' title='bbox 1203 1318 1243 1355; x_wconf 90' lang='lat' dir='ltr'>in</span> <span class='ocrx_word' id='word_1_125' title='bbox 1270 1317 1440 1368; x_wconf 87' lang='lat' dir='ltr'>patribus</span> <span class='ocrx_word' id='word_1_126' title='bbox 1469 1317 1598 1354; x_wconf 89' lang='lat' dir='ltr'>ortho-</span> 
     </span>
    </p>

    <p class='ocr_par' dir='ltr' id='par_1_6' title="bbox 20 1382 1615 2920">
     <span class='ocr_line' id='line_1_17' title="bbox 68 1382 1598 1438; baseline -0.005 -12"><span class='ocrx_word' id='word_1_127' title='bbox 68 1388 176 1427; x_wconf 87' lang='lat' dir='ltr'>doxis</span> <span class='ocrx_word' id='word_1_128' title='bbox 213 1388 289 1426; x_wconf 86' lang='lat' dir='ltr'>ulla</span> <span class='ocrx_word' id='word_1_129' title='bbox 326 1401 483 1438; x_wconf 90' lang='lat' dir='ltr'>usquam</span> <span class='ocrx_word' id='word_1_130' title='bbox 520 1386 661 1424; x_wconf 86' lang='lat' dir='ltr'>mentio</span> <span class='ocrx_word' id='word_1_131' title='bbox 698 1387 775 1431; x_wconf 87' lang='lat' dir='ltr'>fiat,</span> <span class='ocrx_word' id='word_1_132' title='bbox 812 1388 847 1423; x_wconf 87' lang='lat' dir='ltr'>et</span> <span class='ocrx_word' id='word_1_133' title='bbox 884 1398 924 1422; x_wconf 81' lang='lat' dir='ltr'>ea</span> <span class='ocrx_word' id='word_1_134' title='bbox 961 1398 1019 1422; x_wconf 91' lang='lat' dir='ltr'>res</span> <span class='ocrx_word' id='word_1_135' title='bbox 1048 1383 1144 1421; x_wconf 89' lang='lat' dir='ltr'>nihil</span> <span class='ocrx_word' id='word_1_136' title='bbox 1182 1383 1296 1420; x_wconf 85' lang='lat' dir='ltr'>faciat</span> <span class='ocrx_word' id='word_1_137' title='bbox 1325 1382 1370 1419; x_wconf 89' lang='lat' dir='ltr'>ad</span> <span class='ocrx_word' id='word_1_138' title='bbox 1400 1382 1598 1420; x_wconf 84' lang='lat' dir='ltr'>efficaciam</span> 
     </span>
     <span class='ocr_line' id='line_1_18' title="bbox 20 1444 1600 1502; baseline -0.006 -11"><span class='ocrx_word' id='word_1_139' title='bbox 20 1444 24 1451; x_wconf 52' lang='lat'><em>¹</em></span> <span class='ocrx_word' id='word_1_140' title='bbox 68 1458 103 1491; x_wconf 90' lang='lat' dir='ltr'>et</span> <span class='ocrx_word' id='word_1_141' title='bbox 131 1453 352 1502; x_wconf 83' lang='lat' dir='ltr'>dignitatem</span> <span class='ocrx_word' id='word_1_142' title='bbox 381 1453 723 1494; x_wconf 81' lang='lat' dir='ltr'>Sacramentorum,</span> <span class='ocrx_word' id='word_1_143' title='bbox 750 1450 826 1487; x_wconf 90' lang='lat' dir='ltr'>imo</span> <span class='ocrx_word' id='word_1_144' title='bbox 856 1462 943 1487; x_wconf 89' lang='lat' dir='ltr'>vero</span> <span class='ocrx_word' id='word_1_145' title='bbox 971 1448 1083 1486; x_wconf 88' lang='lat' dir='ltr'>nobis</span> <span class='ocrx_word' id='word_1_146' title='bbox 1113 1461 1238 1485; x_wconf 85' lang='lat' dir='ltr'>secum</span> <span class='ocrx_word' id='word_1_147' title='bbox 1265 1446 1450 1484; x_wconf 84' lang='lat' dir='ltr'>invexerit</span> <span class='ocrx_word' id='word_1_148' title='bbox 1476 1446 1600 1483; x_wconf 84' lang='lat' dir='ltr'>mani-</span> 
     </span>
     <span class='ocr_line' id='line_1_19' title="bbox 70 1511 1601 1564; baseline -0.005 -10"><span class='ocrx_word' id='word_1_149' title='bbox 70 1519 202 1555; x_wconf 81' lang='lat' dir='ltr'>festam</span> <span class='ocrx_word' id='word_1_150' title='bbox 230 1516 483 1553; x_wconf 81' lang='lat' dir='ltr'>idololatriam</span> <span class='ocrx_word' id='word_1_151' title='bbox 511 1519 546 1553; x_wconf 90' lang='lat' dir='ltr'>et</span> <span class='ocrx_word' id='word_1_152' title='bbox 575 1516 721 1552; x_wconf 87' lang='lat' dir='ltr'>Coenae</span> <span class='ocrx_word' id='word_1_153' title='bbox 750 1514 972 1551; x_wconf 87' lang='lat' dir='ltr'>Dominicae</span> <span class='ocrx_word' id='word_1_154' title='bbox 997 1511 1315 1564; x_wconf 85' lang='lat' dir='ltr'>profanationem.</span> <span class='ocrx_word' id='word_1_155' title='bbox 1345 1514 1601 1560; x_wconf 81' lang='lat' dir='ltr'>Argumenta-</span> 
     </span>
     <span class='ocr_line' id='line_1_20' title="bbox 67 1576 1602 1631; baseline -0.005 -12"><span class='ocrx_word' id='word_1_156' title='bbox 67 1582 120 1620; x_wconf 90' lang='lat' dir='ltr'>tio</span> <span class='ocrx_word' id='word_1_157' title='bbox 150 1595 235 1619; x_wconf 87' lang='lat' dir='ltr'>vero</span> <span class='ocrx_word' id='word_1_158' title='bbox 262 1594 356 1626; x_wconf 88' lang='lat' dir='ltr'>mea,</span> <span class='ocrx_word' id='word_1_159' title='bbox 383 1594 495 1631; x_wconf 86' lang='lat' dir='ltr'>quam</span> <span class='ocrx_word' id='word_1_160' title='bbox 522 1580 585 1617; x_wconf 89' lang='lat' dir='ltr'>hic</span> <span class='ocrx_word' id='word_1_161' title='bbox 613 1580 789 1630; x_wconf 80' lang='lat' dir='ltr'>depravat</span> <span class='ocrx_word' id='word_1_162' title='bbox 818 1579 994 1623; x_wconf 88' lang='lat' dir='ltr'>Alberus,</span> <span class='ocrx_word' id='word_1_163' title='bbox 1023 1577 1095 1614; x_wconf 88' lang='lat' dir='ltr'>huc</span> <span class='ocrx_word' id='word_1_164' title='bbox 1124 1581 1277 1627; x_wconf 87' lang='lat' dir='ltr'>spectat,</span> <span class='ocrx_word' id='word_1_165' title='bbox 1305 1579 1357 1622; x_wconf 87' lang='lat' dir='ltr'>ut,</span> <span class='ocrx_word' id='word_1_166' title='bbox 1375 1576 1439 1626; x_wconf 90' lang='lat' dir='ltr'>qui</span> <span class='ocrx_word' id='word_1_167' title='bbox 1467 1588 1602 1626; x_wconf 80' lang='lat' dir='ltr'>corpo-</span> 
     </span>
     <span class='ocr_line' id='line_1_21' title="bbox 70 1640 1601 1694; baseline -0.005 -11"><span class='ocrx_word' id='word_1_168' title='bbox 70 1647 185 1683; x_wconf 87' lang='lat' dir='ltr'>ralem</span> <span class='ocrx_word' id='word_1_169' title='bbox 221 1645 260 1683; x_wconf 91' lang='lat' dir='ltr'>in</span> <span class='ocrx_word' id='word_1_170' title='bbox 297 1646 421 1682; x_wconf 88' lang='lat' dir='ltr'>Coena</span> <span class='ocrx_word' id='word_1_171' title='bbox 458 1645 626 1694; x_wconf 90' lang='lat' dir='ltr'>corporis</span> <span class='ocrx_word' id='word_1_172' title='bbox 662 1648 698 1681; x_wconf 92' lang='lat' dir='ltr'>et</span> <span class='ocrx_word' id='word_1_173' title='bbox 735 1643 929 1693; x_wconf 80' lang='lat' dir='ltr'>sanguinis</span> <span class='ocrx_word' id='word_1_174' title='bbox 969 1641 1109 1680; x_wconf 85' lang='lat' dir='ltr'>Christi</span> <span class='ocrx_word' id='word_1_175' title='bbox 1137 1654 1200 1678; x_wconf 90' lang='lat' dir='ltr'>ore</span> <span class='ocrx_word' id='word_1_176' title='bbox 1228 1640 1369 1677; x_wconf 85' lang='lat' dir='ltr'>carnali</span> <span class='ocrx_word' id='word_1_177' title='bbox 1396 1640 1601 1677; x_wconf 83' lang='lat' dir='ltr'>manduca·</span> 
     </span>
     <span class='ocr_line' id='line_1_22' title="bbox 69 1704 1603 1758; baseline -0.003 -11"><span class='ocrx_word' id='word_1_178' title='bbox 69 1710 211 1748; x_wconf 90' lang='lat' dir='ltr'>tionem</span> <span class='ocrx_word' id='word_1_179' title='bbox 252 1709 499 1752; x_wconf 83' lang='lat' dir='ltr'>constituunt,</span> <span class='ocrx_word' id='word_1_180' title='bbox 536 1708 647 1746; x_wconf 89' lang='lat' dir='ltr'>nobis</span> <span class='ocrx_word' id='word_1_181' title='bbox 685 1708 949 1758; x_wconf 87' lang='lat' dir='ltr'>respondeant,</span> <span class='ocrx_word' id='word_1_182' title='bbox 975 1719 1064 1744; x_wconf 90' lang='lat' dir='ltr'>num</span> <span class='ocrx_word' id='word_1_183' title='bbox 1094 1706 1267 1743; x_wconf 86' lang='lat' dir='ltr'>Christus</span> <span class='ocrx_word' id='word_1_184' title='bbox 1295 1705 1399 1742; x_wconf 86' lang='lat' dir='ltr'>illam</span> <span class='ocrx_word' id='word_1_185' title='bbox 1427 1704 1603 1743; x_wconf 87' lang='lat' dir='ltr'>institue-</span> 
     </span>
     <span class='ocr_line' id='line_1_23' title="bbox 70 1770 1602 1824; baseline -0.003 -13"><span class='ocrx_word' id='word_1_186' title='bbox 70 1776 132 1820; x_wconf 81' lang='lat' dir='ltr'>rit,</span> <span class='ocrx_word' id='word_1_187' title='bbox 168 1779 208 1812; x_wconf 90' lang='lat' dir='ltr'>ut</span> <span class='ocrx_word' id='word_1_188' title='bbox 253 1774 292 1811; x_wconf 86' lang='lat' dir='ltr'>in</span> <span class='ocrx_word' id='word_1_189' title='bbox 328 1774 438 1811; x_wconf 89' lang='lat' dir='ltr'>nobis</span> <span class='ocrx_word' id='word_1_190' title='bbox 478 1772 722 1824; x_wconf 46' lang='lat' dir='ltr'>corpus‘iam</span> <span class='ocrx_word' id='word_1_191' title='bbox 759 1773 934 1823; x_wconf 87' lang='lat' dir='ltr'>deinceps</span> <span class='ocrx_word' id='word_1_192' title='bbox 969 1772 1087 1822; x_wconf 90' lang='lat' dir='ltr'>ipsius</span> <span class='ocrx_word' id='word_1_193' title='bbox 1125 1776 1316 1822; x_wconf 90' lang='lat' dir='ltr'>perpetuo,</span> <span class='ocrx_word' id='word_1_194' title='bbox 1356 1770 1602 1821; x_wconf 80' lang='lat' dir='ltr'>corporaliter</span> 
     </span>
     <span class='ocr_line' id='line_1_24' title="bbox 72 1836 1604 1889; baseline -0.003 -13"><span class='ocrx_word' id='word_1_195' title='bbox 72 1839 213 1889; x_wconf 82' lang='lat' dir='ltr'>alioqui</span> <span class='ocrx_word' id='word_1_196' title='bbox 256 1838 535 1882; x_wconf 88' lang='lat' dir='ltr'>manducatum,</span> <span class='ocrx_word' id='word_1_197' title='bbox 580 1844 728 1875; x_wconf 87' lang='lat' dir='ltr'>maneat</span> <span class='ocrx_word' id='word_1_198' title='bbox 765 1851 895 1875; x_wconf 88' lang='lat' dir='ltr'>necne.</span> <span class='ocrx_word' id='word_1_199' title='bbox 960 1837 1000 1873; x_wconf 89' lang='lat' dir='ltr'>Si</span> <span class='ocrx_word' id='word_1_200' title='bbox 1035 1836 1075 1874; x_wconf 89' lang='lat' dir='ltr'>id</span> <span class='ocrx_word' id='word_1_201' title='bbox 1112 1837 1308 1881; x_wconf 86' lang='lat' dir='ltr'>affirment,</span> <span class='ocrx_word' id='word_1_202' title='bbox 1342 1837 1604 1886; x_wconf 80' lang='lat' dir='ltr'>quae·(l9)ro‚</span> 
     </span>
     <span class='ocr_line' id='line_1_25' title="bbox 76 1900 1606 1954; baseline -0.003 -13"><span class='ocrx_word' id='word_1_203' title='bbox 76 1917 141 1941; x_wconf 87' lang='lat' dir='ltr'>cur</span> <span class='ocrx_word' id='word_1_204' title='bbox 174 1902 292 1954; x_wconf 88' lang='lat' dir='ltr'>repeti</span> <span class='ocrx_word' id='word_1_205' title='bbox 319 1903 478 1940; x_wconf 87' lang='lat' dir='ltr'>subinde</span> <span class='ocrx_word' id='word_1_206' title='bbox 507 1903 666 1940; x_wconf 90' lang='lat' dir='ltr'>voluerit</span> <span class='ocrx_word' id='word_1_207' title='bbox 695 1903 840 1940; x_wconf 88' lang='lat' dir='ltr'>Coenae</span> <span class='ocrx_word' id='word_1_208' title='bbox 868 1915 991 1947; x_wconf 89' lang='lat' dir='ltr'>usum,</span> <span class='ocrx_word' id='word_1_209' title='bbox 1022 1914 1106 1938; x_wconf 85' lang='lat' dir='ltr'>cum</span> <span class='ocrx_word' id='word_1_210' title='bbox 1136 1901 1248 1938; x_wconf 88' lang='lat' dir='ltr'>unius</span> <span class='ocrx_word' id='word_1_211' title='bbox 1277 1900 1423 1937; x_wconf 88' lang='lat' dir='ltr'>Coenae</span> <span class='ocrx_word' id='word_1_212' title='bbox 1450 1913 1540 1937; x_wconf 88' lang='lat' dir='ltr'>usus</span> <span class='ocrx_word' id='word_1_213' title='bbox 1566 1900 1606 1937; x_wconf 92' lang='lat' dir='ltr'>id</span> 
     </span>
     <span class='ocr_line' id='line_1_26' title="bbox 74 1965 1606 2018; baseline -0.003 -12"><span class='ocrx_word' id='word_1_214' title='bbox 74 1969 204 2007; x_wconf 85' lang='lat' dir='ltr'>efficiat</span> <span class='ocrx_word' id='word_1_215' title='bbox 231 1990 281 1997; x_wconf 96' lang='lat'>—</span> <span class='ocrx_word' id='word_1_216' title='bbox 308 1969 338 2006; x_wconf 88' lang='lat' dir='ltr'>si</span> <span class='ocrx_word' id='word_1_217' title='bbox 366 1968 516 2018; x_wconf 88' lang='lat' dir='ltr'>quidem</span> <span class='ocrx_word' id='word_1_218' title='bbox 545 1968 617 2005; x_wconf 87' lang='lat' dir='ltr'>hoc</span> <span class='ocrx_word' id='word_1_219' title='bbox 640 1969 714 2006; x_wconf 90' lang='lat' dir='ltr'>fine</span> <span class='ocrx_word' id='word_1_220' title='bbox 730 1968 942 2005; x_wconf 74' lang='lat' dir='ltr'>institutam</span> <span class='ocrx_word' id='word_1_221' title='bbox 962 1980 1042 2004; x_wconf 88' lang='lat' dir='ltr'>esse</span> <span class='ocrx_word' id='word_1_222' title='bbox 1059 1967 1185 2004; x_wconf 88' lang='lat' dir='ltr'>dicant</span> <span class='ocrx_word' id='word_1_223' title='bbox 1200 1988 1251 1994; x_wconf 95' lang='lat'>—</span> <span class='ocrx_word' id='word_1_224' title='bbox 1271 1971 1310 2003; x_wconf 90' lang='lat' dir='ltr'>ut</span> <span class='ocrx_word' id='word_1_225' title='bbox 1332 1978 1465 2017; x_wconf 88' lang='lat' dir='ltr'>corpus</span> <span class='ocrx_word' id='word_1_226' title='bbox 1482 1965 1606 2016; x_wconf 89' lang='lat' dir='ltr'>ipsum</span> 
     </span>
     <span class='ocr_line' id='line_1_27' title="bbox 74 2031 1607 2082; baseline -0.002 -11"><span class='ocrx_word' id='word_1_227' title='bbox 74 2039 110 2071; x_wconf 84' lang='lat' dir='ltr'>et</span> <span class='ocrx_word' id='word_1_228' title='bbox 147 2033 300 2082; x_wconf 86' lang='lat' dir='ltr'>sanguis</span> <span class='ocrx_word' id='word_1_229' title='bbox 338 2033 478 2070; x_wconf 78' lang='lat' dir='ltr'>Christi</span> <span class='ocrx_word' id='word_1_230' title='bbox 515 2033 698 2070; x_wconf 88' lang='lat' dir='ltr'>naturalis</span> <span class='ocrx_word' id='word_1_231' title='bbox 733 2033 773 2070; x_wconf 91' lang='lat' dir='ltr'>in</span> <span class='ocrx_word' id='word_1_232' title='bbox 810 2032 921 2070; x_wconf 90' lang='lat' dir='ltr'>nobis</span> <span class='ocrx_word' id='word_1_233' title='bbox 947 2032 1022 2069; x_wconf 91' lang='lat' dir='ltr'>iam</span> <span class='ocrx_word' id='word_1_234' title='bbox 1052 2031 1226 2082; x_wconf 86' lang='lat' dir='ltr'>deinceps</span> <span class='ocrx_word' id='word_1_235' title='bbox 1256 2031 1499 2082; x_wconf 88' lang='lat' dir='ltr'>corporaliter</span> <span class='ocrx_word' id='word_1_236' title='bbox 1527 2044 1607 2068; x_wconf 85' lang='lat' dir='ltr'>ma-</span> 
     </span>
     <span class='ocr_line' id='line_1_28' title="bbox 77 2095 1609 2146; baseline -0.003 -11"><span class='ocrx_word' id='word_1_237' title='bbox 77 2102 173 2136; x_wconf 91' lang='lat' dir='ltr'>neat.</span> <span class='ocrx_word' id='word_1_238' title='bbox 226 2097 328 2135; x_wconf 91' lang='lat' dir='ltr'>Nam</span> <span class='ocrx_word' id='word_1_239' title='bbox 356 2098 480 2135; x_wconf 85' lang='lat' dir='ltr'>ociose</span> <span class='ocrx_word' id='word_1_240' title='bbox 509 2097 702 2135; x_wconf 86' lang='lat' dir='ltr'>Christum</span> <span class='ocrx_word' id='word_1_241' title='bbox 728 2097 934 2134; x_wconf 86' lang='lat' dir='ltr'>Dominum</span> <span class='ocrx_word' id='word_1_242' title='bbox 963 2097 1111 2134; x_wconf 90' lang='lat' dir='ltr'>Coenae</span> <span class='ocrx_word' id='word_1_243' title='bbox 1140 2109 1230 2133; x_wconf 87' lang='lat' dir='ltr'>suae</span> <span class='ocrx_word' id='word_1_244' title='bbox 1257 2096 1519 2146; x_wconf 84' lang='lat' dir='ltr'>repetitionem</span> <span class='ocrx_word' id='word_1_245' title='bbox 1547 2095 1609 2132; x_wconf 92' lang='lat' dir='ltr'>in-</span> 
     </span>
     <span class='ocr_line' id='line_1_29' title="bbox 76 2159 1607 2211; baseline -0.003 -10"><span class='ocrx_word' id='word_1_246' title='bbox 76 2163 252 2208; x_wconf 83' lang='lat' dir='ltr'>stituisse,</span> <span class='ocrx_word' id='word_1_247' title='bbox 289 2162 532 2211; x_wconf 81' lang='lat' dir='ltr'>cogitandum</span> <span class='ocrx_word' id='word_1_248' title='bbox 570 2175 645 2200; x_wconf 91' lang='lat' dir='ltr'>non</span> <span class='ocrx_word' id='word_1_249' title='bbox 681 2166 748 2200; x_wconf 87' lang='lat' dir='ltr'>est.</span> <span class='ocrx_word' id='word_1_250' title='bbox 804 2162 843 2198; x_wconf 88' lang='lat' dir='ltr'>Si</span> <span class='ocrx_word' id='word_1_251' title='bbox 880 2174 966 2199; x_wconf 88' lang='lat' dir='ltr'>vero</span> <span class='ocrx_word' id='word_1_252' title='bbox 1002 2161 1040 2198; x_wconf 88' lang='lat' dir='ltr'>id</span> <span class='ocrx_word' id='word_1_253' title='bbox 1069 2164 1221 2210; x_wconf 79' lang='lat' dir='ltr'>negent,</span> <span class='ocrx_word' id='word_1_254' title='bbox 1256 2164 1334 2197; x_wconf 90' lang='lat' dir='ltr'>tum</span> <span class='ocrx_word' id='word_1_255' title='bbox 1364 2164 1464 2210; x_wconf 83' lang='lat' dir='ltr'>pet0‚</span> <span class='ocrx_word' id='word_1_256' title='bbox 1490 2163 1532 2197; x_wconf 88' lang='lat' dir='ltr'>ut</span> <span class='ocrx_word' id='word_1_257' title='bbox 1560 2159 1607 2196; x_wconf 87' lang='lat' dir='ltr'>ad</span> 
     </span>
     <span class='ocr_line' id='line_1_30' title="bbox 77 2221 1608 2274; baseline -0.003 -12"><span class='ocrx_word' id='word_1_258' title='bbox 77 2225 190 2263; x_wconf 86' lang='lat' dir='ltr'>verba</span> <span class='ocrx_word' id='word_1_259' title='bbox 227 2223 367 2261; x_wconf 88' lang='lat' dir='ltr'>Christi</span> <span class='ocrx_word' id='word_1_260' title='bbox 403 2223 559 2261; x_wconf 90' lang='lat' dir='ltr'>Domini</span> <span class='ocrx_word' id='word_1_261' title='bbox 589 2224 858 2274; x_wconf 84' lang='lat' dir='ltr'>respondeant:</span> <span class='ocrx_word' id='word_1_262' title='bbox 906 2223 983 2261; x_wconf 75' lang='lat' dir='ltr'>Qui</span> <span class='ocrx_word' id='word_1_263' title='bbox 1013 2223 1089 2260; x_wconf 88' lang='lat' dir='ltr'>edit</span> <span class='ocrx_word' id='word_1_264' title='bbox 1117 2235 1266 2259; x_wconf 87' lang='lat' dir='ltr'>carnem</span> <span class='ocrx_word' id='word_1_265' title='bbox 1293 2234 1415 2259; x_wconf 85' lang='lat' dir='ltr'>meam</span> <span class='ocrx_word' id='word_1_266' title='bbox 1444 2224 1481 2259; x_wconf 87' lang='lat' dir='ltr'>et</span> <span class='ocrx_word' id='word_1_267' title='bbox 1509 2221 1608 2259; x_wconf 90' lang='lat' dir='ltr'>bibit</span> 
     </span>
     <span class='ocr_line' id='line_1_31' title="bbox 78 2287 1608 2339; baseline -0.002 -12"><span class='ocrx_word' id='word_1_268' title='bbox 78 2303 202 2328; x_wconf 89' lang='lat' dir='ltr'>meum</span> <span class='ocrx_word' id='word_1_269' title='bbox 239 2290 471 2339; x_wconf 83' lang='lat' dir='ltr'>sanguinem,</span> <span class='ocrx_word' id='word_1_270' title='bbox 507 2290 546 2327; x_wconf 89' lang='lat' dir='ltr'>in</span> <span class='ocrx_word' id='word_1_271' title='bbox 574 2303 633 2327; x_wconf 88' lang='lat' dir='ltr'>me</span> <span class='ocrx_word' id='word_1_272' title='bbox 669 2294 794 2327; x_wconf 85' lang='lat' dir='ltr'>manet</span> <span class='ocrx_word' id='word_1_273' title='bbox 822 2293 857 2326; x_wconf 89' lang='lat' dir='ltr'>et</span> <span class='ocrx_word' id='word_1_274' title='bbox 884 2301 954 2337; x_wconf 77' lang='lat' dir='ltr'>ego</span> <span class='ocrx_word' id='word_1_275' title='bbox 981 2289 1021 2326; x_wconf 90' lang='lat' dir='ltr'>in</span> <span class='ocrx_word' id='word_1_276' title='bbox 1049 2301 1105 2326; x_wconf 92' lang='lat' dir='ltr'>eo.</span> <span class='ocrx_word' id='word_1_277' title='bbox 1159 2288 1250 2325; x_wconf 89' lang='lat' dir='ltr'>Peto</span> <span class='ocrx_word' id='word_1_278' title='bbox 1276 2287 1366 2325; x_wconf 83' lang='lat' dir='ltr'>item</span> <span class='ocrx_word' id='word_1_279' title='bbox 1394 2290 1437 2325; x_wconf 92' lang='lat' dir='ltr'>ut</span> <span class='ocrx_word' id='word_1_280' title='bbox 1467 2287 1608 2332; x_wconf 87' lang='lat' dir='ltr'>dicant,</span> 
     </span>
     <span class='ocr_line' id='line_1_32' title="bbox 79 2349 1609 2406; baseline -0.003 -14"><span class='ocrx_word' id='word_1_281' title='bbox 79 2355 321 2406; x_wconf 87' lang='lat' dir='ltr'>quandonam</span> <span class='ocrx_word' id='word_1_282' title='bbox 357 2358 392 2390; x_wconf 90' lang='lat' dir='ltr'>et</span> <span class='ocrx_word' id='word_1_283' title='bbox 428 2366 515 2404; x_wconf 90' lang='lat' dir='ltr'>quo,</span> <span class='ocrx_word' id='word_1_284' title='bbox 551 2366 624 2404; x_wconf 88' lang='lat' dir='ltr'>quo</span> <span class='ocrx_word' id='word_1_285' title='bbox 670 2352 831 2403; x_wconf 91' lang='lat' dir='ltr'>denique</span> <span class='ocrx_word' id='word_1_286' title='bbox 868 2351 978 2390; x_wconf 88' lang='lat' dir='ltr'>modo</span> <span class='ocrx_word' id='word_1_287' title='bbox 1008 2365 1028 2389; x_wconf 93' lang='lat' dir='ltr'>a</span> <span class='ocrx_word' id='word_1_288' title='bbox 1055 2351 1167 2388; x_wconf 91' lang='lat' dir='ltr'>nobis</span> <span class='ocrx_word' id='word_1_289' title='bbox 1196 2364 1234 2388; x_wconf 90' lang='lat' dir='ltr'>se</span> <span class='ocrx_word' id='word_1_290' title='bbox 1262 2349 1475 2388; x_wconf 86' lang='lat' dir='ltr'>subducant</span> <span class='ocrx_word' id='word_1_291' title='bbox 1503 2363 1609 2388; x_wconf 89' lang='lat' dir='ltr'>man-</span> 
     </span>
     <span class='ocr_line' id='line_1_33' title="bbox 79 2414 1611 2468; baseline -0.003 -12"><span class='ocrx_word' id='word_1_292' title='bbox 79 2419 254 2456; x_wconf 89' lang='lat' dir='ltr'>ducatum</span> <span class='ocrx_word' id='word_1_293' title='bbox 284 2417 424 2468; x_wconf 88' lang='lat' dir='ltr'>alioqui</span> <span class='ocrx_word' id='word_1_294' title='bbox 451 2417 491 2454; x_wconf 90' lang='lat' dir='ltr'>in</span> <span class='ocrx_word' id='word_1_295' title='bbox 518 2430 614 2468; x_wconf 87' lang='lat' dir='ltr'>pane</span> <span class='ocrx_word' id='word_1_296' title='bbox 641 2421 705 2454; x_wconf 90' lang='lat' dir='ltr'>aut</span> <span class='ocrx_word' id='word_1_297' title='bbox 733 2417 804 2454; x_wconf 85' lang='lat' dir='ltr'>sub</span> <span class='ocrx_word' id='word_1_298' title='bbox 833 2430 941 2467; x_wconf 86' lang='lat' dir='ltr'>pane,</span> <span class='ocrx_word' id='word_1_299' title='bbox 978 2428 1040 2453; x_wconf 87' lang='lat' dir='ltr'>ore</span> <span class='ocrx_word' id='word_1_300' title='bbox 1078 2415 1231 2460; x_wconf 86' lang='lat' dir='ltr'>carnali,</span> <span class='ocrx_word' id='word_1_301' title='bbox 1260 2414 1380 2465; x_wconf 90' lang='lat' dir='ltr'>ipsum</span> <span class='ocrx_word' id='word_1_302' title='bbox 1411 2427 1547 2465; x_wconf 90' lang='lat' dir='ltr'>corpus</span> <span class='ocrx_word' id='word_1_303' title='bbox 1574 2417 1611 2451; x_wconf 90' lang='lat' dir='ltr'>et</span> 
     </span>
     <span class='ocr_line' id='line_1_34' title="bbox 81 2478 1611 2533; baseline -0.004 -12"><span class='ocrx_word' id='word_1_304' title='bbox 81 2484 236 2521; x_wconf 88' lang='lat' dir='ltr'>haustus</span> <span class='ocrx_word' id='word_1_305' title='bbox 273 2483 351 2533; x_wconf 90' lang='lat' dir='ltr'>ipse</span> <span class='ocrx_word' id='word_1_306' title='bbox 380 2481 534 2530; x_wconf 78' lang='lat' dir='ltr'>sanguis</span> <span class='ocrx_word' id='word_1_307' title='bbox 564 2481 721 2526; x_wconf 83' lang='lat' dir='ltr'>Christi,</span> <span class='ocrx_word' id='word_1_308' title='bbox 747 2480 1063 2531; x_wconf 84' lang='lat' dir='ltr'>quemadmodum</span> <span class='ocrx_word' id='word_1_309' title='bbox 1090 2479 1162 2530; x_wconf 89' lang='lat' dir='ltr'>ipsi</span> <span class='ocrx_word' id='word_1_310' title='bbox 1191 2479 1336 2517; x_wconf 89' lang='lat' dir='ltr'>volunt.</span> <span class='ocrx_word' id='word_1_311' title='bbox 1391 2478 1496 2516; x_wconf 76' lang='lat' dir='ltr'>Quid</span> <span class='ocrx_word' id='word_1_312' title='bbox 1525 2490 1611 2516; x_wconf 87' lang='lat' dir='ltr'>vero</span> 
     </span>
     <span class='ocr_line' id='line_1_35' title="bbox 84 2542 1610 2596; baseline -0.005 -11"><span class='ocrx_word' id='word_1_313' title='bbox 84 2549 173 2586; x_wconf 89' lang='lat' dir='ltr'>baec</span> <span class='ocrx_word' id='word_1_314' title='bbox 207 2546 255 2584; x_wconf 89' lang='lat' dir='ltr'>ad</span> <span class='ocrx_word' id='word_1_315' title='bbox 297 2551 552 2596; x_wconf 87' lang='lat' dir='ltr'>contemptum</span> <span class='ocrx_word' id='word_1_316' title='bbox 590 2547 929 2590; x_wconf 85' lang='lat' dir='ltr'>Sacramentorum,</span> <span class='ocrx_word' id='word_1_317' title='bbox 965 2557 1076 2595; x_wconf 86' lang='lat' dir='ltr'>quem</span> <span class='ocrx_word' id='word_1_318' title='bbox 1113 2544 1174 2581; x_wconf 90' lang='lat' dir='ltr'>hic</span> <span class='ocrx_word' id='word_1_319' title='bbox 1210 2543 1371 2581; x_wconf 86' lang='lat' dir='ltr'>Alberus</span> <span class='ocrx_word' id='word_1_320' title='bbox 1409 2542 1610 2580; x_wconf 83' lang='lat' dir='ltr'>obtendit?</span> 
     </span>
     <span class='ocr_line' id='line_1_36' title="bbox 80 2610 1611 2661; baseline -0.004 -10"><span class='ocrx_word' id='word_1_321' title='bbox 80 2615 164 2651; x_wconf 91' lang='lat' dir='ltr'>Imo</span> <span class='ocrx_word' id='word_1_322' title='bbox 203 2626 288 2651; x_wconf 86' lang='lat' dir='ltr'>vero</span> <span class='ocrx_word' id='word_1_323' title='bbox 326 2611 496 2657; x_wconf 86' lang='lat' dir='ltr'>ostendo,</span> <span class='ocrx_word' id='word_1_324' title='bbox 532 2611 701 2648; x_wconf 86' lang='lat' dir='ltr'>doctrina</span> <span class='ocrx_word' id='word_1_325' title='bbox 742 2610 909 2661; x_wconf 88' lang='lat' dir='ltr'>ipsorum</span> <span class='ocrx_word' id='word_1_326' title='bbox 946 2610 1122 2647; x_wconf 84' lang='lat' dir='ltr'>infamari</span> <span class='ocrx_word' id='word_1_327' title='bbox 1159 2610 1305 2647; x_wconf 91' lang='lat' dir='ltr'>Coenae</span> <span class='ocrx_word' id='word_1_328' title='bbox 1340 2621 1463 2653; x_wconf 90' lang='lat' dir='ltr'>usum,</span> <span class='ocrx_word' id='word_1_329' title='bbox 1498 2621 1611 2659; x_wconf 89' lang='lat' dir='ltr'>quam</span> 
     </span>
     <span class='ocr_line' id='line_1_37' title="bbox 81 2672 1608 2726; baseline -0.004 -11"><span class='ocrx_word' id='word_1_330' title='bbox 81 2691 170 2716; x_wconf 89' lang='lat' dir='ltr'>sane</span> <span class='ocrx_word' id='word_1_331' title='bbox 205 2690 282 2715; x_wconf 89' lang='lat' dir='ltr'>non</span> <span class='ocrx_word' id='word_1_332' title='bbox 317 2681 453 2714; x_wconf 89' lang='lat' dir='ltr'>temere</span> <span class='ocrx_word' id='word_1_333' title='bbox 490 2688 556 2713; x_wconf 88' lang='lat' dir='ltr'>nec</span> <span class='ocrx_word' id='word_1_334' title='bbox 590 2676 730 2713; x_wconf 85' lang='lat' dir='ltr'>frustra</span> <span class='ocrx_word' id='word_1_335' title='bbox 765 2675 882 2726; x_wconf 87' lang='lat' dir='ltr'>repeti</span> <span class='ocrx_word' id='word_1_336' title='bbox 919 2675 1039 2712; x_wconf 89' lang='lat' dir='ltr'>voluit</span> <span class='ocrx_word' id='word_1_337' title='bbox 1076 2674 1260 2719; x_wconf 80' lang='lat' dir='ltr'>Christus,</span> <span class='ocrx_word' id='word_1_338' title='bbox 1298 2677 1411 2724; x_wconf 83' lang='lat' dir='ltr'>atque</span> <span class='ocrx_word' id='word_1_339' title='bbox 1446 2686 1488 2710; x_wconf 89' lang='lat' dir='ltr'>eo</span> <span class='ocrx_word' id='word_1_340' title='bbox 1527 2672 1608 2723; x_wconf 92' lang='lat' dir='ltr'>ipso</span> 
     </span>
     <span class='ocr_line' id='line_1_38' title="bbox 82 2736 1613 2791; baseline -0.004 -11"><span class='ocrx_word' id='word_1_341' title='bbox 82 2741 258 2787; x_wconf 86' lang='lat' dir='ltr'>ostendit,</span> <span class='ocrx_word' id='word_1_342' title='bbox 293 2754 332 2779; x_wconf 88' lang='lat' dir='ltr'>se</span> <span class='ocrx_word' id='word_1_343' title='bbox 368 2740 413 2778; x_wconf 90' lang='lat' dir='ltr'>de</span> <span class='ocrx_word' id='word_1_344' title='bbox 450 2740 636 2791; x_wconf 88' lang='lat' dir='ltr'>corporali</span> <span class='ocrx_word' id='word_1_345' title='bbox 670 2740 735 2776; x_wconf 88' lang='lat' dir='ltr'>illa</span> <span class='ocrx_word' id='word_1_346' title='bbox 763 2752 826 2777; x_wconf 90' lang='lat' dir='ltr'>ore</span> <span class='ocrx_word' id='word_1_347' title='bbox 854 2739 994 2776; x_wconf 85' lang='lat' dir='ltr'>carnali</span> <span class='ocrx_word' id='word_1_348' title='bbox 1021 2739 1061 2776; x_wconf 93' lang='lat' dir='ltr'>in</span> <span class='ocrx_word' id='word_1_349' title='bbox 1088 2751 1182 2790; x_wconf 88' lang='lat' dir='ltr'>pane</span> <span class='ocrx_word' id='word_1_350' title='bbox 1212 2741 1297 2787; x_wconf 81' lang='lat'>(20)</span> <span class='ocrx_word' id='word_1_351' title='bbox 1325 2742 1391 2776; x_wconf 86' lang='lat' dir='ltr'>aut</span> <span class='ocrx_word' id='word_1_352' title='bbox 1418 2736 1487 2774; x_wconf 90' lang='lat' dir='ltr'>sub</span> <span class='ocrx_word' id='word_1_353' title='bbox 1515 2749 1613 2787; x_wconf 87' lang='lat' dir='ltr'>pane</span> 
     </span>
     <span class='ocr_line' id='line_1_39' title="bbox 84 2800 1613 2857; baseline -0.005 -13"><span class='ocrx_word' id='word_1_354' title='bbox 84 2806 229 2845; x_wconf 90' lang='lat' dir='ltr'>Coenae</span> <span class='ocrx_word' id='word_1_355' title='bbox 265 2805 433 2857; x_wconf 87' lang='lat' dir='ltr'>corporis</span> <span class='ocrx_word' id='word_1_356' title='bbox 474 2809 509 2843; x_wconf 89' lang='lat' dir='ltr'>et</span> <span class='ocrx_word' id='word_1_357' title='bbox 538 2805 732 2854; x_wconf 83' lang='lat' dir='ltr'>sanguinis</span> <span class='ocrx_word' id='word_1_358' title='bbox 761 2805 818 2842; x_wconf 84' lang='lat' dir='ltr'>sui</span> <span class='ocrx_word' id='word_1_359' title='bbox 846 2804 1027 2842; x_wconf 87' lang='lat' dir='ltr'>naturalis</span> <span class='ocrx_word' id='word_1_360' title='bbox 1055 2817 1121 2842; x_wconf 90' lang='lat' dir='ltr'>esu</span> <span class='ocrx_word' id='word_1_361' title='bbox 1149 2817 1189 2841; x_wconf 88' lang='lat' dir='ltr'>ac</span> <span class='ocrx_word' id='word_1_362' title='bbox 1217 2809 1310 2855; x_wconf 90' lang='lat' dir='ltr'>potu</span> <span class='ocrx_word' id='word_1_363' title='bbox 1338 2802 1434 2839; x_wconf 91' lang='lat' dir='ltr'>nihil</span> <span class='ocrx_word' id='word_1_364' title='bbox 1461 2800 1613 2838; x_wconf 87' lang='lat' dir='ltr'>omniuo</span> 
     </span>
     <span class='ocr_line' id='line_1_40' title="bbox 82 2869 1615 2920; baseline -0.003 -11"><span class='ocrx_word' id='word_1_365' title='bbox 82 2871 276 2920; x_wconf 84' lang='lat' dir='ltr'>cogitasse.</span> <span class='ocrx_word' id='word_1_366' title='bbox 332 2871 380 2909; x_wconf 88' lang='lat' dir='ltr'>Et</span> <span class='ocrx_word' id='word_1_367' title='bbox 419 2871 477 2908; x_wconf 80' lang='lat' dir='ltr'>hic</span> <span class='ocrx_word' id='word_1_368' title='bbox 514 2871 627 2920; x_wconf 86' lang='lat' dir='ltr'>igitur</span> <span class='ocrx_word' id='word_1_369' title='bbox 663 2883 747 2908; x_wconf 88' lang='lat' dir='ltr'>cum</span> <span class='ocrx_word' id='word_1_370' title='bbox 790 2870 931 2908; x_wconf 87' lang='lat' dir='ltr'>Albero</span> <span class='ocrx_word' id='word_1_371' title='bbox 958 2874 1045 2919; x_wconf 83' lang='lat' dir='ltr'>agat</span> <span class='ocrx_word' id='word_1_372' title='bbox 1073 2869 1230 2915; x_wconf 87' lang='lat' dir='ltr'>Hosius,</span> <span class='ocrx_word' id='word_1_373' title='bbox 1258 2881 1334 2906; x_wconf 91' lang='lat' dir='ltr'>non</span> <span class='ocrx_word' id='word_1_374' title='bbox 1363 2879 1523 2912; x_wconf 87' lang='lat' dir='ltr'>mecum,</span> <span class='ocrx_word' id='word_1_375' title='bbox 1550 2871 1615 2905; x_wconf 83' lang='lat' dir='ltr'>aut</span> 
     </span>
    </p>
   </div>
  </div>
 </body>
</html>
