1818 3178
205 137 276 173 366

203 249 296 291 sent,
333 244 476 282 etiamsi
505 255 608 280 suam
637 242 710 293 ipsi
736 242 847 293 plane
873 243 1147 293 profanassent.
1195 247 1308 285 Nunc
1334 258 1433 289 vero,
1460 245 1525 295 qui
1552 259 1591 283 se
1618 246 1727 283 Chri-

202 310 344 346 stianos
382 309 502 355 Reges
536 320 580 343 ac
618 319 790 357 proceres
823 320 903 345 esse
937 308 1173 358 profitentur,
1207 324 1252 349 ex
1279 323 1403 348 eorum
1431 309 1587 347 arbitrio
1615 310 1728 347 statui

203 374 246 410 de
281 384 398 420 regno
435 371 572 408 Christi
612 371 766 408 Domini
802 373 945 418 volunt,
977 386 1137 422 quorum
1163 375 1376 413 univ'ersum
1403 374 1572 412 ordinem
1600 379 1728 412 contra

203 437 422 484 dignitatem
458 440 570 486 atque
604 435 840 473 autoritatem
876 449 1024 473 omnem
1061 442 1096 474 ct
1131 439 1236 487 regni
1262 444 1298 476 et
1327 439 1517 476 doctrinae
1543 441 1579 475 et
1607 451 1728 476 sacer·

201 499 293 536 dotii
328 499 468 536 Christi
502 499 717 537 institutum
752 500 862 550 plane
899 513 978 537 esse
1005 501 1200 552 modisque
1228 503 1401 540 omnibus
1429 503 1630 540 etiamnum
1657 515 1726 552 pu-

200 577 328 613 gnare.
354 563 554 601 manifesta
582 564 749 614 ipsorum
778 565 914 614 scripta
942 569 978 601 et
1005 565 1210 614 fa-(48)ota
1237 571 1432 605 testantur.
1477 567 1621 604 Deinde
1648 567 1729 604 He-

198 628 308 665 rodes
343 641 420 667 non
448 628 593 678 quaerit
620 642 639 665 a
667 629 899 680 principibus
928 629 1162 666 sacerdotum
1190 635 1224 668 et
1251 631 1396 677 scribis,
1422 645 1511 669 num
1540 632 1728 669 Christum

201 693 405 732 Dominum
433 692 564 730 debeat
591 693 758 737 adorare,
788 694 875 730 dum
902 694 940 730 id
969 693 1048 731 sine
1076 695 1150 731 ullo
1181 696 1400 746 cuiusquam
1420 697 1728 747 consili0,-quan-

201 770 312 808 quam
340 757 587 808 hypocritiae,
616 758 733 796 debiti
760 762 871 809 atque
899 758 1008 795 officii
1037 759 1094 796 sui
1122 773 1201 797 csse
1228 761 1412 808 agnoscit,
1439 773 1481 797 ac
1507 761 1664 810 proinde
1692 774 1729 798 se

199 823 238 859 id
259 835 416 873 quoque
443 824 627 860 facturum
657 836 736 860 esse
763 823 959 873 promittit,
988 823 1051 860 sed
1081 827 1228 861 tantum
1256 825 1300 861 de
1326 825 1409 861 1000
1438 825 1644 862 nativitatis
1670 826 1729 862 in·

201 886 327 936 quirit.
362 892 416 933 ut,
454 887 554 937 quod
583 900 621 924 se
647 888 835 924 facturum
865 900 944 924 esse
973 887 1184 933 simulabat,
1211 889 1351 926 maiore
1380 902 1464 925 cura
1492 890 1612 926 facere
1641 889 1732 926 velle

201 951 401 990 videretur.
455 952 571 989 Nunc
607 965 697 989 vero
728 965 803 989 non
833 951 904 988 hoc
933 953 1066 1000 agitur,
1093 957 1136 989 ut
1164 958 1263 990 certo
1294 957 1449 997 constet,
1474 953 1628 990 ubinam
1657 953 1732 990 sint

202 1016 433 1066 quaerendae
461 1029 566 1054 verae
593 1029 637 1053 ac
665 1016 854 1064 legitimae
881 1017 987 1063 regui
1015 1016 1154 1054 Christi
1173 1017 1451 1055 inclarescentis
1469 1022 1590 1061 notae,
1606 1017 1668 1055 sed
1688 1018 1732 1054 dc

200 1081 281 1130 ipso
311 1080 450 1117 Christi
477 1093 592 1129 regno
623 1080 678 1117 vel
706 1080 969 1130 amplectendo
998 1081 1055 1117 vel
1082 1080 1297 1126 reficiendo,
1325 1081 1441 1132 deque
1468 1082 1549 1132 ipso
1580 1082 1730 1119 (flu-isto

202 1145 364 1183 Domino
393 1145 432 1182 in
462 1145 634 1182 doctrina
660 1144 920 1195 ministrisque
946 1145 1063 1196 ipsius
1090 1146 1148 1183 vel
1176 1145 1388 1196 recipiendo
1417 1147 1473 1184 vel
1503 1147 1624 1184 denuo
1647 1159 1730 1183 cru-

203 1212 401 1261 cifigendo,
427 1224 485 1248 res
513 1214 592 1247 tota
620 1210 660 1246 in
689 1209 946 1260 quaestionem
974 1213 1140 1248 vocatur.
1194 1210 1404 1248 Instituant
1430 1210 1547 1259 igitur
1574 1210 1635 1260 qui
1665 1223 1730 1246 vo-

201 1276 280 1313 lent
312 1274 526 1313 istiusmodi
555 1273 852 1315 deliberationes.
886 1277 1080 1323 expectent
1108 1274 1172 1324 qui
1199 1274 1325 1312 volent
1352 1274 1573 1311 istiusmodi
1595 1274 1730 1311 Conci-

202 1340 339 1377 liorum
366 1339 516 1390 placita,
534 1360 584 1367 -—
612 1351 632 1375 a
661 1338 770 1374 nobis
800 1341 895 1374 certe
922 1341 958 1374 et
986 1338 1032 1374 ab
1054 1338 1239 1382 omnibus,
1259 1339 1323 1388 qui
1341 1339 1460 1388 perire
1479 1338 1613 1383 nolint,
1632 1337 1731 1374 aliud

202 1404 314 1453 longe
342 1403 542 1454 sapientiae
568 1415 687 1450 genus
714 1401 915 1452 Propheta.
942 1406 980 1438 ut
1009 1401 1157 1443 videtis,
1182 1402 1312 1449 exigit,
1339 1415 1482 1452 nempe,
1505 1407 1559 1448 ut,
1585 1402 1731 1438 reiectis

203 1467 286 1505 istis
315 1466 484 1504 conciliis
513 1466 700 1510 omnibus,
729 1465 776 1502 ad
803 1465 1026 1515 praestanda
1056 1468 1140 1513 (49)
1168 1470 1290 1503 vestra
1317 1479 1404 1514 erga
1434 1466 1625 1503 Christum
1654 1465 1731 1503 Do-

202 1532 347 1568 minum
375 1543 605 1580 regnumque
632 1529 749 1580 ipsius
777 1529 906 1573 officia,
936 1533 974 1566 ut
1002 1530 1048 1566 ab
1076 1529 1157 1580 ipso
1187 1535 1273 1566 sunt
1299 1529 1537 1579 praescripta,
1568 1529 1730 1566 animum

204 1599 366 1632 vestrum
393 1594 591 1631 adiiciatis.
646 1593 735 1630 Non
763 1593 855 1637 vult,
880 1599 923 1630 ut
951 1593 995 1630 de
1022 1592 1277 1643 amplectendo
1306 1606 1348 1630 eo
1377 1593 1476 1643 quod
1502 1593 1735 1643 praescribit,

203 1659 406 1710 sapientiae
444 1657 730 1696 deliberationes
767 1657 865 1694 ullas
893 1657 949 1694 vel
978 1657 1182 1694 instituatis
1211 1670 1278 1694 vos
1306 1657 1377 1707 ipsi
1405 1657 1461 1693 vel
1489 1657 1536 1694 ab
1565 1657 1647 1693 aliis
1674 1657 1733 1694 in-

206 1723 355 1759 stitutas
389 1721 601 1771 expectetis,
647 1720 711 1757 sed
747 1719 966 1770 simpliciter
1003 1719 1196 1770 praecipit,
1229 1724 1281 1763 ut,
1318 1719 1463 1756 sublata
1502 1719 1604 1756 omni
1629 1732 1733 1756 mora

206 1786 437 1836 abiectisque
465 1786 639 1823 omnibus
669 1784 963 1830 causationibus,
992 1784 1154 1835 sapiatis.
1202 1785 1315 1821 Nunc
1342 1785 1414 1821 iam
1445 1785 1573 1834 sapite,
1598 1784 1734 1834 inquit.

207 1851 328 1889 Multo
365 1851 489 1888 minus
517 1851 608 1895 vult,
651 1854 690 1888 ut
717 1849 761 1887 de
787 1849 1021 1900 praestandis
1048 1849 1127 1886 eius
1156 1849 1356 1899 sapientiae
1383 1849 1510 1886 officiis
1537 1849 1576 1886 in
1604 1849 1734 1886 vestris

205 1915 546 1953 consultationibus
590 1914 861 1965 hypocriticum
907 1914 1014 1957 illud,
1059 1913 1148 1964 quid
1197 1913 1346 1963 quando
1391 1917 1428 1950 et
1463 1918 1659 1963 quatenus,
1694 1913 1733 1950 in

205 1980 460 2031 quaestionem
488 1979 651 2024 vocetis3
680 1977 752 2014 hoc
779 1977 878 2014 enim
907 1982 1002 2014 esset
1030 1989 1187 2025 regnum
1217 1976 1356 2013 Christi
1383 1976 1495 2026 septis
1522 1980 1733 2013 nostrarum

206 2045 519 2082 constitutionum
543 2043 636 2080 velle
662 2043 866 2085 includere,
904 2055 987 2079 cum
1015 2042 1078 2079 ille
1105 2041 1247 2092 alioqui
1275 2041 1316 2078 in
1344 2041 1416 2078 hoc
1443 2041 1490 2078 sit
1518 2043 1625 2078 datus
1654 2041 1734 2077 Rex

206 2113 378 2148 nostrum
418 2108 598 2152 omnium,
634 2111 674 2145 ut
711 2120 788 2146 non
824 2107 997 2158 equidem
1033 2111 1182 2155 regatur
1218 2120 1238 2143 a
1276 2106 1398 2150 nobis,
1426 2105 1487 2143 sed
1517 2118 1586 2142 nos
1612 2105 1735 2155 potius

207 2186 335 2211 omnes
372 2173 566 2223 Regesque
602 2172 693 2209 adeo
730 2175 880 2210 nostros
923 2171 1026 2209 verbi
1055 2171 1111 2208 sui
1140 2170 1259 2208 divini
1286 2170 1497 2214 autoritate,
1524 2169 1736 2219 hypocritas

207 2251 292 2275 vero
321 2241 356 2275 et
384 2237 615 2274 adversarios
643 2237 763 2273 ferreo
794 2248 860 2272 suo
889 2240 1035 2285 sceptro
1064 2240 1167 2284 regat
1194 2247 1237 2271 ac
1266 2241 1490 2284 compescat.
1520 2233 1592 2270 Sed
1621 2233 1735 2276 iubet,

206 2307 248 2340 ut
285 2302 489 2340 Dominum
525 2301 700 2347 timeatis,
736 2305 771 2338 et
807 2300 957 2350 quidem
993 2313 1068 2337 non
1107 2313 1149 2337 00
1178 2299 1323 2345 timore,
1351 2312 1443 2350 quae
1471 2298 1596 2335 odium
1624 2302 1734 2347 atque

205 2366 386 2403 invidiam
413 2366 522 2417 parit,
551 2366 613 2403 sed
641 2365 706 2416 qui
734 2378 816 2402 cum
844 2365 1015 2415 placendi
1042 2352 1346 2415 obsequendique
1364 2364 1499 2409 studio,
1519 2377 1601 2401 cum
1620 2363 1734 2400 animi

207 2431 507 2478 alacrita-(50)te
543 2443 586 2467 ac
621 2430 759 2478 gaudio
795 2434 831 2467 et
868 2429 1042 2466 omnibus
1071 2429 1331 2466 observantiae
1358 2429 1486 2465 officiis
1515 2427 1734 2464 coniunctus

209 2499 276 2533 est.
331 2495 486 2549 Servste,
521 2495 656 2545 iuquit,
690 2493 853 2531 Domino
893 2498 929 2530 et
965 2494 1129 2530 exultate
1155 2493 1212 2530 illi
1238 2493 1277 2530 in
1305 2492 1441 2529 timore
1468 2496 1579 2541 atque
1606 2491 1733 2527 obser-

209 2559 348 2597 vantia.
402 2559 543 2596 Osculo
581 2560 687 2596 illum
724 2559 893 2609 excipite,
929 2559 968 2595 in
1006 2558 1258 2596 testiinonium
1301 2557 1472 2595 videlicet
1509 2555 1621 2593 vestri
1647 2569 1733 2604 erga

209 2625 332 2674 ipsum
369 2623 482 2660 studii
511 2629 729 2674 vestraeque
757 2622 1016 2667 subiectionis,
1053 2635 1099 2659 110
1126 2622 1298 2672 pereatis.
1353 2620 1458 2658 Haec
1485 2619 1600 2668 igitur
1627 2619 1734 2656 vobis

208 2687 429 2740 praestanda
476 2689 642 2726 omnino.
678 2701 755 2725 non
791 2692 913 2725 autem
950 2687 995 2724 ad
1033 2686 1339 2724 deliberationem
1375 2684 1488 2722 ullam
1524 2683 1734 2721 revocanda

209 2766 300 2800 esse,
337 2753 500 2801 cogitare
534 2753 701 2802 profecto
739 2752 894 2798 debetis,
933 2751 1145 2802 quicunque
1181 2751 1220 2788 in
1258 2749 1453 2787 Senatorio
1490 2748 1576 2785 istic
1604 2748 1734 2785 ordine

209 2819 311 2864 estis,
338 2817 420 2854 Viri
449 2817 659 2854 clarissimi!
692 2817 874 2867 siquidem
902 2821 1064 2854 vestrum
1093 2816 1252 2853 officium
1280 2815 1413 2858 facere,
1432 2817 1472 2850 ut
1492 2812 1646 2857 debetis,
1663 2813 1734 2850 1111-

211 2881 506 2936 pendcntcmque
539 2884 574 2918 et
609 2880 715 2917 vobis
750 2885 785 2917 ct
822 2880 889 2918 toti
916 2880 1056 2932 patriae
1085 2879 1328 2917 calamitatem
1356 2877 1542 2928 publicam
1572 2881 1735 2914 avertere
