1818 3178
1535 104 1606 140 329

89 218 241 256 Christi.
295 216 443 255 Vocant
476 216 623 266 quidem
661 207 788 254 Patres
824 229 957 267 panem
986 229 1133 260 coenae,
1155 216 1236 253 *non
1266 214 1339 253 iam
1367 227 1455 253 sane
1483 215 1611 264 vulga-

85 296 176 328 rem,
212 282 274 320 sed
303 281 499 319 vocatione
526 280 726 318 Dominica
752 281 1027 319 sanctificatum
1054 294 1200 331 panem,
1225 281 1264 318 id
1292 280 1393 331 quod
1421 292 1490 317 nos
1517 291 1613 330 quo-

87 360 158 397 que
195 358 338 396 semper
375 344 581 382 docuimus.
636 345 709 383 Sed
737 345 836 395 quod
868 344 1105 382 Dominicam
1133 345 1366 382 vocationem
1392 344 1495 381 illam
1523 356 1614 381 con-

85 410 243 448 stituant
276 409 316 446 in
353 408 533 447 theatrica
562 409 681 446 nostri
707 409 885 460 temporis
910 408 1050 460 passim
1078 408 1275 446 verborum
1303 408 1449 446 Coenae
1476 408 1612 445 decan-

84 474 238 515 tatione,
273 485 367 524 quae
403 472 478 509 vim
515 472 758 510 consecrandi
793 473 832 510 in
872 485 910 510 se
938 472 1051 509 ullam
1080 472 1281 516 contineat,
1305 472 1344 509 id
1374 484 1460 509 vero
1489 471 1614 509 West-

84 537 215 589 phalus
244 536 437 583 ostendat3
466 550 536 575 nos
563 537 663 574 enim
689 537 728 574 id
747 537 785 574 in
805 536 1002 588 primaevis
1024 537 1211 575 Ecclesiae
1232 537 1400 587 patribus
1420 550 1613 587 nunquam

84 602 256 647 vidimus,
282 602 357 638 imo
387 615 472 639 vero
502 602 731 639 contrarium
758 602 868 652 plane
893 601 1054 639 infinitis
1082 601 1176 638 locis
1203 600 1382 640 videmus.
1429 601 1500 638 Sed
1527 614 1612 652 per-

82 666 139 714 git
183 666 417 717 Westphalus
454 666 561 703 furiis
598 666 673 703 suis
710 666 915 715 indulgere,
951 669 1001 709 et,
1034 668 1230 716 postquam
1259 665 1448 716 praeclare
1475 679 1513 703 se
1539 665 1614 703 iam

83 730 206 767 locum
252 730 382 780 Cyrilli
418 730 632 780 exposuisse
668 730 883 773 arbitratur,
919 742 1008 766 mox
1044 728 1149 766 addit
1185 742 1339 774 novum,
1376 730 1445 766 sub
1485 730 1615 780 Cyrilli

83 795 245 841 nomine,
293 795 424 846 capitis
461 795 517 832 sui
554 795 753 838 somnium,
790 794 833 831 de
871 807 944 845 quo
983 794 1145 844 Cyrillus
1193 807 1384 844 nunquam
1423 794 1614 844 cogitavit.

84 861 161 903 Ait,
195 860 270 897 vim
296 860 475 910 mysticae
503 859 776 897 benedictionis
805 859 844 896 in
874 872 986 896 coena
1015 873 1035 896 a
1065 859 1205 908 Cyrillo
1234 872 1315 896 eam
1343 859 1533 903 constitui,
1560 864 1614 904 ut,

83 928 340 975 praeterquam
376 924 478 975 quod
516 923 705 961 Christum
744 923 946 960 Dominum
985 923 1226 973 corporaliter
1263 936 1410 974 quoque
1436 923 1475 961 in
1505 924 1614 961 nobis

85 989 206 1025 carnis
252 1002 339 1026 suae
390 987 650 1025 communione
695 987 865 1025 habitare
911 987 1013 1032 facit,
1049 989 1161 1037 (quae
1207 1000 1296 1024 sane
1331 988 1443 1024 verba
1483 987 1620 1037 Cyrilli·

83 1065 163 1089 esse
198 1052 456 1102 agnoscimus)
494 1051 531 1088 id
568 1064 716 1102 quoque
752 1051 896 1095 efficiat,
931 1055 974 1088 ut
1010 1064 1164 1101 corpore
1203 1051 1342 1088 [bristi
1371 1051 1524 1089 Domini
1551 1066 1616 1103 per

84 1116 280 1167 mysticam
317 1116 617 1154 communionem
654 1116 845 1154 credentes
882 1115 1091 1160 benedicat,
1126 1119 1162 1153 et
1200 1129 1284 1153 cum
1322 1116 1402 1167 ipso
1417 1117 1469 1154 .in
1496 1130 1614 1155 unum

85 1193 219 1232 corpus
246 1181 366 1219 uniat.
395 1181 456 1226 Et,
482 1186 524 1218 ut
551 1181 688 1218 clarius
717 1194 755 1218 se
781 1180 929 1232 prodat,
957 1180 1106 1218 subdit:
1136 1180 1217 1218 Nos
1245 1194 1373 1218 omnes
1392 1181 1476 1219 ideo
1497 1195 1615 1219 unum

84 1258 219 1296 corpus
238 1245 341 1292 effici,
361 1246 447 1296 quia
465 1259 580 1283 unum
602 1259 730 1283 omnes
747 1258 881 1296 panem
902 1245 1095 1289 sumimus,
1113 1266 1164 1274 -
1183 1258 1251 1283 nos
1272 1258 1401 1283 omnes
1420 1253 1617 1297 propterea

85 1322 165 1347 esse
207 1322 339 1360 corpus
383 1314 419 1347 et
463 1309 629 1347 membra
675 1309 828 1354 Christi,
864 1309 950 1360 quia
985 1323 1051 1360 per
1088 1309 1184 1346 hanc
1219 1309 1614 1348 benedictionem

84 1373 311 1423 mysterii
337 1372 460 1424 ipsum
487 1373 608 1411 filium
635 1372 705 1411 Dei
735 1373 970 1424 suscipimus.
1015 1373 1185 1411 Tandem
1214 1386 1299 1411 vero
1326 1374 1445 1423 legem
1475 1376 1618 1419 statuit,

83 1437 156 1475 sibi
183 1437 255 1488 ipsi
281 1437 553 1476 adversariam:
584 1437 770 1486 Oportere
789 1451 872 1475 cum
894 1437 1044 1475 Christo
1065 1438 1256 1487 coniungi,
1275 1439 1443 1490 quisquis
1466 1452 1614 1477 carnem

82 1501 161 1539 eius
189 1501 332 1553 recipit,
360 1503 444 1551 (fol.
474 1504 540 1549 99)
567 1506 610 1540 ut
639 1502 810 1540 Christus
838 1502 878 1540 in
906 1502 987 1554 ipso
1030 1507 1065 1542 et
1091 1502 1171 1553 ipse
1198 1502 1237 1539 in
1267 1502 1416 1539 Christo
1446 1503 1617 1540 iuvenia-

83 1570 155 1605 tur.
210 1566 260 1605 Et
296 1567 356 1604 hic
390 1567 508 1615 igitur
534 1567 719 1617 Erinnym
748 1567 1039 1618 Westphalicam
1069 1567 1320 1605 observemus,
1374 1570 1431 1604 Ac
1457 1567 1617 1619 primum

85 1644 255 1683 cuperem
289 1632 328 1669 id
365 1633 457 1670 mihi
492 1632 529 1669 in
570 1633 701 1683 Cyrilli
735 1634 819 1670 loco
858 1633 971 1671 citato
1010 1633 1308 1676 commonstrari,
1355 1646 1498 1683 nempe,
1534 1646 1616 1671 eam

85 1709 165 1734 esse
205 1697 281 1734 vim
318 1696 496 1747 mysticae
533 1696 818 1743 benedictionis,
855 1702 896 1735 ut
923 1710 992 1734 nos
1021 1710 1175 1748 corpore
1203 1696 1345 1734 Christi
1372 1696 1527 1734 Domini
1553 1711 1618 1749 per

87 1760 282 1810 mysticam
319 1762 620 1799 communionem
658 1761 867 1800 benedicat,
922 1761 1022 1799 Nam
1059 1761 1151 1799 haec
1179 1761 1291 1798 verba
1317 1761 1508 1812 praedicto
1536 1766 1616 1799 toto

50 1826 53 1829 ’
87 1825 219 1876 Cyrilli
255 1825 373 1876 capite
409 1839 593 1876 nusquam
634 1830 775 1864 extant.
831 1826 987 1870 Deinde,
1024 1826 1056 1864 si
1091 1825 1136 1863 ad
1175 1825 1274 1863 hunc
1309 1826 1462 1864 modum
1492 1826 1616 1865 West-

84 1890 220 1940 phulus
257 1890 436 1939 Cyrillum
472 1890 708 1941 interpretari
744 1891 835 1936 vult,
871 1891 1030 1941 explicet
1065 1890 1221 1941 ipsemet
1247 1890 1357 1928 nobis
1385 1904 1491 1928 suam
1519 1891 1616 1928 hanc

84 1954 429 2005 interpretationem
456 1967 609 2005 eamque
636 1955 816 2006 approbet
844 1955 974 2005 Cyrilli
999 1954 1239 1994 testimoniis.
1268 1955 1461 1992 Postremo
1489 1959 1617 1993 osten—

86 2020 161 2063 dat,
195 2019 314 2068 legem
349 2031 460 2069 quam
494 2019 584 2056 tulit
619 2032 742 2057 veram
769 2032 860 2064 esse,
889 2019 947 2056 cui
973 2023 1099 2056 tamen
1125 2018 1215 2056 alibi
1243 2018 1399 2069 ipsemet
1426 2019 1616 2058 reclamat.

86 2084 140 2122 Ut
177 2083 328 2121 interim
362 2087 517 2127 taceam,
550 2084 686 2121 inverti
723 2085 770 2121 ab
807 2085 872 2121 illo
909 2084 1042 2134 Cyrilli
1077 2097 1119 2121 eo
1158 2084 1240 2121 loco
1276 2083 1616 2123 ratiocinationem.

87 2148 250 2199 Cyrillus
278 2152 407 2185 contra
435 2161 499 2186 eos
527 2148 703 2199 disputat,
730 2148 795 2199 qui
824 2148 1052 2200 spiritualem
1083 2148 1202 2185 nostri
1232 2161 1310 2185 cum
1344 2148 1496 2185 Christo
1526 2161 1618 2186 con·

86 2213 317 2251 iunctionem
350 2213 388 2250 in
425 2213 513 2250 vitis
549 2218 584 2251 et
619 2213 815 2264 palmitum
853 2213 1100 2251 similitudine
1137 2213 1406 2262 agnoscebant,
1443 2225 1617 2264 corpora-

85 2278 158 2316 lem
194 2278 234 2315 in
272 2282 427 2315 naturae
464 2277 647 2316 humanae
683 2282 833 2316 nostrae
868 2278 1064 2316 identitate
1101 2278 1302 2326 negabant.
1357 2277 1475 2316 Docet
1502 2278 1616 2327 igitur

87 2342 126 2380 et
153 2341 409 2379 similitudinis
445 2341 548 2379 illius
577 2341 827 2390 Euangelicae
855 2341 892 2380 eit
921 2355 1056 2380 coenae
1084 2342 1171 2379 item
1200 2341 1420 2380 Dominicae
1447 2342 1619 2380 testimo-

88 2407 165 2451 nio,
192 2419 275 2452 nos,
303 2419 376 2443 non
409 2406 595 2457 spirituali
621 2410 767 2444 tantum
794 2406 858 2455 (de
885 2420 958 2457 qua
986 2407 1090 2444 nulla
1110 2407 1230 2443 fuerat
1252 2406 1535 2454 controversia),
1555 2407 1620 2444 sed

86 2471 247 2509 naturali
283 2470 394 2507 etiam
429 2471 469 2507 in
508 2483 617 2508 carne
654 2474 784 2508 nostra
821 2471 1010 2517 societate,
1045 2471 1098 2508 ita
1137 2470 1286 2508 Christo
1327 2470 1489 2508 Domino
1528 2484 1619 2509 con-

86 2536 235 2573 iunctos
268 2547 359 2580 esse,
394 2538 436 2572 ut
472 2539 508 2572 et
543 2535 605 2572 ille
638 2535 678 2573 in
707 2535 816 2572 nobis
843 2540 990 2573 maneat
1018 2538 1053 2572 et
1081 2547 1150 2572 nos
1176 2534 1216 2572 in
1243 2534 1322 2574 illo.
1379 2534 1619 2586 Westphalus

87 2605 210 2638 autem
244 2599 465 2650 persuadere
500 2602 670 2644 conatur,
703 2600 823 2649 magis
859 2599 983 2649 urgeri
1019 2613 1039 2636 a
1075 2599 1215 2649 Cyrillo
1252 2612 1295 2637 eo
1324 2600 1406 2636 loco
1444 2599 1618 2650 spiritua-

87 2667 159 2703 lem
194 2670 372 2709 nostram,
409 2678 519 2715 quam
558 2665 801 2715 corporalem,
839 2677 921 2701 cum
951 2663 1101 2702 Christo
1130 2663 1294 2701 Domino
1322 2676 1386 2702 seu
1413 2665 1620 2701 naturalem

89 2729 402 2773 communionem,
429 2729 537 2780 quasi
566 2728 698 2779 Cyrilli
725 2728 941 2772 adversarii,
968 2740 1045 2765 non
1073 2732 1150 2765 tam
1177 2728 1317 2778 alioqui
1345 2727 1529 2777 corporali
1555 2740 1620 2764 seu

90 2794 263 2838 naturali,
298 2807 409 2845 quam
454 2794 579 2845 potius
617 2793 802 2845 spirituali
838 2797 988 2831 nostrae
1025 2806 1107 2831 cum
1143 2793 1295 2831 (Jhristo
1330 2793 1492 2831 Domino
1531 2804 1622 2829 con-

85 2858 270 2897 iunctioni
297 2860 572 2897 reclamassent.
611 2859 670 2896 Ita
699 2858 875 2896 nimirum
905 2858 1102 2908 diligenter
1130 2871 1173 2896 eo
1201 2858 1284 2896 loco
1312 2858 1404 2908 legit
1435 2856 1618 2907 Cyrillum
