1818 3178
219 135 291 170 498
570 158 576 162 .
870 140 930 168 ΕΡ.
960 140 1105 175 1100111.

224 255 261 290 et
297 249 455 289 mortale
491 260 683 291 vocamus,
719 246 865 285 etiamsi
905 259 980 284 non
1015 250 1115 285 recte
1150 245 1264 296 aliqui
1299 246 1357 284 his
1385 245 1540 284 vocibus
1568 247 1737 283 utuntur.

228 316 284 353 Ac
311 314 357 351 dc
385 312 534 352 mortali
562 311 713 363 quidem
742 315 884 362 postea,
910 324 1009 350 nune
1038 312 1082 348 de
1109 310 1242 350 veniali
1271 311 1447 349 dicemus.

737 453 771 479 a.
822 440 881 478 De
900 443 1056 487 peccato
1081 438 1232 477 veniali.

275 570 474 607 Peccatum
513 568 656 607 veniale
683 573 739 606 est
765 568 1024 608 inobedientia
1051 580 1137 616 erga
1166 565 1299 609 Deum,
1325 579 1417 616 quae
1443 570 1566 604 tamen
1594 570 1745 617 propter

224 634 419 672 Christum
457 633 676 678 remittitur,
712 632 876 673 exitialis
913 632 1054 682 alioqui
1092 632 1219 669 futura
1256 630 1329 668 nisi
1365 630 1629 669 remitteretur.
1683 630 1744 667 lta

225 699 326 737 enim
361 698 482 738 visum
519 703 575 737 est
612 697 704 742 Deo,
740 702 782 737 ut
817 697 996 738 concluso
1033 696 1103 733 sub
1139 698 1334 746 peccatum
1362 693 1514 731 homine
1539 693 1742 731 remedium

224 764 282 801 iili
316 763 390 801 tale
417 762 602 807 adferret.
639 762 742 813 quod
776 761 880 801 virus
913 760 1060 812 peccati
1087 772 1198 800 omne
1225 759 1388 800 tolleret.
1414 771 1461 795 ne
1487 757 1562 797 iam
1591 757 1641 796 sit
1669 770 1747 794 am-

223 826 323 877 plius
359 826 542 865 damnans
577 829 771 876 peccatum
805 825 845 864 in
881 824 995 864 nobis
1030 828 1183 875 propter
1221 822 1424 866 Christum.
1452 821 1637 872 siquidem
1664 820 1743 858 eius

225 889 450 929 beneficium
488 903 564 928 non
603 893 901 930 contemnamus.
955 887 1069 929 Unde
1096 891 1131 924 et
1157 886 1344 928 Ecclesia,
1372 888 1472 925 certa
1503 884 1548 926 de
1573 888 1749 935 peccato-

223 966 306 994 rum
335 953 554 994 remissione
582 953 652 994 ait:
682 953 847 993 Remitte
873 952 985 992 nobis
1014 951 1151 992 delicta
1179 954 1322 996 nostra,
1345 971 1396 978 -—
1423 954 1460 986 et
1486 948 1650 987 Ioannes
1668 948 1747 986 vult

223 1030 290 1068 pro
325 1022 480 1068 peccato
515 1030 594 1057 non
621 1017 669 1055 ad
695 1020 869 1063 mortem,
907 1015 1019 1067 quale
1053 1015 1164 1065 quale
1190 1014 1228 1053 id
1257 1014 1317 1057 sit,
1342 1012 1534 1064 publicam
1559 1011 1746 1063 precatio-

221 1095 306 1122 nem
342 1081 485 1122 haberi.
538 1081 673 1132 Neque
708 1094 795 1123 vero
832 1081 881 1119 ab
914 1084 1071 1118 externo
1107 1091 1217 1130 opere
1250 1083 1403 1128 peccata
1440 1077 1592 1118 metitur
1629 1076 1744 1117 Deus.

223 1147 284 1188 Ad
320 1146 528 1186 Ecclesiam
567 1146 729 1197 pertinet
765 1145 837 1184 1100
871 1144 1052 1185 iudicium
1089 1148 1129 1182 ut
1165 1143 1239 1182 alia
1273 1142 1357 1180 aliis
1386 1145 1528 1184 statuat
1554 1154 1633 1179 esse
1659 1154 1746 1190 gra-

223 1212 341 1258 viora,
377 1211 455 1249 sive
491 1210 592 1262 quod
627 1211 710 1261 plus
747 1208 963 1249 offendiculi
998 1208 1180 1259 quaedam
1207 1207 1372 1258 pariant,
1399 1206 1582 1257 quaedam
1609 1205 1747 1250 minus,

223 1278 300 1315 sive
331 1276 431 1327 quod
468 1276 542 1313 alia
578 1275 750 1326 pluribus
786 1273 965 1313 damnum
995 1273 1086 1313 dant
1113 1272 1330 1322 maioreque
1355 1270 1520 1322 periculo
1549 1273 1746 1321 patrantur

221 1353 333 1392 quam
369 1340 455 1380 alia.
508 1339 623 1378 Unde
658 1342 695 1377 et
731 1352 752 1377 a
787 1338 1010 1386 magistratu
1045 1336 1128 1378 aliis
1164 1335 1317 1380 leviora,
1345 1334 1429 1374 aliis
1457 1347 1544 1374 vero
1570 1334 1744 1383 graviora

222 1404 474 1444 decernuntur
510 1401 706 1452 supplicia,
751 1404 787 1438 et
823 1399 1005 1450 quaedam
1042 1399 1197 1443 leviora,
1231 1397 1412 1448 quaedam
1446 1409 1535 1435 vero
1571 1396 1746 1447 capitalia

220 1470 418 1508 vocantur.
472 1466 643 1505 Ceterum
679 1465 719 1505 in
755 1463 826 1501 Dei
861 1463 1002 1501 iudicio
1037 1463 1149 1511 longe
1184 1465 1241 1499 est
1267 1461 1339 1499 alia
1367 1460 1465 1498 ratio
1490 1463 1754 1511 peccatorums

222 1531 296 1571 Cor
323 1530 493 1572 intuetur
519 1529 596 1574 ille,
622 1541 700 1567 non
727 1527 849 1579 operis
877 1527 1010 1565 faciem
1037 1530 1148 1577 atque
1175 1525 1222 1563 ab
1250 1525 1377 1564 animo
1407 1523 1578 1562 aestimat
1604 1522 1743 1561 omnia.

223 1594 340 1637 Quod
372 1594 475 1636 ¹enim
514 1593 561 1630 ad
590 1596 782 1631 externam
809 1591 957 1642 peccati
983 1590 1117 1628 faciem
1144 1588 1292 1635 attinet,
1321 1588 1405 1639 quis
1431 1601 1509 1627 11011
1536 1587 1638 1626 dicat
1663 1586 1743 1624 Da-

222 1658 320 1696 vidis
355 1662 549 1708 peccatum
584 1657 705 1694 multo
744 1655 860 1694 fuisse
886 1654 1040 1704 gravius
1067 1658 1222 1705 peccato
1250 1651 1403 1692 Saulis?
1455 1651 1496 1689 Is
1525 1654 1649 1689 servat
1675 1650 1744 1690 ho·

220 1722 373 1768 minem,
409 1734 519 1772 quem
556 1720 725 1761 occidere
762 1719 935 1762 debebat,
971 1722 1094 1758 servat
1120 1722 1157 1755 et
1183 1729 1319 1768 pecora
1345 1716 1386 1753 in
1413 1714 1636 1754 sacrificium
1663 1714 1744 1752 Do-

218 1786 336 1830 mino,
365 1806 417 1814 -
451 1784 515 1822 ille
541 1787 689 1835 praeter
725 1783 906 1822 violatam
934 1782 1122 1825 amicitiae
1149 1781 1259 1820 fidem
1288 1780 1335 1826 ei,
1362 1779 1422 1821 cui
1447 1783 1599 1830 propter
1626 1778 1743 1816 multa

221 1850 260 1887 in
303 1862 341 1886 se
368 1848 487 1885 officia
513 1847 717 1898 plurimum
746 1846 889 1897 alioqui
916 1845 1086 1891 debebat,
1116 1849 1246 1886 contra
1273 1843 1344 1882 Dei
1370 1847 1561 1895 praeterea
1587 1842 1743 1882 manda-

220 1919 299 1951 tum
336 1911 560 1950 adulterium
595 1910 706 1948 etiam
737 1910 951 1955 committit,
978 1913 1014 1947 et
1040 1913 1082 1947 ut
1112 1922 1237 1946 secure
1265 1907 1341 1945 suis
1370 1909 1516 1945 fruatur
1542 1906 1746 1952 amoribus,

221 1977 338 2015 multa
366 1976 539 2026 designat
567 1975 786 2014 homicidia.
837 1975 888 2012 Et
915 1980 1040 2016 tamen
1068 1973 1188 2013 levius
1216 1977 1272 2011 est
1299 1972 1454 2010 Davidis
1482 1985 1594 2023 quam
1622 1971 1746 2009 Saulis

220 2045 416 2093 peccatum
441 2040 483 2078 in
511 2039 582 2077 Dei
608 2039 764 2084 iudicio,
789 2043 903 2089 atque
929 2038 1041 2076 unica
1069 2050 1143 2075 vox
1170 2036 1235 2074 illa
1264 2036 1402 2081 Saulis,
1429 2049 1501 2087 qua
1517 2048 1556 2073 se
1571 2048 1745 2086 peccasse

223 2118 307 2144 cum
345 2103 468 2149 sciret,
503 2103 616 2141 fateri
652 2108 778 2141 tamen
806 2101 972 2146 nolebat,
999 2114 1182 2151 suumque
1209 2100 1409 2140 consilium
1436 2103 1500 2140 aut
1527 2098 1680 2144 bonam,
1704 2102 1745 2137 ut

222 2172 369 2214 vocant,
402 2167 650 2207 intentionem
685 2167 800 2205 veluti
827 2158 1063 2208 sanctiorem
1100 2164 1279 2207 mandato
1317 2164 1446 2205 divino
1482 2164 1747 2215 anteponebat.

221 2234 346 2278 unica,
372 2232 537 2283 inquam,
566 2244 640 2270 vox
666 2231 731 2268 illa
761 2230 877 2272 nImo
904 2243 992 2268 vero
1018 2242 1096 2273 non
1124 2229 1274 2280 peccavi
1300 2228 1398 2268 cet.”
1424 2228 1573 2279 gravior
1598 2232 1677 2270 erat
1702 2228 1744 2269 in

219 2300 423 2347 conspectu
456 2295 528 2334 Dei
564 2308 676 2346 quam
714 2293 871 2332 Davidis
908 2298 944 2333 et
979 2293 1204 2335 adulterium
1244 2292 1355 2331 simul
1390 2296 1426 2332 et
1464 2296 1521 2333 tot
1547 2292 1743 2332 hominum

220 2364 364 2400 caedeS.
392 2359 555 2399 Proinde
583 2364 618 2399 et
644 2359 782 2398 Paulus
809 2362 1006 2410 peccatum
1024 2357 1279 2399 voluntarium
1293 2357 1474 2397 discernit
1491 2357 1539 2395 ab
1557 2356 1642 2395 aliis
1657 2358 1746 2405 (12)

218 2429 255 2468 et
291 2425 432 2464 nullam
469 2424 631 2474 amplius
668 2422 724 2463 illi
750 2422 1046 2474 propitiatricem
1075 2421 1236 2462 hostiam
1268 2434 1458 2472 superesse
1483 2424 1655 2462 testatur.
1705 2421 1741 2460 A

221 2501 294 2540 quo
322 2488 474 2539 quidem
508 2490 662 2538 peccato
700 2486 865 2529 discerni
892 2499 981 2524 sane
1008 2489 1156 2537 oportet
1182 2486 1328 2525 veniale
1355 2485 1440 2531 hoc.
1469 2485 1514 2525 de
1540 2497 1613 2535 quo
1641 2495 1742 2521 nunc

219 2553 379 2605 agimus,
433 2551 560 2591 Habet
586 2551 687 2590 enim
713 2555 904 2602 utrunque
932 2550 1004 2588 hoc
1031 2563 1158 2589 secum
1187 2562 1399 2596 commune,
1427 2548 1529 2599 quod
1557 2551 1741 2597 utrunque

218 2615 471 2669 proficiscitur
507 2616 555 2653 ab
593 2615 760 2655 hominis
790 2616 998 2660 voluntate,
1024 2613 1088 2652 sed
1115 2613 1189 2651 hoc
1216 2613 1339 2652 differt
1365 2624 1512 2652 rursum
1539 2625 1559 2648 a
1587 2615 1742 2661 peccato

218 2679 432 2724 voluntario
458 2684 652 2729 peceatum
681 2678 839 2721 veniale,
865 2677 966 2728 quod
995 2677 1066 2716 hoc
1093 2690 1210 2725 serva,
1238 2677 1330 2715 illud
1359 2676 1478 2716 libera
1495 2674 1570 2711 iam
1586 2686 1740 2723 prorsus

218 2746 412 2787 voluntate
438 2747 619 2794 patratur.
663 2742 734 2781 Est
762 2746 885 2781 autem
913 2755 1017 2781 serva
1045 2742 1233 2788 voluntas,
1259 2754 1332 2792 qua
1358 2739 1398 2777 id
1424 2738 1524 2790 quod
1551 2738 1742 2782 nolumus,

217 2810 374 2861 agimus.
403 2807 586 2858 Rapimur
613 2807 713 2845 enim
740 2798 814 2846 aiio
843 2807 920 2845 fere
946 2818 1055 2856 quam
1076 2805 1248 2847 volumus
1264 2806 1415 2855 propter
1431 2801 1607 2843 adnatam
1628 2801 1740 2842 nobis

216 2873 370 2926 peccati,
398 2877 437 2914 ut
464 2871 639 2917 diximus,
668 2871 896 2916 servitutem,
922 2875 959 2908 et
985 2876 1197 2911 transverse
1223 2872 1304 2909 acta
1325 2867 1497 2909 voluntas
1516 2870 1642 2908 nostra
1658 2866 1737 2917 agit
