1818 3178
631 669 1350 725 CONSPECTUS.

1629 957 1646 983 f.
1667 965 1702 983 m.
1723 965 1743 982 si

228 1031 242 1079 ξ
297 1031 330 1068 1.
385 1028 440 1066 De
470 1029 648 1067 Doctrina
655 1053 1669 1067 .................
1725 1025 1745 1061 1

226 1103 241 1150 §
296 1105 330 1140 2.
386 1103 538 1139 Summa
568 1101 762 1139 doctrinae
792 1100 1039 1138 Christianae.
1085 1129 1095 1139 .
1148 1129 1157 1139 .
1214 1129 1223 1138 .
1278 1128 1287 1139 .
1341 1128 1350 1138 .
1406 1128 1415 1138 .
1469 1127 1479 1137 .
1534 1127 1544 1138 .
1598 1127 1606 1137 .
1661 1127 1670 1136 .
1726 1099 1745 1135 1

224 1174 238 1221 ξ
294 1176 327 1211 3.
384 1173 438 1210 De
468 1187 550 1210 vere
579 1172 841 1222 cognoscendo
869 1172 949 1209 Deo
953 1199 1670 1210 ............
1724 1171 1745 1206 2

223 1247 238 1294 §
292 1250 328 1284 4.
383 1245 502 1283 Deum
531 1250 573 1284 ut
602 1246 802 1284 Dominum
831 1245 1006 1293 cognosci
1037 1250 1208 1296 oportere
1212 1273 1669 1284 ........
1726 1246 1745 1280 2

223 1320 238 1368 §
294 1322 328 1358 5.
384 1318 501 1357 Deum
536 1323 577 1357 ut
611 1320 749 1357 iustum
779 1332 822 1356 ac
849 1332 1014 1356 veracem
1045 1319 1200 1368 agnosci
1229 1321 1402 1368 oportere
1406 1347 1672 1358 .....
1726 1320 1746 1354 3

223 1394 239 1441 ξ
294 1396 315 1430 6
384 1392 504 1430 Deum
540 1392 817 1430 misericordem
857 1391 1011 1441 agnosci
1041 1396 1211 1442 oportere
1214 1419 1670 1430 ........
1726 1394 1748 1427 6

225 1467 240 1514 ἓ
297 1467 330 1505 7.
385 1464 439 1502 De
468 1465 587 1502 nostri
616 1465 831 1513 cognitione
835 1492 1671 1504 ..............
1725 1466 1744 1500 8

226 1541 241 1585 ἦ
295 1543 330 1578 8.
384 1539 439 1577 De
474 1545 627 1590 peccato
663 1540 821 1589 originis
826 1568 1669 1579 ..............
1726 1542 1746 1576 9

225 1615 240 1662 ᾗ
295 1616 330 1652 9.
385 1613 441 1651 De
467 1616 620 1664 peccato
649 1612 786 1650 actuali
793 1639 1669 1651 ...............
1699 1612 1744 1647 11

429 1699 466 1723 α.
496 1684 551 1721 De
578 1687 731 1734 peccato
761 1682 896 1721 veniali
901 1710 1670 1722 .............
1700 1682 1746 1717 11

428 1759 459 1795 b.
489 1756 545 1793 De
571 1759 724 1807 peccato
752 1755 903 1793 mortali
930 1768 993 1793 seu
1022 1754 1235 1792 voluntario
1241 1783 1671 1794 ........
1701 1755 1747 1790 13

227 1833 242 1881 §
272 1834 330 1870 10.
385 1830 570 1881 Epilogus
607 1829 652 1867 de
688 1829 808 1867 nostri
845 1828 1038 1878 agnitione
1071 1828 1177 1866 iuxta
1202 1827 1296 1877 legis
1325 1841 1386 1866 seu
1414 1827 1673 1865 mandatorum

389 1903 600 1940 doctrinam
605 1928 1672 1941 ..................
1702 1902 1746 1938 15

226 1977 242 2025 §
272 1977 330 2015 11.
386 1974 440 2013 De
467 1973 783 2025 promissionibus
788 2000 1672 2012 ...............
1703 1974 1747 2009 15

226 2051 241 2098 §
271 2052 331 2088 12.
383 2048 440 2086 De
481 2048 553 2085 fide
559 2074 1673 2086 ..................
1704 2047 1748 2082 19

226 2122 241 2170 §
270 2123 329 2159 13.
386 2120 440 2158 De
467 2119 719 2157 Sam-amentis
746 2119 783 2156 in
814 2132 948 2168 genere
952 2145 1673 2158 ............
1703 2119 1748 2154 21

224 2195 239 2242 §
269 2195 329 2231 14.
384 2192 440 2230 De
467 2191 668 2241 generibus
698 2196 735 2228 et
762 2203 920 2228 numero
949 2191 1276 2228 Sam-amentorum
1282 2217 1671 2229 .......
1702 2192 1749 2226 22

228 2268 243 2316 ξ
273 2269 332 2305 13.
387 2266 442 2304 De
469 2265 662 2316 Baptismo
668 2291 1670 2304 .................
1701 2264 1748 2299 23

227 2338 241 2386 ᾗ
271 2339 330 2375 16.
385 2336 440 2374 De
467 2336 669 2373 infantium
698 2335 894 2386 Baptismo
899 2362 1675 2374 .............
1706 2335 1750 2372 27

228 2413 242 2460 ᾗ
272 2413 332 2452 17.
387 2411 631 2448 Obiectiones
659 2409 956 2447 adversariorum
986 2412 1116 2447 contra
1142 2407 1505 2459 paedobaptismuln.
1538 2436 1546 2446 .
1602 2436 1610 2446 .
1665 2435 1674 2446 .
1704 2408 1750 2442 35

227 2485 241 2534 ᾗ
273 2486 330 2522 18.
386 2483 441 2520 Dc
468 2482 654 2534 Baptismi
679 2482 916 2520 institutione
920 2507 1674 2521 .............
1703 2481 1750 2516 35

227 2560 242 2608 §
274 2561 333 2596 19.
388 2558 443 2595 De
471 2559 594 2595 Coena
625 2557 776 2596 Domini
782 2583 1673 2596 ...............
1703 2557 1749 2592 48

226 2633 241 2680 ς
270 2634 329 2668 20.
383 2630 566 2681 Epilogus
595 2631 639 2668 de
666 2630 785 2669 nostri
806 2631 1000 2680 agnitione
1017 2630 1121 2668 iuxta
1143 2629 1350 2668 doctrinam
1371 2627 1675 2680 promissionum.
1705 2629 1752 2664 52

836 2806 870 2819 ,Γ
