1818 3178
202 168 254 197 LX
259 166 338 195 VIH
837 153 1073 183 PRAEFATIO.

206 277 291 314 mat
319 269 396 311 hoe
425 264 587 322 quidem
619 258 844 304 Gerdesius
874 258 916 300 in
947 255 1164 309 Florileqio
1192 269 1268 297 suo
1287 254 1335 312 ¹),
1360 261 1402 297 at
1422 269 1522 298 vero
1542 255 1709 299 nullum

209 343 304 383 citat
335 344 487 387 testem,
519 340 561 375 et
590 332 706 374 locus
736 327 1014 386 typographei
1044 340 1171 381 quem
1191 324 1420 382 adscripsit,
1443 333 1490 368 ut
1515 333 1555 369 et
1574 342 1709 369 annus

206 426 287 466 quo
317 408 424 465 typis
454 410 557 446 esset
589 416 806 457 expressus
838 399 1067 455 (Neostadiz‘
1098 398 1244 452 1608),
1278 397 1389 439 clare
1413 396 1588 439 ostendit
1609 413 1706 440 eum

206 480 321 520 nobis
361 478 501 519 fucum
534 474 670 515 facere
711 471 901 512 voluisse.
960 469 1034 510 Est
1064 467 1221 509 scilicet
1251 468 1386 509 versio
1417 467 1541 510 huius
1572 468 1702 510 libelli

206 549 455 604 germanica,
488 559 593 600 quae
614 543 656 584 in
684 557 732 584 ea
761 541 866 583 urbe
896 556 945 582 eo
976 540 1064 595 ipso
1094 553 1204 580 anno
1235 538 1387 593 prodiit
1408 539 1449 581 in
1482 539 1634 591 lucem,
1667 546 1708 582 et

208 626 373 674 praeter
410 617 518 658 hanc
559 613 790 655 versionem
830 612 964 666 ipsum
1008 624 1173 664 quoque
1214 608 1467 652 Gerdesium
1506 610 1610 652 nihil
1641 625 1708 653 us·

207 702 330 742 quam
375 685 497 726 huius
543 682 674 724 libelli
712 681 924 737 detegisse‚
970 694 1021 721 ex
1061 694 1109 720 eo
1134 678 1220 724 iam
1253 678 1491 721 luculenter
1520 686 1709 736 apparet,

203 756 310 812 quod
340 756 446 798 hanc
475 754 709 795 versionem
746 753 789 793 in
820 750 1079 793 Bibliotheca
1124 748 1405 807 Groningana
1455 750 1558 807 (ipse
1596 750 1709 793 Gro-

207 829 361 883 ningae
391 824 578 880 docebat)
615 823 815 865 asservari
845 822 994 863 diserte
1024 820 1149 863 addit.

258 897 354 950 Quo
394 903 578 951 tempore
609 895 686 936 hoe
716 892 963 948 opuseulum
995 891 1279 947 conscriptum
1311 891 1374 943 sit,
1407 907 1612 948 perquam
1646 901 1707 936 est

201 967 460 1023 ambiguum.
519 964 603 1006 Vel
647 963 704 1005 sie
750 970 887 1003 tamen
934 975 1028 1002 cum
1073 959 1225 1003 fiducia
1254 960 1462 1002 affirmare
1492 961 1627 1003 ausim
1656 962 1708 1004 ad

201 1038 380 1093 priorem
427 1035 550 1077 Lasci
593 1034 698 1075 vitae
731 1040 902 1088 partem,
940 1031 1041 1073 dum
1081 1030 1240 1073 Emdae
1270 1039 1615 1084 commoraretur,
1665 1033 1708 1075 id

202 1102 288 1150 esse
319 1106 595 1149 referendum.
655 1102 727 1146 Sic
767 1104 918 1158 optime
946 1101 1214 1158 intelligitur,
1255 1117 1332 1145 cur
1371 1103 1489 1146 nulla
1519 1104 1608 1146 eius
1635 1104 1708 1147 fiat

202 1180 242 1220 in
288 1178 411 1219 Lasci
454 1175 634 1231 epistolis
666 1175 831 1224 mentio,
865 1188 994 1228 quum
1027 1189 1110 1215 una
1141 1173 1326 1216 alterave
1357 1181 1521 1217 tantum
1551 1191 1604 1217 ex
1632 1175 1708 1218 illo

202 1259 387 1305 tempore
417 1248 541 1290 Lasci
571 1246 745 1302 epistola
774 1245 1020 1288 remanserit
1051 1252 1274 1301 superstes.
1334 1244 1404 1289 Sic
1434 1262 1561 1302 porro
1591 1263 1707 1304 egre·

200 1321 315 1376 gium
348 1335 510 1361 sensum
542 1318 754 1373 praebent,
788 1332 894 1372 quae
923 1316 1090 1359 Gellius
1122 1315 1356 1359 Ctematius
1387 1318 1428 1360 in
1450 1318 1709 1374 praefatione

202 1390 387 1447 belgicae
431 1388 627 1430 versionis
663 1395 827 1430 monet:
863 1409 884 1434 ῃ
903 1387 973 1429 dat
1003 1387 1062 1429 dit
1092 1388 1324 1443 gheschrift
1355 1387 1458 1430 door
1586 1389 1708 1432 Ioan.

203 1484 223 1509 ῃ
247 1476 339 1502 nem
371 1461 394 1501 ὲ.
424 1458 570 1508 Laseo,
612 1459 652 1500 in
685 1457 715 1500 ’t
744 1458 883 1514 Latijn
915 1458 1132 1514 voortijden
1162 1459 1196 1500 is
1227 1458 1509 1514 wtghestelt.”
1542 1459 1575 1516 Ξ)
1638 1459 1709 1504 Sic

201 1547 365 1589 quoque
405 1530 670 1586 perspicuum
710 1529 767 1581 fit,
814 1543 889 1570 cur
927 1528 1140 1571 Martinus
1189 1529 1427 1571 Micronius
1467 1529 1508 1570 in
1550 1544 1625 1572 suo
1658 1530 1709 1572 de

199 1603 342 1645 eodem
391 1607 643 1657 argumento
693 1600 1019 1641 consideratione
1070 1614 1277 1654 nusquam
1329 1599 1520 1642 locorum
1558 1601 1712 1644 kullam

199 1675 321 1716 huius
353 1672 480 1714 libelli
513 1672 768 1714 mentionem
801 1671 990 1713 iniecerit
1009 1671 1057 1728 ⁵).
1093 1670 1254 1723 Quodsi
1285 1671 1463 1726 denique
1492 1673 1628 1728 ipsum
1658 1673 1707 1715 li-

199 1744 297 1786 belli
341 1750 637 1799 argumentum
684 1750 929 1797 spectamus,
975 1738 1189 1798 aptissime
1232 1758 1330 1785 sane
1375 1744 1417 1784 in
1448 1759 1497 1786 ea
1530 1745 1709 1800 quadrat

197 1822 402 1870 tempora,
447 1829 552 1868 quae
595 1813 823 1855 tristissima
865 1813 1024 1856 Emdae
1055 1814 1170 1871 degit
1200 1821 1356 1865 noster,
1390 1830 1520 1872 quum
1552 1816 1710 1859 frustra

201 1886 311 1942 apud
353 1885 640 1940 magistratum
681 1884 896 1937 institerat,
943 1893 990 1927 ut
1031 1886 1200 1928 tandem
1242 1886 1421 1942 papismi
1451 1887 1654 1944 reliquiae
1684 1904 1708 1931 e

201 1957 327 1998 saeris
355 1954 522 1996 aedibus
554 1954 827 1997 amolirentur
856 1964 896 1997 et
926 1956 1138 1999 monachis
1169 1957 1457 2012 imponeretur
1479 1958 1704 2002 silentium.

257 2024 490 2080 Trilinguis
513 2024 614 2068 haec
634 2026 955 2068 tractatiuncula
985 2027 1094 2078 exiit,
1129 2027 1318 2069 versione
1340 2027 1515 2084 belgica,
1537 2045 1704 2086 germa-

200 2095 305 2146 nica,
347 2093 512 2150 gallica.
573 2094 784 2150 Belgicam
819 2097 1049 2139 versionem
1081 2099 1244 2141 curavit
1274 2097 1442 2142 Gellius
1473 2100 1707 2144 cte—matius

198 2179 370 2220 eamque
399 2163 476 2206 sub
505 2163 584 2205 hoc
614 2164 733 2205 titulo
762 2166 946 2208 excusit:

256 2235 340 2277 Het
374 2235 582 2287 qkevoelen
624 2234 790 2276 Ioannis
828 2235 852 2277 ὰ
896 2237 1032 2289 Lasoo,
1085 2241 1267 2281 Baroens
1312 2240 1355 2281 in
1394 2241 1535 2294 Polen,
1566 2243 1708 2296 Super-

198 2306 403 2347 intendent
432 2306 501 2346 der
525 2307 752 2362 ffemeynte
783 2307 853 2348 der
882 2311 1197 2364 vremdelinqlaen
1228 2316 1266 2353 te
1295 2311 1456 2354 Londen
1487 2314 1536 2369 ⁴),
1569 2314 1620 2370 of
1639 2315 1707 2356 ket

242 2448 269 2487 ¹)
292 2448 492 2487 Gennsssms,
517 2450 627 2483 Floril.
649 2451 718 2483 libr.
739 2451 905 2483 rariorum.
930 2463 959 2494 p.
982 2452 1053 2484 229.

240 2505 266 2542 ²)
290 2504 389 2534 Lnscx
428 2506 536 2544 Opera,
573 2506 642 2537 Vol.
675 2507 700 2538 I.
730 2517 760 2547 p.
785 2507 834 2538 66.
878 2507 990 2538 Latine
1013 2518 1048 2538 ea
1069 2509 1165 2541 verba
1189 2511 1234 2543 sic
1257 2513 1390 2546 habent:
1414 2540 1431 2553 ‚‚
1460 2517 1707 2550 tractatiuncula

197 2558 273 2589 hacc
294 2558 348 2588 diu
371 2561 463 2588 antea
485 2559 569 2590 edita
591 2562 638 2590 cst
661 2571 716 2601 per
740 2561 890 2593 Ioannem
912 2562 930 2593 a
952 2562 1080 2594 Lasco.'’

239 2613 265 2652 Β)
289 2612 383 2642 Illum
416 2612 564 2643 Micronii
587 2613 703 2644 librum
725 2615 806 2652 volo,
832 2615 881 2646 cui
905 2615 1032 2647 titulus:
1057 2616 1121 2648 Een
1144 2620 1230 2651 claer
1250 2621 1350 2662 bewg'js
1372 2633 1433 2654 van
1455 2624 1507 2655 lzet
1529 2626 1616 2656 recht
1634 2626 1708 2667 qhe-

194 2667 307 2709 bruyck
329 2667 381 2697 des
406 2667 602 2698 Nachtmaels
628 2669 742 2699 Christi
764 2669 841 2700 ende
863 2673 992 2701 watmen
1014 2682 1072 2701 van
1095 2672 1133 2703 de
1155 2674 1248 2706 misse
1268 2676 1390 2708 houden
1412 2680 1464 2709 sal
1483 2679 1561 2710 door
1577 2680 1705 2712 Marten

195 2722 331 2753 Mikron.
353 2721 452 2752 Lond.
468 2721 556 2752 1552.
573 2722 617 2753 8⁰.
634 2723 784 2754 Asservat
797 2734 867 2755 eum
883 2725 1075 2757 bibliotheca
1088 2726 1311 2762 Ultraiectina.
1325 2731 1437 2764 Theol.
1455 2734 1567 2765 Octav.
1583 2734 1621 2767 N.
1635 2735 1706 2768 704.

233 2777 260 2815 ⁴)
283 2776 330 2807 Ne
359 2775 428 2817 quis
461 2775 539 2806 mihi
571 2776 710 2814 obiiciat,
735 2788 769 2808 ex
792 2777 851 2809 hoc
875 2779 1090 2812 additamento
1114 2781 1292 2815 luculenter
1314 2789 1432 2826 patere,
1457 2788 1597 2820 Londini
1619 2789 1705 2822 hunc

191 2831 330 2862 libellum
354 2831 391 2861 ab
414 2830 433 2862 ὸ.
456 2830 553 2862 Lusco
577 2832 792 2873 conscriptum
816 2844 892 2865 esse.
916 2834 1066 2866 Solebant
1087 2837 1171 2868 enim
1195 2839 1391 2882 typographi
1415 2841 1453 2874 de
1477 2854 1533 2876 suo
1556 2844 1632 2876 talia
1655 2845 1706 2876 ad-

195 2885 266 2916 dere
289 2888 319 2916 et
342 2896 397 2916 suo
421 2887 517 2916 marte
542 2886 666 2917 reficere
690 2886 818 2918 titulum
843 2890 873 2919 et
897 2888 1058 2921 adornare.
