1818 3178
164 115 235 154 176
512 118 563 145 nn
590 114 868 144 sAcRAMENms
898 112 1113 140 EchESIAE
1141 113 1318 141 cmuz‘m.

162 223 393 275 perspicuum
429 221 486 264 sit,
522 219 679 255 cultrum
715 214 988 252 circumcisioni
1015 213 1182 252 adhiberi
1209 215 1360 253 solitum
1388 227 1464 252 non
1491 218 1567 252 tam
1595 215 1672 265 sig-

162 300 250 325 num
277 286 388 323 fuisse
415 284 454 320 in
481 280 771 324 circumcisione,
798 291 906 329 quam
933 277 1058 328 potius
1086 278 1185 327 signi
1209 279 1327 329 ipsius
1357 279 1589 317 elementum.

214 348 326 387 Quod
366 359 448 384 vero
485 345 529 382 ad
564 343 780 393 mysterium
816 337 1109 378 circumcisionis
1144 342 1290 389 attinet,
1325 343 1365 380 id
1402 343 1511 380 nobis
1540 342 1674 380 diserte

161 414 355 453 indicatur,
391 411 478 447 dum
515 406 744 444 circumcisio
782 404 819 442 et·
854 404 1013 442 foederis
1049 404 1197 453 signum
1231 406 1341 443 simul
1376 406 1412 444 et
1449 405 1580 443 foedus
1615 406 1674 455 ip-

160 478 242 526 (fol.
278 476 443 522 73a)sum
479 475 643 516 vocatur,
678 474 720 508 ut
756 475 862 507 antea
898 481 1046 519 quoque
1083 468 1262 517 diximus;
1289 471 1377 508 inde
1404 470 1502 508 enim
1529 470 1673 521 perspi-

160 554 266 577 cuum
295 543 360 581 est,
386 536 515 574 foedus
542 536 663 586 ipsum
689 534 758 571 Dei
794 533 987 570 nobiscum
1024 533 1241 582 mysterium
1267 547 1345 571 esse
1368 533 1674 572 circumcisionis.

209 603 378 640 Diximus
414 605 534 638 autem
561 600 634 636 iam
660 602 780 640 antea,
813 597 965 647 perinde
993 610 1082 641 esse,
1110 597 1186 634 sive
1212 597 1342 635 foedus
1371 598 1440 635 Dei
1467 598 1675 643 nobiscum,

160 668 234 705 sive
268 666 355 703 fidei
390 664 583 709 iustitiam,
611 663 686 699 sive
714 674 798 699 vero
828 664 990 698 nostram
1022 673 1105 697 cum
1134 660 1283 698 Christo
1312 661 1475 699 Domino
1505 675 1673 698 commu-

158 732 319 774 nionem,
344 729 561 779 mysterium
589 725 881 764 circumcisionis
902 738 980 762 esse
1000 724 1177 762 dicamus.
1206 725 1305 762 Nam
1323 728 1360 763 et
1379 726 1538 763 foederis
1556 725 1675 763 divini

159 796 363 838 nobiscum,
399 797 434 830 et
469 791 631 829 iustitiae
668 791 756 827 item
791 789 877 826 fidei
913 789 1063 826 nomine
1098 797 1370 838 μετωνυμικῖᾶς
1409 789 1518 826 nobis
1545 794 1674 827 nostra

159 873 239 897 cum
286 857 431 895 Christo
470 855 632 893 Domino
669 853 880 891 communio
915 852 1143 901 designatur,
1180 852 1267 889 dum
1302 852 1411 889 nobis
1447 865 1512 903 per
1549 853 1675 890 effecta

158 937 222 961 sua
260 920 547 964 commendatur,
583 917 764 968 siquidem
802 916 871 954 Dei
907 916 1103 953 nobiscum
1139 915 1272 953 foedus
1300 929 1375 953 non
1405 916 1575 953 consistit
1602 916 1673 954 nisi

157 988 195 1024 in
225 986 382 1023 Christo.
413 983 621 1021 Consistere
649 987 771 1018 autem
798 981 837 1019 in
857 980 1006 1017 Christo
1034 992 1110 1017 non
1136 983 1271 1030 potest,
1299 980 1372 1016 nisi
1399 979 1435 1017 et
1462 980 1518 1017 illi
1545 980 1675 1018 nobis-

159 1065 239 1088 cum
275 1050 311 1088 et
348 1049 454 1087 nobis
493 1061 576 1084 cum
621 1046 685 1083 illo
726 1049 824 1082 certa
862 1044 1043 1095 quaedam
1080 1044 1291 1081 communio
1327 1044 1545 1088 intercedat,
1581 1057 1676 1095 quae

157 1116 228 1153 hoc
262 1128 348 1152 sane
384 1113 525 1156 efficiat,
560 1115 612 1155 ut,
647 1110 747 1161 quod
778 1110 816 1147 in
847 1109 995 1147 Christo
1025 1108 1198 1152 defertur.
1225 1122 1356 1159 nempe
1382 1109 1513 1146 foedus
1541 1109 1674 1159 ipsum,

158 1180 195 1217 id
232 1179 275 1216 ad
305 1191 372 1216 nos
399 1178 509 1215 etiam
536 1177 718 1226 pertinere
755 1174 907 1211 omnino
935 1174 1067 1224 possit.
1120 1173 1221 1210 Dum
1249 1173 1367 1222 igitur
1395 1174 1675 1211 circumcisione

158 1244 288 1281 foedus
325 1242 445 1292 ipsum
481 1240 561 1286 Dei,
597 1240 635 1276 in
675 1238 823 1276 Christo
853 1237 1015 1274 Domino
1041 1237 1289 1288 proculdubio
1319 1237 1492 1282 delatum,
1532 1237 1580 1275 ad
1606 1251 1675 1275 nos

158 1309 269 1347 etiam
304 1307 484 1357 pertinere
520 1305 705 1348 docemur,
741 1302 850 1339 simul
886 1302 998 1339 etiam
1040 1305 1168 1339 nostra
1207 1314 1288 1338 cum
1325 1302 1473 1339 Christo
1512 1301 1675 1339 Domino

161 1372 368 1410 communio
398 1368 676 1407 circumcisione
702 1367 812 1405 nobis
840 1366 1052 1404 hauddubie
1081 1367 1296 1416 designatur
1324 1371 1359 1405 et
1385 1367 1640 1406 adumbratur.

208 1439 267 1475 Ita
295 1449 378 1474 vero
407 1436 528 1478 etiam,
556 1434 643 1471 dum
671 1432 902 1470 circumcisio
929 1432 1104 1477 iustitiae,
1131 1445 1224 1482 quae
1251 1432 1324 1470 fide
1351 1437 1509 1479 constat,
1527 1433 1676 1482 signum

159 1503 266 1540 simul
294 1505 404 1551 atque
431 1498 713 1548 obsignaculum
742 1510 820 1535 esse
848 1497 984 1534 dicitur
1011 1510 1031 1534 a
1057 1497 1186 1543 Paulo,
1212 1501 1361 1535 nostrae
1380 1511 1467 1535 sane
1489 1511 1570 1535 cum
1590 1499 1675 1546 (fol.

161 1564 245 1614 73b)
280 1565 428 1603 Christo
466 1563 737 1601 communionis
774 1562 921 1610 signum
965 1565 1074 1611 atque
1116 1560 1401 1610 obsignaculum
1436 1575 1515 1599 esse
1549 1562 1676 1599 eadem

161 1644 304 1681 quoque
340 1642 448 1680 opera
486 1628 649 1671 docetur,
684 1625 988 1677 quandoquidem
1014 1626 1093 1675 ipsa
1121 1638 1213 1675 quae
1240 1625 1313 1663 fide
1341 1629 1486 1663 constat
1522 1626 1676 1672 iustitia,

158 1695 197 1732 in
232 1694 312 1744 ipso
348 1692 517 1743 equidem
556 1691 703 1728 Christo
739 1689 902 1727 Domino
939 1689 984 1726 ad
1019 1702 1086 1726 nos
1122 1689 1302 1740 pertinet3
1339 1694 1375 1727 et
1409 1690 1593 1740 pertinere
1628 1691 1674 1727 ad

161 1773 229 1796 nos
269 1759 308 1796 in
345 1758 492 1795 Christo
530 1769 603 1793 non
639 1760 775 1805 posset,
811 1755 842 1791 si
876 1767 952 1792 non
981 1753 1144 1804 aliquam
1172 1767 1255 1791 cum
1281 1755 1346 1791 illo
1376 1755 1674 1792 communionem

163 1824 392 1861 haberemus.
447 1822 642 1860 Quatenus
678 1833 766 1869 ergo
798 1833 863 1870 per
898 1823 1065 1856 nostram
1094 1832 1176 1856 cum
1206 1819 1355 1856 Christo
1383 1819 1544 1857 Domino
1574 1832 1674 1856 com-

161 1887 374 1925 munionem
410 1885 498 1923 iusti
534 1898 670 1926 sumus,
706 1884 793 1921 dum
827 1884 933 1921 illum
969 1883 1042 1920 fide
1077 1883 1315 1932 agnoscimus
1344 1883 1522 1921 sentimus
1550 1886 1584 1920 et
1613 1883 1675 1920 de-

162 1953 356 1994 claramus,
390 1953 425 1988 et
463 1949 692 1987 circumcisio
731 1949 880 1998 signum
917 1953 971 1986 est
1006 1952 1116 1999 atque
1144 1948 1429 1997 obsignaculum
1455 1948 1533 1986 eius
1561 1948 1676 1998 ipsius

161 2016 322 2054 iustitiae
349 2015 387 2052 in
409 2014 622 2059 Christo,—
637 2013 816 2050 hactenus
844 2026 930 2050 sane
959 2013 1191 2050 circumcisio
1220 2012 1369 2062 signum
1397 2016 1474 2050 erat
1503 2013 1589 2050 olim
1618 2015 1677 2050 at-

162 2094 231 2131 que
273 2078 557 2127 obsignaculum
593 2082 740 2114 nostrae
777 2089 860 2114 cum
898 2077 1047 2114 Christo
1085 2076 1247 2114 Domino
1285 2077 1570 2124 communionis,
1611 2091 1678 2128 per

166 2156 275 2194 quam
309 2142 397 2180 iusti
435 2154 580 2185 sumus,
615 2140 727 2191 inque
752 2139 961 2178 istiusmodi
989 2140 1130 2178 iustitia
1161 2154 1227 2178 usu
1255 2142 1578 2179 Sacramentorum
1606 2141 1675 2179 ob-

164 2208 363 2256 signamur.

213 2271 449 2321 Perspicuum
484 2273 539 2306 est
566 2269 692 2318 igitur,
717 2269 932 2318 mysterium
972 2268 1264 2306 circumcisionis
1291 2283 1369 2307 esse
1396 2274 1563 2308 nostram
1591 2282 1674 2307 cum

164 2334 309 2371 Christo
340 2333 499 2370 Domino
537 2332 848 2377 communionem,
892 2346 985 2382 quae
1018 2346 1038 2370 a
1067 2333 1141 2370 suis
1169 2333 1305 2370 effectis
1334 2333 1560 2383 designatur,
1587 2333 1675 2371 dum

164 2396 322 2434 foederis
350 2395 466 2432 divini
493 2395 686 2432 nobiscum
714 2395 862 2444 signum
890 2396 1055 2446 adeoque
1081 2400 1116 2434 et
1145 2396 1274 2434 foedus
1302 2396 1436 2447 ipsum,
1473 2397 1559 2434 dum
1586 2397 1675 2435 item

163 2460 325 2497 iustitiae
359 2459 444 2496 fidei
488 2464 521 2496 et
550 2459 697 2508 signum
732 2460 870 2510 pariter
897 2464 931 2498 et
958 2461 1244 2510 obsignaculum
1272 2461 1590 2498 circumcisionem
1617 2461 1675 2512 ip-

165 2539 243 2563 sam
271 2537 347 2562 esse
375 2524 553 2561 audimus.

216 2589 288 2626 Sed
323 2591 359 2625 et
394 2591 544 2625 externa
578 2587 657 2637 ipsa
691 2588 730 2625 in
768 2588 1048 2627 circumcisione
1084 2589 1181 2627 actio
1217 2589 1413 2627 manifeste
1440 2593 1598 2627 testatur
1633 2603 1675 2627 ac

165 2651 437 2705 quodammodo
475 2651 667 2688 visibiliter
699 2652 875 2702 loquitur,
910 2653 1085 2691 adnatam
1120 2654 1229 2691 nobis
1266 2653 1332 2691 sub
1360 2655 1541 2705 praeputii
1567 2655 1674 2692 invo-

164 2718 247 2766 (fol.
284 2716 469 2762 74³)1ucr0
506 2718 669 2751 nostram
707 2716 1054 2754 condemnationem
1089 2717 1271 2768 amputari
1306 2722 1487 2768 oportere,
1521 2721 1563 2755 ut
1600 2731 1674 2755 ser-

166 2782 243 2819 vari
269 2780 464 2831 possimus,
491 2783 526 2815 et
553 2778 657 2815 aliter
684 2778 830 2815 interim
858 2781 1042 2830 amputari
1070 2794 1145 2818 non
1173 2782 1348 2832 potuisse,
1375 2782 1448 2819 nisi
1474 2794 1538 2832 per
1556 2781 1675 2819 nostri

166 2847 329 2900 ipsorum
367 2842 557 2893 sanguinis
594 2842 632 2879 in
661 2854 767 2880 carne
794 2848 919 2881 nostra
946 2843 1173 2892 effusionem,
1212 2859 1286 2884 non
1321 2850 1446 2884 tamen
1472 2848 1512 2884 in
1539 2846 1676 2884 nostris
