1818 3178
497 539 1295 600 PRAEFATIO.

183 931 345 977 SUNT
395 941 476 977 tres
522 935 610 978 fere
656 935 767 986 anni,
812 950 865 976 ex
909 949 995 992 quo
1041 935 1167 978 Lasci
1212 936 1502 993 biographiam
1550 953 1648 981 cum

123 1019 298 1060 operum
339 1005 466 1061 ipsius
506 1006 683 1049 editione
721 1022 871 1049 curare
915 1023 981 1049 me
1011 1006 1121 1049 velle
1152 1007 1194 1050 in
1226 1009 1453 1065 specimine
1487 1010 1649 1053 Acade-

123 1076 230 1118 mico
276 1076 520 1120 scribebam.
582 1078 674 1121 Iam
722 1080 905 1122 suaviter
943 1078 1119 1122 subinde
1164 1080 1401 1124 tarditatem
1448 1098 1646 1126 accusare

120 1155 351 1205 coeperunt
396 1150 530 1202 amici,
578 1151 701 1193 nimis
746 1151 859 1194 lente
906 1151 1015 1194 trahi
1060 1168 1167 1209 opus
1222 1154 1333 1210 quod
1379 1170 1647 1211 susceperam

119 1219 232 1262 haud
262 1220 459 1279 ambigue
490 1238 566 1279 per
596 1226 853 1266 occasionem
885 1226 1115 1281 conquesti.
1165 1225 1220 1268 Et
1249 1242 1350 1269 sane
1380 1226 1565 1269 dandum
1598 1228 1646 1270 iis

119 1298 194 1344 est,
226 1293 340 1345 mihi,
374 1310 457 1337 non
489 1296 586 1352 ipsis
618 1296 869 1339 vertendum
899 1313 999 1348 esse,
1033 1298 1067 1340 si
1098 1299 1181 1341 iam
1214 1299 1296 1341 iam
1329 1299 1370 1341 in
1401 1299 1516 1342 incili
1542 1299 1645 1342 Las·

116 1378 213 1406 cum
253 1364 428 1408 haerere
468 1367 664 1424 suspicati
712 1369 806 1413 sint.
870 1368 1064 1412 Celerius
1105 1371 1191 1413 ruit
1222 1377 1388 1427 tempus
1419 1377 1461 1413 et
1492 1387 1642 1428 aequa-

115 1434 220 1478 lium
260 1451 379 1480 mens
419 1452 516 1480 cum
548 1439 651 1495 ipso,
685 1454 812 1495 quam
844 1447 889 1482 ut
920 1439 1047 1492 nuda,
1080 1441 1257 1497 simplex
1287 1442 1488 1498 omnique
1518 1457 1643 1499 appa-

114 1514 210 1550 ratu
240 1507 435 1552 destituta
464 1509 624 1567 aliquot
655 1510 893 1553 libellorum
926 1512 1159 1568 recognitio
1188 1519 1358 1555 tantum
1388 1514 1463 1556 sibi
1495 1514 1644 1556 merito

113 1580 313 1637 temporis
351 1581 532 1636 spatium
578 1582 818 1639 praeripiat.
879 1581 996 1636 Quid
1035 1583 1182 1634 levius,
1225 1583 1326 1641 quid
1364 1591 1447 1627 tam
1481 1584 1641 1628 nullius

113 1649 199 1693 fere
240 1653 397 1708 negotii
437 1652 613 1703 videtur,
646 1653 747 1711 quid
777 1654 892 1696 ocius
922 1653 1102 1712 denique
1132 1655 1246 1698 ultro
1276 1656 1328 1698 ad
1357 1663 1512 1699 metam
1545 1673 1641 1714 pro-

112 1731 244 1779 perat,
282 1739 411 1780 quam
441 1723 550 1768 bona
581 1734 699 1782 parte
728 1741 923 1783 expressa
955 1727 1037 1769 iam
1068 1728 1179 1785 typis
1209 1728 1510 1786 divulgataque
1539 1745 1644 1787 opu-

111 1796 226 1839 scula
273 1795 411 1839 denuo
456 1797 601 1853 praelo
645 1797 901 1850 submittere,
951 1813 1098 1841 eorum
1147 1799 1456 1857 typographica
1504 1800 1637 1844 obiter

110 1868 326 1925 corrigere
358 1868 576 1926 revisaque
606 1868 830 1912 emendare
851 1870 1081 1926 specimina
1106 1877 1148 1913 et
1167 1870 1283 1913 brevi
1304 1871 1502 1928 adsperso
1522 1888 1640 1929 prae-

110 1938 279 1988 famine,
311 1953 398 1981 uno
428 1938 641 1981 duobusve
674 1939 959 1982 voluminibus
990 1940 1305 1997 comprehensa,
1338 1941 1530 1984 nitidiore
1557 1943 1639 1985 for-

110 2026 178 2053 ma
202 2010 243 2052 in
264 2010 402 2053 lucem
424 2026 472 2053 ea
493 2010 637 2054 edere!
668 2010 813 2055 Sentio
835 2027 900 2054 me
923 2013 1188 2055 excusatione
1210 2028 1349 2071 egere,
1374 2020 1416 2056 et
1431 2029 1510 2071 pro
1527 2015 1638 2057 virili

109 2081 167 2124 i‘ta
211 2096 378 2124 causam
417 2081 578 2134 tuebor,
612 2090 670 2134 ut,
702 2098 886 2140 quorum
918 2084 1188 2141 reprehensio
1218 2100 1318 2128 cum
1349 2084 1638 2130 benevolentia

111 2154 334 2197 coniuncta
377 2153 440 2205 sit,
483 2155 510 2195 ii
550 2153 696 2196 saltem
727 2170 752 2198 a
783 2155 910 2212 culpa
942 2171 1008 2198 me
1039 2155 1236 2201 eximant.
1298 2156 1515 2200 Nimirum
1547 2159 1634 2202 vix-

108 2226 210 2268 dum
256 2240 406 2268 manus
451 2225 502 2267 ad
548 2226 735 2269 laborem
782 2226 1061 2271 adhibuissem
1104 2244 1321 2285 essemque
1351 2230 1477 2286 primi
1508 2230 1634 2274 Lasci

107 2296 299 2355 opusculi
334 2296 558 2339 editionem
579 2312 817 2355 aggressus,
842 2314 974 2355 quum
997 2299 1123 2357 longe
1145 2300 1252 2343 aliae
1274 2302 1568 2358 occupationes
1590 2303 1631 2346 in

106 2370 195 2426 ipso
227 2368 314 2411 fere
345 2367 489 2410 limine
521 2384 586 2411 me
617 2369 867 2426 necopinato
899 2370 950 2413 ab
980 2371 1170 2414 instituto
1192 2387 1365 2429 prorsus
1387 2382 1630 2417 avocarent:

108 2441 362 2484 offerebatur
412 2455 595 2497 namque
646 2456 811 2484 sacrum
863 2443 1138 2486 ministerium
1188 2443 1299 2501 apud
1351 2444 1631 2496 Reformatos,

109 2515 180 2570 qui
226 2512 377 2556 Bisdae
418 2520 529 2562 sunt,
578 2511 750 2555 Gelriae
791 2513 906 2556 haud
947 2514 1080 2558 infimi
1111 2516 1223 2573 pagi.
1284 2514 1362 2560 Sat
1391 2517 1529 2559 sciunt
1559 2518 1631 2574 qui

106 2584 184 2641 ipsi
215 2583 288 2626 has
319 2598 462 2626 rerum
486 2583 789 2626 vicissitudines
810 2585 1002 2641 vitaeque
1024 2585 1196 2628 rationis
1216 2585 1419 2629 subierint
1441 2589 1632 2631 mutatio-

106 2671 190 2709 nes,
226 2669 351 2711 quem
383 2654 425 2696 in
461 2653 630 2696 modum
662 2670 827 2698 omnem
862 2657 1010 2699 seriem
1043 2656 1235 2699 laborum
1267 2658 1517 2715 perturbent
1546 2662 1632 2703 ani-

107 2728 246 2784 mique
275 2742 456 2777 sensum,
501 2726 542 2768 in
586 2725 712 2783 longe
753 2726 966 2770 diversum
1005 2743 1101 2771 eum
1134 2729 1356 2786 rapienteS‚
1390 2731 1630 2774 concutiant

103 2808 144 2843 et
182 2806 484 2851 commoveant,
516 2798 774 2856 longamque
815 2799 924 2842 diem
972 2815 1042 2843 eos
1085 2815 1253 2858 quoque
1293 2801 1345 2844 ob
1376 2803 1490 2845 omni
1520 2805 1628 2846 serio

99 2871 234 2915 studio
279 2871 531 2922 contineant,
579 2870 732 2928 quibus
773 2871 958 2915 tantalea
1004 2871 1162 2930 alioqui
1208 2873 1312 2917 inest
1342 2873 1427 2917 sitis
1458 2873 1624 2921 laboris.
