1818 3178
633 96 679 125 Pu
687 97 750 127 ne.
780 95 869 126 mn.
899 93 1098 126 rssANcor.
1558 87 1629 125 255

102 199 253 250 quidem
279 199 328 237 ad
355 211 505 236 causam
531 201 700 237 nostram
728 198 881 247 attinet)
910 198 1211 250 praetermissum
1239 211 1319 236 esse
1344 201 1478 249 putant
1499 199 1542 246 ¹),
1571 202 1634 235 aut

100 264 141 302 in
177 265 277 302 facta
310 263 371 301 hic
407 263 599 302 doctrinae
629 265 661 312 Ξ)
697 268 847 302 nostrae
886 264 1122 302 confessione
1157 263 1358 302 ostendant
1393 263 1535 314 aliquid
1561 276 1632 314 pu-

101 342 236 378 gnans,
269 326 487 379 praesertim
524 340 608 365 cum
644 328 844 378 praedictis
873 328 1070 379 capitibus,
1097 327 1262 366 collectis
1292 341 1337 366 ex
1363 327 1442 379 ipsa
1470 329 1632 377 August.

104 392 360 431 Confessione.
413 392 570 443 Alioqui
606 393 745 431 frustra
782 406 851 431 nos
879 394 1046 431 accusari
1072 393 1120 432 ab
1147 393 1236 440 illis,
1263 393 1307 432 de
1334 393 1381 431 iis
1408 406 1501 444 quae
1529 405 1631 431 com·

103 456 306 495 monstrari
331 469 410 494 non
435 457 597 507 possint.

153 521 269 558 Porro
304 521 425 559 nostri
458 524 693 560 accusatores
730 521 826 559 nihil
861 520 997 570 horum
1024 520 1178 566 faciunt,
1214 533 1256 559 ac
1285 534 1331 560 ne
1359 521 1523 572 colloqui
1549 521 1632 572 qui-

103 584 187 622 dem
230 584 428 622 nobiscum
472 585 624 631 volunt,
661 585 724 624 sed
758 589 927 636 perstant
962 586 1113 623 interim
1148 586 1188 623 in
1224 586 1347 624 nostri
1381 585 1631 626 accusatione.

105 648 319 686 Quominus
364 661 449 687 vero
491 649 688 688 nobiscum
733 650 1016 700 colloquantur,
1061 650 1160 699 leges
1197 650 1376 701 quasdam
1414 651 1471 689 sui
1508 652 1633 689 nescio

105 713 209 751 cuius
244 714 404 752 foederis
442 714 590 753 obstare
629 715 770 753 dicunt.
831 715 914 752 Iam
951 714 996 752 de
1030 714 1243 753 foederibus
1281 715 1376 753 nihil
1412 716 1473 754 hic
1500 717 1634 755 attinet

103 778 237 817 dicere.
292 779 365 817 Sed
402 779 434 816 si
467 780 566 817 ullae
603 783 691 817 sunt
725 778 908 817 eiusmodi
943 778 1056 827 leges,
1093 779 1231 829 quibus
1269 784 1439 818 vetentur
1465 785 1634 832 pastores

103 856 146 881 ac
174 843 345 881 doctores
374 843 628 881 Ecclesiarum
652 843 836 881 rationem
864 842 1057 880 doctrinae
1084 855 1128 880 ac
1153 843 1242 881 fidei
1269 857 1356 882 suae
1382 844 1535 883 reddere
1564 845 1636 892 his,

103 908 169 958 qui
194 909 279 956 (29)
314 908 419 946 illam
454 908 495 946 in
531 907 820 946 mansuetudine
856 911 891 945 et
927 907 1111 945 modestia
1141 908 1352 946 Christiana
1380 910 1635 960 postularent,

103 973 248 1010 tantine
274 973 366 1023 {fieri
398 972 467 1010 hae
503 972 603 1021 leges
640 972 832 1010 debebunt
858 985 878 1010 a
905 972 1010 1010 verbi
1038 972 1158 1010 divini
1184 972 1380 1019 ministris,
1406 979 1446 1012 ut
1473 987 1533 1011 eas
1560 974 1635 1023 legi

106 1038 346 1089 Apostolicac
382 1041 632 1089 anteponant,
667 1050 741 1088 qua
776 1037 966 1083 iubentur,
1001 1037 1105 1074 omni
1139 1038 1309 1088 poscenti
1341 1038 1429 1077 fidei
1473 1052 1515 1076 ac
1557 1039 1636 1090 spei

106 1117 193 1141 suae
228 1104 382 1141 reddere
408 1104 612 1148 rationem,
638 1102 817 1141 iubentur
843 1115 923 1140 esse
948 1103 1069 1153 parati
1097 1106 1206 1153 atque
1233 1103 1396 1154 expediti
1422 1104 1468 1141 ad
1497 1103 1634 1142 docen-

103 1168 212 1213 dum,
247 1172 283 1205 et
316 1168 495 1205 iubentur
529 1167 738 1205 instaurare
774 1179 852 1212 eos,
889 1179 984 1217 quos
1021 1167 1146 1217 aliquo
1183 1179 1307 1205 errore
1333 1168 1452 1206 teneri
1480 1168 1633 1206 vident?

103 1231 269 1270 Tametsi
297 1231 493 1270 verisimile
520 1244 598 1269 non
625 1235 693 1277 est,
719 1231 935 1268 istiusmodi
962 1231 1062 1281 leges
1088 1232 1129 1269 in
1157 1232 1242 1269 ullis
1270 1233 1422 1270 omnino
1452 1233 1633 1271 Christia-

102 1296 161 1334 nis
188 1296 402 1334 foederibus
431 1295 629 1342 contineri,
657 1295 732 1333 nisi
759 1295 790 1332 si
817 1295 966 1346 ipsimet
993 1296 1114 1334 nostri
1140 1301 1374 1335 accusatores
1403 1297 1513 1335 simul
1540 1311 1634 1348 quo-

103 1373 176 1410 que
202 1364 238 1398 et
265 1360 506 1398 nomothetae
531 1360 725 1398 foederum
752 1373 832 1398 esse
857 1361 1003 1407 volunt,
1030 1365 1066 1399 et
1093 1374 1137 1399 eo
1164 1361 1212 1399 ad
1238 1366 1444 1400 extremum
1471 1376 1548 1400 rem
1570 1363 1634 1401 de-

102 1426 248 1472 ducere,
274 1430 316 1464 ut
345 1439 423 1464 non
448 1429 526 1464 tam
556 1425 705 1464 Christo
733 1425 807 1477 ipsi
833 1425 995 1472 foedera,
1023 1439 1136 1478 quam
1164 1426 1336 1466 Christus
1362 1428 1486 1478 potius
1506 1429 1633 1467 foede-

101 1491 207 1529 ribus
235 1490 373 1529 servire
399 1494 566 1540 cogatur.
596 1488 628 1538 3)

152 1555 382 1606 Quanquam
404 1558 530 1593 autem
557 1554 683 1592 omnia
711 1554 920 1592 detrectent
947 1555 1148 1606 colloquia,
1176 1560 1356 1606 spargunt
1381 1560 1507 1595 tamen
1534 1557 1632 1596 mul-

102 1624 154 1665 ta,
188 1620 229 1657 in
264 1619 400 1670 quibus
427 1619 554 1658 nescio
583 1633 676 1670 quas
704 1619 880 1657 victorias
910 1633 994 1657 suas
1022 1620 1233 1668 somniant,
1260 1634 1356 1672 quae
1382 1622 1494 1660 nobis
1521 1622 1632 1661 etiam

103 1685 321 1735 attingenda
346 1686 475 1736 paucis
502 1690 611 1723 erunt
639 1685 823 1735 simulque
850 1685 963 1723 etiam
988 1685 1197 1724 refutanda.
1241 1687 1366 1737 Atque
1393 1687 1455 1724 hic
1481 1688 1631 1738 quidem

102 1749 208 1787 locus
244 1752 329 1798 (30)
373 1755 470 1787 esset
515 1749 665 1787 dicendi
702 1749 846 1800 aliquid
884 1749 928 1787 dc
962 1749 1136 1788 instituto
1170 1763 1289 1801 nuper
1321 1764 1387 1802 per
1420 1752 1632 1804 Principem

103 1814 472 1864 Wirtenbergensem
506 1815 605 1852 inter
640 1827 698 1852 me
725 1818 761 1852 et
788 1813 835 1853 D.
862 1814 972 1853 Ioan.
1000 1814 1198 1853 Brentium
1225 1815 1434 1866 colloquio,
1461 1817 1631 1868 quando-

102 1879 254 1930 quidem
289 1880 470 1931 scriptum
505 1880 550 1918 de
584 1879 651 1917 illo
679 1878 871 1930 quoddam
898 1880 1042 1918 autoris
1069 1880 1162 1918 mihi
1187 1880 1375 1930 incogniti
1401 1894 1466 1932 per
1492 1882 1632 1920 multo·

102 1957 186 1982 rum
220 1957 354 1983 manus
390 1957 560 1995 sparsum
596 1944 771 1991 vidimus,
804 1944 844 1982 in
880 1958 953 1995 quo
990 1945 1107 1983 multa
1145 1946 1285 1997 alioqui
1313 1945 1510 1992 habentur,
1537 1961 1632 1998 quae

103 2022 223 2060 neque
256 2022 326 2058 ego
363 2009 453 2055 dixi,
488 2021 608 2059 neque
633 2008 760 2046 audivi
789 2021 967 2060 unquam,
1003 2014 1039 2047 et
1065 2010 1183 2048 multa
1210 2010 1301 2047 item
1327 2024 1405 2048 non
1433 2011 1632 2059 habentur,

103 2086 198 2123 quae
222 2086 282 2110 me
308 2086 376 2122 ego
404 2078 441 2111 et
469 2073 606 2111 dixisse
632 2077 669 2111 et
695 2073 808 2111 etiam
835 2073 1022 2112 audivisse
1051 2079 1150 2113 certo
1180 2075 1271 2120 scio,
1298 2079 1409 2126 atque
1434 2076 1634 2127 ipsummet

103 2137 152 2176 D.
187 2138 383 2176 Brentium
420 2138 636 2187 agniturum
671 2151 751 2176 esse
789 2139 952 2178 confido.
1007 2139 1080 2177 Sed
1107 2152 1176 2189 ego
1204 2139 1301 2177 nihil
1326 2141 1419 2178 mihi
1446 2141 1631 2190 agendum

104 2202 179 2246 hic.
213 2202 288 2241 nisi
321 2202 515 2240 admonito
548 2202 596 2241 D.
632 2202 803 2249 Brentio,
838 2216 918 2240 esse
953 2203 1102 2253 putavi,
1137 2216 1184 2240 ne
1211 2216 1323 2254 quam
1349 2203 1461 2241 fidem
1486 2205 1566 2256 ipse
1592 2204 1630 2244 in

103 2266 298 2316 incognito
335 2266 401 2303 illo
430 2266 560 2317 scripti
586 2265 665 2303 eius
693 2271 822 2304 autore
851 2266 1034 2315 desidero,
1060 2267 1216 2305 eandem
1241 2267 1279 2305 in
1309 2281 1367 2306 me
1394 2282 1541 2307 rursum
1569 2270 1633 2307 alii

103 2333 291 2383 requirere
325 2332 490 2383 possint,
526 2335 562 2369 et
598 2330 715 2368 videri
751 2331 850 2368 forte
877 2343 1011 2382 queam
1037 2331 1157 2380 egisse
1183 2331 1324 2382 aliquid
1353 2337 1498 2383 praeter
1524 2334 1634 2371 amici

105 2396 279 2435 officium.
333 2395 416 2433 Etsi
457 2394 558 2432 enim
591 2394 686 2431 mihi
722 2407 805 2432 cum
836 2394 902 2431 illo
938 2394 979 2432 in
1014 2394 1185 2432 doctrina
1222 2395 1520 2434 Sacramentaria
1556 2410 1633 2435 non

105 2474 225 2512 usquc
260 2461 352 2499 adeo
391 2460 610 2505 conveniat,
635 2462 788 2497 mutuae
813 2462 939 2497 tamen
968 2459 1156 2497 amicitiae
1183 2459 1299 2498 officia
1325 2474 1390 2511 per
1417 2474 1476 2499 me
1503 2462 1635 2500 violari

107 2527 238 2564 nolim.
294 2525 421 2563 Quare
458 2524 595 2561 omisso
632 2536 733 2561 nunc
760 2528 891 2561 nostro
920 2535 1004 2561 cum
1033 2523 1097 2560 illo
1128 2523 1328 2576 colloquio,
1355 2538 1449 2576 quae
1477 2525 1524 2563 ab
1552 2526 1634 2563 aliis

106 2590 283 2629 adversus
320 2589 711 2637 consensio-(3l)nem
748 2590 916 2626 nostram
945 2600 1026 2625 omn
1055 2589 1278 2638 Augustana
1306 2579 1549 2628 Confessione
1577 2590 1634 2627 di-

107 2660 254 2702 cuntur,
280 2654 555 2693 recensebimus
582 2657 618 2692 et
645 2666 709 2704 per
736 2652 806 2690 Dei
832 2652 993 2702 gratiam
1019 2652 1240 2693 refellemus.

150 2797 175 2836 ¹)
200 2796 279 2828 Cod.
301 2796 465 2827 Francos.:
483 2797 606 2835 putent.
733 2793 760 2833 ²)
784 2793 847 2826 Ib.:
861 2794 960 2836 facta
973 2794 1043 2834 jam
1065 2794 1229 2826 doctrinae
1248 2795 1308 2827 hic.

149 2852 175 2893 ³)
200 2852 238 2884 In
261 2851 339 2884 Cod.
363 2851 509 2883 Francof.
533 2861 613 2882 nova
636 2849 720 2881 linea
741 2849 856 2892 incipit
879 2860 897 2881 a
918 2849 1140 2891 sequentibus:
1161 2850 1264 2892 Atque
1285 2850 1335 2882 Ιιίσ
1355 2850 1487 2893 quidem.
