1818 3178
158 132 294 162 XLVIII
789 125 864 154 PRA
870 123 1029 153 EFATIO.

163 262 183 287 ῃ
203 246 288 280 tere
319 235 515 293 digneris,
546 246 677 286 neque
708 229 942 272 huiusmodi
973 228 1087 284 pium
1120 226 1304 269 laborem
1327 226 1443 268 nobis
1465 225 1661 271 invideas.

163 333 183 358 η
206 309 344 362 Quam
378 316 416 350 et
447 322 491 348 ea
526 305 616 360 lege
645 302 695 344 ad
729 318 793 343 me
825 301 1010 356 recipere
1040 304 1213 354 paratus
1242 313 1349 348 sum,
1383 304 1427 339 ut
1456 296 1564 339 nulli
1584 298 1661 340 nisi

163 404 183 428 η
204 381 242 422 id
288 379 464 428 iusseris,
511 373 886 416 communicetur.'’
921 370 951 427 ¹)
1013 369 1158 410 Totius
1201 367 1398 424 epistolae
1443 374 1661 410 contextus

159 450 319 493 abunde
357 464 431 490 nos
476 446 604 495 docet,
644 459 840 498 quorsum
876 442 975 483 haec
1008 446 1215 495 postrema
1246 438 1373 479 verba
1403 446 1591 494 spectent
1621 446 1662 481 et

159 535 335 575 quonam
368 518 405 559 id
437 517 638 571 scriptum
670 513 839 555 consilio
870 511 920 554 ab
950 513 972 553 a
1003 511 1140 552 Lasco
1170 517 1332 565 peteret
1364 510 1660 554 Entfelderius.

158 590 362 633 Videlicet
378 587 534 629 Emdae
557 585 892 628 adversariorum
909 590 1121 638 pertaesus
1143 580 1458 623 cavillationnm
1479 582 1501 624 a
1523 582 1660 628 Lasco

159 661 239 703 alio
284 665 471 715 spectare
503 664 708 713 coeperat,
756 654 931 710 velaque
962 652 1113 694 ibidem
1144 651 1396 707 complicare
1427 661 1466 694 et
1497 654 1663 709 saepius

157 731 315 772 oblatae
360 728 433 770 sibi
479 729 519 770 in
566 727 777 768 Prussiam
819 724 1036 773 vocationi,
1084 723 1114 764 si
1154 724 1396 765 etiamnunc
1446 725 1662 780 promissis

157 806 283 842 staret
312 799 435 840 huius
465 796 628 838 ditionis
660 796 771 847 Dux,
804 793 965 836 tandem
1000 791 1166 834 tandem
1199 791 1490 848 obtemperare
1526 794 1661 836 volve-

157 872 225 914 bat
255 871 404 912 animo.
456 867 689 924 Scripserat
718 867 856 922 itaque
887 880 934 907 ea
966 863 1015 906 de
1045 879 1091 906 re
1122 863 1172 906 ad
1205 863 1525 917 Entfelderium,
1557 873 1664 908 vete-

158 956 245 984 rem
277 940 454 982 amicum
487 953 622 986 suum,
653 944 698 979 ut
728 936 797 978 ille
830 935 1043 977 occasione
1074 934 1214 977 oblata
1236 950 1309 977 sua
1332 935 1444 977 Duci
1465 935 1661 979 Prussiae

158 1011 467 1055 commendaret
512 1008 643 1051 officia
681 1014 721 1049 et
760 1007 890 1048 Ducis
931 1021 1034 1062 erga
1078 1021 1120 1047 se
1162 1006 1350 1048 animum
1387 1007 1566 1063 penitius
1597 1022 1665 1049 ex·

158 1083 353 1141 ploraret.
413 1081 532 1123 Fecit
563 1081 640 1122 hoc
685 1078 967 1121 Entfelderius
1008 1084 1047 1119 et
1087 1078 1319 1134 gratissime
1352 1094 1448 1121 mox
1477 1080 1519 1121 in
1550 1080 1662 1121 hune

157 1155 324 1198 modum
366 1160 506 1196 nostro
537 1151 770 1208 respondit:
816 1172 837 1198 η
857 1150 921 1192 De
951 1150 1140 1206 principe
1170 1157 1312 1192 nostro
1344 1150 1663 1194 clementissimo

161 1248 182 1273 u
203 1225 242 1267 id
283 1224 353 1266 tibi
384 1222 631 1280 persuadeas
662 1221 799 1271 velim,
840 1219 949 1276 quod
980 1220 1030 1262 de
1060 1222 1121 1263 tui
1152 1220 1450 1264 studiosissimo
1482 1229 1522 1264 et
1551 1222 1663 1266 fideli

161 1319 181 1345 ῃ
202 1304 388 1353 patrono,
430 1296 502 1352 qui
533 1309 760 1350 numquam
792 1309 874 1335 non
908 1292 1181 1335 honorificem
1213 1294 1273 1335 tui
1305 1294 1557 1337 mentionem
1589 1295 1663 1337 eti·-

166 1392 186 1417 ῃ
206 1384 271 1411 am
313 1367 420 1424 apud
464 1374 556 1408 tuos
587 1367 712 1408 faciat
750 1372 789 1407 et
827 1364 925 1421 quid
957 1372 1173 1422 praeterea
1212 1366 1339 1422 possit
1368 1365 1517 1409 lubens
1549 1382 1666 1423 prae-

163 1439 321 1489 ustet.'’
355 1439 386 1496 ²)
450 1437 611 1491 Quibus
656 1452 782 1492 quum
830 1437 965 1479 statim
1012 1436 1251 1493 subiungat‚
1283 1453 1388 1492 quae
1418 1453 1546 1494 supra
1578 1439 1666 1481 eius

163 1511 284 1554 verba
326 1510 552 1561 citavimus,
598 1509 736 1565 palam
769 1516 827 1550 est
857 1516 980 1564 atque
1011 1510 1052 1551 in
1085 1516 1300 1566 promptu,
1332 1526 1430 1552 eum
1461 1511 1539 1553 hoc
1569 1526 1665 1554 con-

159 1584 249 1626 silio
279 1583 402 1625 Lasci
431 1581 680 1638 opusculum
711 1580 785 1623 sibi
815 1581 1074 1637 expetivisse,
1108 1588 1154 1623 ut
1184 1582 1271 1624 eius
1297 1581 1509 1626 doctrinae
1531 1598 1664 1641 genus

162 1656 393 1697 accuratius
424 1654 498 1696 sibi
528 1653 696 1696 haberet
728 1662 1004 1709 perspectum,
1039 1653 1164 1697 simul
1195 1661 1333 1696 tamen
1366 1654 1590 1711 pollicitus,
1622 1671 1666 1698 se

162 1726 313 1781 absque
333 1725 458 1781 ipsius
479 1724 602 1767 Lasci
629 1725 848 1766 autoritate
879 1724 1074 1767 Prussiae
1106 1726 1217 1767 Duci
1243 1725 1434 1768 libellum
1464 1742 1547 1769 non
1579 1742 1666 1769 esse

162 1795 453 1837 exhibiturum.
484 1794 544 1837 Ut
573 1794 618 1836 fit
645 1802 780 1836 tamen
813 1795 853 1836 in
888 1810 932 1836 re
964 1795 1073 1837 fama
1093 1796 1379 1838 tantummodo
1395 1796 1568 1853 perlata,
1602 1811 1664 1839 ar-

161 1874 406 1923 gumentum
437 1865 531 1907 libri
563 1866 669 1907 male
700 1865 941 1908 definiverat
972 1866 1273 1916 Entfelderius,
1306 1868 1666 1911 caeremoniarum

163 1937 366 1994 syllabum
399 1952 490 1978 eum
524 1937 832 1980 concinnavisse
863 1939 1066 1994 opinatus.
1109 1937 1256 1990 Quare
1287 1939 1448 1982 Lascus
1475 1939 1666 1983 libellum

164 2024 285 2051 suum
329 2009 492 2051 mittens
522 2008 650 2050 obiter
681 2008 792 2051 hunc
822 2009 1067 2051 Entfelderii
1097 2025 1283 2053 errorem
1313 2011 1573 2069 perstringit,
1606 2012 1669 2055 his

163 2095 256 2121 eum
287 2080 327 2121 in
359 2079 530 2136 epistola
561 2095 633 2122 sua
663 2079 880 2136 alloquens
910 2080 1066 2123 verbis:
1102 2103 1123 2129 u
1138 2082 1226 2124 Nos
1246 2082 1311 2124 hie
1333 2083 1667 2126 ceremoniarum

167 2172 187 2198 ῃ
206 2157 473 2193 externarum
503 2149 639 2193 nullas
669 2159 802 2194 certas
832 2151 946 2208 leges
972 2152 1304 2208 praescribimus,
1339 2153 1409 2196 sed
1430 2154 1663 2197 libertatem

168 2244 187 2268 η
211 2221 486 2276 permittimus
525 2220 704 2263 eeclesiis
748 2221 839 2264 illas
886 2223 1084 2276 variandi,
1117 2231 1164 2266 ut
1196 2231 1354 2267 constet
1384 2224 1564 2268 libertati
1594 2241 1667 2268 sua

167 2314 188 2339 ῃ
207 2293 326 2343 ratio,
368 2293 422 2334 ita
453 2299 588 2334 tamen
635 2299 683 2334 ut
719 2293 936 2336 harmonia
967 2295 1172 2349 quaedam
1202 2295 1372 2339 illarum
1410 2298 1523 2340 varia
1554 2313 1670 2347 sane,

169 2363 279 2410 used
324 2364 490 2405 minime
535 2364 694 2407 dissona
739 2366 902 2408 interim
934 2368 1175 2412 retineatur.
1235 2368 1287 2411 In
1329 2368 1541 2412 doctrinae
1573 2385 1672 2413 con·

168 2457 189 2483 's
209 2449 330 2476 sensu
375 2435 587 2477 retinendo
618 2436 750 2493 magis
780 2436 942 2480 solliciti
974 2453 1130 2491 sumus,
1163 2439 1215 2482 ad
1245 2455 1369 2496 quem
1403 2448 1443 2483 et
1473 2443 1667 2485 sectarios

169 2528 190 2554 η
211 2514 408 2561 quantum
449 2507 490 2548 in
536 2507 651 2549 nobis
698 2514 756 2550 est
798 2508 995 2551 reducere
1033 2510 1163 2553 modis
1212 2511 1403 2555 omnibus
1449 2527 1666 2558 conamur.

169 2601 189 2626 η
212 2578 352 2620 Huius
392 2579 579 2631 epitomen
617 2578 687 2620 tibi
727 2580 1073 2634 quemadmodum
1114 2582 1265 2638 petiisti
1307 2583 1439 2636 mitto,
1479 2584 1549 2627 sed
1589 2585 1669 2628 hac

170 2672 190 2697 ῃ
211 2649 317 2706 lege,
363 2656 408 2691 ut
436 2649 546 2706 apud
574 2656 614 2692 te
645 2657 832 2703 maneat3
866 2667 999 2707 neque
1030 2654 1139 2696 enim
1173 2655 1213 2697 in
1244 2654 1322 2698 hoc
1351 2656 1503 2713 scripta
1534 2663 1593 2700 est
1622 2664 1670 2700 ut

209 2837 233 2875 ¹)
257 2836 305 2868 Cf.
329 2837 506 2874 Gannmm,
533 2836 689 2877 Epistolae
715 2837 796 2869 Clar.
820 2837 877 2871 vir.
901 2839 991 2871 1663.
1014 2851 1045 2881 p.
1068 2840 1117 2874 53.

207 2892 234 2932 ²)
257 2890 302 2924 lb.
325 2902 355 2933 p.
379 2891 427 2924 52.
