1818 3178
556 95 897 126 RESPONSIMDV.
927 97 1095 125 nosmM.
1520 88 1593 125 413

67 204 124 239 cet
153 200 375 243 coenonian,
402 211 514 250 quam
542 199 883 251 participationem.
937 199 1044 238 Quin
1071 202 1158 248 (53)
1184 203 1221 238 et
1248 199 1320 237 hoc
1348 198 1461 245 addo,
1487 199 1594 238 Pauli

65 265 260 316 ipsiusmet
295 263 409 302 verba
446 267 482 301 et
509 263 874 313 argumentationem
902 276 978 302 non
1006 264 1219 315 permittere
1246 268 1288 302 ut
1315 263 1524 302 coenonian
1551 277 1594 302 eo

66 330 217 381 quidem
253 330 350 373 loco,
393 328 471 366 sive
507 341 576 379 pro
613 328 891 375 distributione,
926 334 966 367 ut
1003 329 1153 380 quidam
1193 330 1336 374 volunt,
1371 329 1448 367 sive
1482 329 1594 367 etiam

65 408 132 445 pro
168 393 454 445 participatione
491 394 730 444 accipiamus,
767 393 830 431 sed
867 407 935 446 pro
972 394 1149 432 societate
1185 394 1353 446 adeoque
1388 398 1424 432 et
1450 394 1597 433 unitate

66 458 228 509 quadam
262 462 392 495 nostra
430 470 514 495 cum
551 458 702 496 Christo
737 458 902 496 Domino
937 459 976 496 in
1014 471 1168 510 corpore
1195 463 1230 497 et
1258 459 1441 507 sanguine
1466 459 1597 511 ipsius,

66 535 178 573 quam
212 535 234 559 a
274 521 544 572 chrysostomo
582 523 824 573 synapheian,
851 523 899 560 ab
926 522 1010 560 aliis
1038 535 1126 560 vero
1153 522 1365 561 metousian
1392 527 1428 562 et
1456 536 1596 574 synou·

65 587 147 624 sian
175 587 303 624 vocari
329 586 496 624 videmus
524 587 629 625 iuxta
658 587 790 634 illud‚''
818 587 930 625 Unus
949 588 1070 638 panis,
1089 601 1205 626 unum
1227 600 1361 639 corpus
1377 601 1505 626 sumus
1523 593 1595 628 etc.

66 651 154 689 Quo
191 655 301 702 pacto
338 652 456 701 igitur
491 665 560 701 ego
599 653 736 690 sociale
762 653 820 690 ius
848 656 1020 690 nostrum
1048 653 1142 690 illud
1168 653 1363 704 ipsamque
1389 654 1482 691 adeo
1509 654 1596 692 uni-

64 720 178 754 tatem
206 720 374 754 nostram
411 729 493 754 cum
532 717 682 754 Christo
718 717 758 754 in
787 730 941 768 corpore
967 722 1003 755 et
1031 718 1214 767 sanguine
1240 718 1358 769 ipsius
1386 718 1594 757 Ecclesiam

65 793 246 827 vocarem,
290 780 437 818 etiamsi
480 781 528 818 ad
573 781 676 818 illam
714 780 771 818 ius
809 781 880 818 hoc
917 781 1055 819 sociale
1091 782 1285 833 ipsamque
1322 795 1405 820 cum
1443 782 1593 822 Christo

64 845 243 883 unitatem
280 845 429 896 proprie
464 845 651 896 pertinere
687 845 777 891 scio,
815 845 887 883 nisi
925 846 955 883 si
983 846 1078 884 nihil
1107 846 1154 884 sit
1182 846 1336 885 omnino
1367 847 1594 886 discriminis

64 909 162 947 inter
197 909 249 955 id,
277 910 377 960 quod
407 923 475 947 nos
503 910 576 961 ipsi
604 923 745 955 sumus,
777 914 813 948 et
841 910 940 961 quod
969 911 1014 948 ad
1044 924 1112 949 nos
1141 909 1298 949 dicimus
1327 913 1595 963 quoquomodo

64 974 276 1025 pertinere?
322 974 395 1011 Sed
423 978 458 1012 et
487 974 547 1011 hic
577 974 724 1013 intendi
750 975 861 1013 nobis
889 975 936 1013 ab
966 976 1105 1013 Albero
1135 976 1359 1015 calumniam
1388 978 1597 1028 oportebat,

63 1042 103 1076 ut
131 1044 166 1076 et
193 1039 233 1077 in
268 1039 351 1090 ipso
380 1038 638 1077 Articulorum
666 1040 823 1077 istorum
853 1041 965 1078 initio
993 1045 1029 1078 et
1056 1054 1203 1078 rursum
1230 1041 1271 1079 in
1298 1043 1372 1079 fine
1399 1042 1510 1080 etiam
1539 1043 1596 1081 sui

65 1116 103 1141 se
139 1105 225 1152 (54)
259 1107 437 1154 perpetuo
485 1103 644 1141 similem
689 1117 769 1142 esse
806 1104 981 1150 declaret,
1017 1118 1243 1156 quamquam
1281 1106 1449 1155 nondum
1487 1107 1594 1145 video

64 1166 154 1217 quid
191 1167 231 1204 in
264 1180 324 1204 me
360 1167 421 1204 hic
450 1167 506 1204 vel
535 1167 582 1204 ab
612 1167 754 1205 Albero
783 1168 841 1205 vel
869 1168 915 1205 ab
944 1168 1068 1205 Hosio
1097 1168 1319 1219 reprehendi
1347 1169 1480 1208 merito
1508 1183 1596 1220 pos-

64 1235 131 1274 set,
165 1230 311 1268 etiamsi
339 1231 664 1281 participationem
691 1244 759 1282 pro
789 1231 957 1269 Ecclesia
986 1232 1104 1283 accipi
1135 1232 1350 1279 voluissem,
1388 1246 1470 1271 cum
1499 1233 1597 1271 hanc

63 1295 409 1347 interpretationem
448 1296 543 1347 apud
582 1297 822 1348 Cyprianum,
858 1299 1039 1335 Sanctum
1077 1298 1145 1335 Dei
1182 1298 1401 1349 Martyrem,
1427 1312 1470 1336 ac
1498 1313 1596 1337 non-

64 1361 189 1399 nullos
216 1365 406 1412 praeterea
433 1360 602 1407 Veteres,
628 1365 663 1399 et
691 1375 792 1400 nunc
819 1375 968 1400 rursum
997 1363 1095 1413 apud
1124 1362 1292 1412 insignes
1321 1364 1459 1414 pietate
1485 1368 1597 1415 atque

61 1425 274 1463 eruditione
300 1425 499 1477 plerosque
527 1426 719 1464 Ecclesiae
748 1426 888 1464 Christi
917 1427 1090 1465 doctores
1119 1432 1256 1474 extare,
1282 1441 1402 1479 neque
1429 1441 1595 1479 unquam

63 1489 325 1541 reprehensam
356 1490 489 1528 merito
519 1504 597 1528 esse
628 1495 784 1530 constet.

117 1687 294 1725 HABES
322 1699 406 1725 ecce
431 1687 519 1731 iam,
547 1687 712 1725 Illustris
733 1699 776 1724 ac
797 1686 1000 1736 Magnifice
1019 1685 1199 1724 Domine!
1227 1690 1264 1724 et
1283 1686 1474 1725 Articulos
1493 1688 1596 1739 ipsos

63 1752 110 1789 ab
139 1752 262 1789 Hosio
290 1751 364 1789 huc
390 1752 430 1789 in
458 1751 626 1789 fraudem
655 1752 729 1789 mei
756 1751 921 1788 nominis
948 1751 1205 1796 transmissos,
1232 1753 1268 1788 et
1295 1764 1415 1789 meam
1443 1752 1491 1790 ad
1508 1753 1595 1791 illos

63 1816 358 1868 responsionem,
403 1817 552 1867 qualem
589 1816 731 1867 alioqui
763 1815 857 1853 mihi
892 1829 1007 1862 nunc,
1041 1816 1260 1854 melioribus
1287 1817 1504 1867 praesertim
1533 1831 1597 1855 oc-

65 1884 214 1931 cupato,
251 1885 287 1918 et
320 1881 498 1931 temporis
526 1880 654 1931 inopia
681 1884 718 1918 et
744 1881 824 1933 ipsa
851 1880 963 1919 etiam
993 1880 1166 1918 valetudo
1193 1881 1374 1931 permisit.
1429 1882 1478 1919 Et
1504 1886 1595 1932 puto

63 1945 168 1983 illam
204 1946 368 1982 sufficere
413 1945 461 1982 ad
498 1945 799 1995 cognoscendam
837 1948 873 1982 et
910 1945 1041 1982 Alberi
1079 1945 1401 1984 calumniatricem
1441 1946 1595 1984 maledi-

66 2010 226 2048 centiam
262 2014 296 2047 et
330 2009 567 2048 Pharisaicae
602 2010 716 2047 Hosii
752 2010 915 2048 malitiae
952 2010 1092 2055 odium,
1129 2011 1194 2061 qui
1221 2011 1363 2049 talibus
1398 2011 1596 2050 calumniis

65 2080 221 2113 conatus
258 2074 307 2113 sit
343 2087 480 2112 nomen
516 2073 578 2112 hic
615 2087 736 2112 meum
775 2074 981 2124 denigrare.
1010 2075 1096 2123 (55)
1150 2074 1329 2112 Adiectae
1357 2080 1445 2114 sunt
1472 2081 1595 2114 autem

65 2141 167 2179 hisce
193 2144 383 2192 praeterea
412 2140 593 2178 Articulis
623 2140 820 2178 duodecim
849 2140 1029 2190 quaedam
1052 2139 1248 2190 opiniones
1268 2162 1319 2170 —
1338 2140 1390 2178 ita
1410 2141 1509 2178 enim
1527 2155 1593 2179 vo-

65 2209 198 2250 cantur
223 2225 275 2232 -—-
303 2205 347 2242 de
376 2204 634 2241 Eucharistiae
653 2205 895 2241 Sacramento
913 2208 948 2242 et
967 2205 1169 2241 nonnullae
1187 2204 1276 2242 item
1297 2205 1391 2243 aliae
1413 2205 1457 2243 de
1476 2205 1593 2243 Verbi

64 2269 272 2307 ministerio
310 2274 345 2306 et
381 2268 590 2320 Baptismo‚
634 2269 699 2306 sed
734 2268 912 2318 indignae
947 2281 1115 2319 prorsus,
1142 2269 1278 2320 quibus
1306 2283 1326 2307 a
1354 2282 1412 2307 me
1439 2283 1594 2321 respon-

65 2335 210 2381 deatur,
246 2334 383 2372 nedum
413 2338 453 2371 ut
482 2333 687 2371 destinatas
715 2333 826 2371 rebus
854 2333 1073 2371 melioribus
1101 2333 1221 2372 bonas
1249 2333 1361 2371 horas
1390 2334 1485 2372 male
1511 2348 1595 2386 per-

65 2401 152 2437 dere
179 2399 302 2437 velim.
357 2399 524 2436 Primum
551 2399 651 2435 enim
680 2411 774 2449 quae
801 2412 821 2435 a
849 2411 908 2435 me
937 2398 981 2435 de
1011 2398 1208 2435 verborum
1237 2400 1385 2436 Coenae
1413 2399 1594 2451 interpre-

65 2465 208 2502 tatione
243 2477 308 2514 per
344 2463 501 2500 aliarum
539 2462 873 2500 sacramentalium
911 2462 1177 2513 loquutionum
1217 2463 1456 2501 collationem
1497 2464 1594 2503 dicta

66 2534 165 2576 sunt,
199 2543 241 2567 ea
278 2529 356 2566 illic
394 2529 519 2566 onmia
560 2527 607 2565 ad
636 2527 756 2579 ipsum
785 2528 932 2565 Coenae
962 2528 1245 2565 Sacramentum
1273 2529 1502 2568 calumniose
1531 2530 1594 2568 de·

65 2599 301 2646 torquentur.
356 2594 502 2632 Deinde
537 2593 665 2630 addita
703 2598 792 2630 sunt
829 2593 960 2638 multa,
988 2606 1081 2643 quae
1108 2606 1227 2644 neque
1254 2607 1299 2631 ex
1326 2607 1385 2632 me
1414 2601 1501 2633 sunt
1524 2609 1595 2633 un-

67 2673 178 2710 quam
207 2660 346 2706 audita,
375 2672 493 2709 neque
520 2659 559 2696 in
589 2658 737 2709 scriptis
765 2658 856 2696 meis
887 2671 1040 2708 usquam
1060 2658 1258 2697 habentur.
1288 2659 1484 2697 Postremo
1501 2674 1596 2710 quac

69 2737 138 2773 ego
166 2724 210 2762 de
239 2725 323 2762 aliis
353 2723 617 2769 Sacramentis,
645 2736 720 2767 non
751 2722 898 2774 quidem
929 2722 1061 2760 iisdem
1091 2736 1234 2774 semper
1263 2724 1398 2768 verbis,
1428 2724 1490 2761 sed
1518 2737 1594 2761 uno

67 2789 312 2827 nihilominus
348 2794 460 2840 atque
495 2789 625 2826 eodem
663 2801 774 2826 sensu
802 2788 901 2825 dicta
929 2787 969 2825 in
998 2787 1201 2839 Scripturis
1230 2802 1308 2826 esse
1336 2788 1507 2835 ostendo,
1530 2802 1595 2839 per

67 2854 251 2893 donorum
295 2855 456 2906 Spiritus
501 2855 629 2892 Sancti
673 2853 915 2906 opulentiam,
958 2867 1000 2893 ea
1044 2853 1097 2893 ita
1143 2854 1407 2906 depravantur,
1441 2858 1484 2893 ut
1520 2868 1593 2895 una
