1818 3178
554 105 771 133 REsPoNsm
799 104 893 133 ADV.
923 104 1090 132 HosmM.
1514 93 1586 130 415

735 207 922 245 Tertia.

108 337 223 377 Quod
269 336 413 375 Hosius
461 337 541 388 ipse
576 350 658 374 cum
697 337 786 380 suis,
824 335 1007 386 imprimis
1039 338 1163 373 autem
1201 347 1283 372 cum
1321 345 1388 371 suo
1425 336 1590 370 creatore

56 404 169 454 Papa,
211 403 288 440 sint
326 416 366 439 ea
396 402 475 452 ipsa
504 401 686 445 Ecclesia.
721 401 826 439 cuius
864 414 995 438 sensus
1031 413 1075 437 ac
1103 412 1307 437 consensus
1334 398 1382 436 sit
1409 410 1492 435 vere
1519 410 1588 447 op-

60 479 225 518 pressum
254 487 304 495 —
331 479 546 517 expressum
574 467 697 504 dicere
725 465 904 503 debebam
933 486 984 494 —
1010 464 1164 502 verbum
1194 463 1274 502 Dei.

727 594 926 632 Quarta.

110 723 225 761 Quod
263 722 340 760 veri
378 723 569 760 Ecclesiae
603 722 786 760 Doctores
823 720 1049 758 invehantur
1085 721 1123 757 in
1151 724 1301 770 peccata
1329 719 1471 770 populi,
1502 719 1590 756 Pro-

57 787 254 838 phetarum
300 792 335 824 et
385 787 652 837 Apostolorum
689 786 871 836 exemplo,
907 790 941 822 et
978 784 1225 832 ad-(59)dant
1261 783 1419 820 Divinae
1456 782 1493 819 in
1532 782 1595 819 illa

60 852 267 889 severitatis
297 852 619 890 comminationes.
658 851 704 888 Id
733 863 829 888 vero
847 863 868 887 a
897 850 973 887 suis
1004 849 1093 894 fieri,
1120 863 1139 886 a
1170 849 1307 886 nostris
1337 861 1423 885 vero
1452 847 1595 896 negligi

59 918 230 959 affirmat,
274 930 318 954 ac
350 917 509 967 proinde
542 915 641 967 apud
682 919 832 967 nostros
869 917 929 962 (ut
966 915 1081 952 falsos
1118 913 1301 951 Doctores
1329 913 1489 960 scilicet)
1518 925 1594 950 non

65 981 195 1020 haberi
224 994 350 1019 verum
379 987 415 1019 et
441 994 656 1032 expressum
686 980 756 1018 Dei
784 980 951 1018 verbum.

728 1108 928 1146 Quinta.

119 1241 236 1280 Quod
271 1240 393 1278 omnis
431 1241 534 1278 verbi
573 1239 705 1277 Divini
741 1238 913 1276 doctrina
947 1237 987 1274 in
1016 1248 1093 1273 uno
1122 1235 1193 1273 hoc
1221 1234 1458 1286 potissimum
1487 1234 1600 1272 verbo

65 1307 246 1344 consistat
286 1306 469 1355 ndilige''‚
503 1319 524 1343 a
561 1318 636 1355 quo
673 1317 756 1342 cum
786 1317 856 1342 nos
883 1303 965 1354 ipso
993 1301 1117 1339 iudice
1144 1314 1256 1352 quam
1284 1300 1504 1350 longissime
1531 1300 1598 1338 ab·

64 1370 195 1414 simus,
229 1373 308 1408 tam
333 1370 446 1419 longe
473 1382 542 1407 nos
570 1368 683 1407 etiam
709 1382 731 1406 a
759 1381 845 1405 vero
875 1370 986 1418 atque
1013 1378 1189 1417 expresso
1218 1364 1288 1403 Dei
1317 1364 1430 1402 verbo
1458 1363 1600 1409 abesse,

62 1434 209 1472 etiamsi
244 1433 458 1485 Scripturas
495 1434 711 1478 habeamus,
747 1446 859 1484 quam
896 1433 1008 1481 longe
1044 1432 1222 1469 absumus
1260 1429 1400 1467 nostris
1436 1429 1597 1467 invicem

64 1497 232 1536 dissidiis
260 1511 281 1535 a
308 1502 436 1535 mutua
464 1497 623 1536 invicem
653 1496 866 1535 dilectione.

761 1626 918 1663 Sexta.

120 1752 235 1791 Quod
273 1765 354 1790 cum
391 1753 514 1790 nostri
549 1758 586 1790 et
621 1753 668 1790 ab
698 1752 867 1790 Ecclesia
895 1752 1055 1804 separati
1083 1753 1159 1790 sint
1187 1752 1329 1790 scilicet
1356 1757 1392 1790 et
1419 1752 1516 1791 inter
1544 1766 1600 1790 se-

69 1817 142 1867 ipsi
180 1816 384 1862 discordes,
420 1816 581 1868 quisque
622 1817 771 1854 illorum
803 1817 1053 1855 nihilominus
1082 1830 1186 1854 suam
1214 1816 1422 1854 doctrinam
1453 1830 1601 1867 expres-

71 1893 152 1917 sum
190 1880 261 1918 Dei
290 1881 441 1918 verbum
474 1880 688 1927 contendat,
715 1886 825 1932 atque
851 1881 905 1919 ita
934 1881 1084 1919 demum
1113 1895 1151 1919 se
1178 1882 1218 1919 in
1246 1881 1416 1918 doctrina
1444 1881 1602 1932 quisque

74 1958 153 1991 sua,
181 1945 285 1983 velut
312 1945 457 1983 idolum
484 1946 688 1996 quoddam,
715 1946 996 1997 quodammodo
1025 1946 1177 1983 adorari
1203 1946 1306 1989 velit,
1331 1967 1380 1975 —
1406 1946 1488 1983 fieri
1515 1959 1604 1983 sane

75 2022 148 2048 non
179 2009 310 2060 possit,
337 2014 381 2047 ut
408 2010 482 2046 ulla
512 2009 667 2049 omnino
695 2010 900 2058 in-(60)ter
929 2023 1017 2048 suos
1043 2015 1081 2048 et
1110 2014 1260 2048 nostros
1289 2010 1503 2047 conciliatio
1524 2011 1605 2048 sine

72 2073 295 2122 gravissima.
322 2073 560 2112 idololatriae
589 2075 696 2125 culpa
723 2075 812 2112 iniri
839 2078 964 2125 queat.

726 2202 752 2238 S
764 2214 783 2239 e
792 2215 815 2253 p
826 2206 842 2240 t
851 2202 865 2238 i
874 2215 911 2239 m
922 2215 956 2240 a.

130 2329 245 2368 Quod
274 2334 401 2366 nostra
432 2328 617 2373 doctrina,
645 2341 755 2379 quam
783 2328 895 2366 etiam
922 2343 967 2367 ex
998 2329 1200 2380 Scripturis
1228 2330 1318 2381 ipsis
1343 2330 1515 2381 petimus,
1532 2344 1607 2376 non

76 2394 149 2432 alio
187 2394 271 2431 loco
309 2394 358 2431 sit
396 2393 580 2438 habenda,
616 2407 725 2444 quam
765 2407 838 2444 quo
873 2394 957 2431 loco
995 2396 1154 2433 Satanae
1184 2395 1373 2434 Christum
1402 2396 1606 2435 Dominum

1462 2445 1485 2460 ·

77 2459 259 2497 tentantis
287 2457 398 2496 verba
426 2457 491 2494 illa
520 2458 705 2496 habentur
735 2458 878 2497 nMitte
904 2464 941 2497 te
969 2459 1180 2498 deorsum.”

132 2588 238 2626 Haec
273 2592 362 2625 sunt
396 2587 608 2638 praecipua,
642 2587 680 2625 in
719 2587 855 2638 quibus
883 2601 994 2626 omne
1020 2588 1136 2626 totius
1164 2589 1283 2627 libelli
1310 2590 1456 2641 pondus
1485 2592 1610 2629 consi—

81 2660 175 2693 stere
221 2654 381 2699 videtur,
417 2654 554 2704 quibus
592 2653 766 2699 sublatis,
799 2654 944 2704 reliqua
982 2667 1045 2705 per
1081 2668 1119 2693 se
1156 2656 1281 2694 omnia
1318 2662 1447 2707 suapte
1480 2661 1612 2708 sponte

84 2719 332 2762 collabentur,
369 2718 535 2769 adeoque
571 2723 606 2755 et
641 2718 681 2755 in
710 2723 821 2768 caput
848 2718 966 2768 ipsius
994 2719 1160 2757 recident
1189 2720 1326 2765 omnia,
1352 2734 1447 2771 quae
1473 2722 1514 2758 in
1542 2734 1611 2758 nos

83 2796 128 2820 ex
174 2782 378 2833 Scripturis
425 2781 658 2833 impudenter
705 2786 942 2833 contorquet.
997 2783 1222 2834 Quanquam
1269 2789 1392 2822 autem
1438 2799 1534 2835 quae
1569 2785 1613 2823 de

84 2847 288 2898 Scripturis
326 2850 361 2884 et
401 2846 590 2884 Ecclesiae
626 2846 826 2884 autoritate
863 2859 1047 2898 sensuque
1075 2852 1111 2886 et
1140 2858 1322 2886 consensu
1351 2848 1452 2886 illius
1480 2849 1615 2895 adfert,
