1818 3178
731 132 808 161 PRA
814 131 973 162 EFA'HO.
1535 132 1616 163 XIII

87 248 220 300 potes,
253 241 411 284 frustra
439 253 542 282 vero
572 237 758 282 refutare
789 238 1018 282 conaberis.
1075 237 1182 292 Quis
1211 238 1322 281 enim
1354 237 1433 281 hoc
1464 253 1620 296 quaeso

89 329 172 356 non
218 313 383 369 saepius
429 318 627 368 expertus
675 319 747 363 est,
795 310 1122 368 praeiudicatam
1156 311 1394 367 opinionem
1426 310 1546 353 furca
1578 311 1623 352 li-

89 392 154 428 cet
185 383 410 441 expuleris,
443 389 582 425 tamen
613 397 748 439 usque
781 397 1016 426 recurrere.
1050 380 1137 435 Qui
1168 382 1224 425 ita
1254 381 1453 434 iudicent,
1484 382 1525 425 hi
1547 382 1624 440 igi·

88 464 162 499 tur
207 454 457 498 hebetudine
489 469 564 497 sua
596 454 811 511 gaudeant
859 461 900 496 et
944 469 1044 510 pace
1076 469 1171 496 mea
1200 461 1391 512 pergant
1417 470 1622 511 magnum

91 529 232 571 virum
261 541 476 584 spernere.
508 525 620 569 Sunt
650 533 789 568 tamen
825 532 864 567 et
895 523 966 567 alii
988 524 1239 581 quibuscum
1263 526 1368 568 serie
1391 526 1623 582 disceptan-

91 601 192 645 dum
225 599 326 642 mihi
357 599 448 650 erit,
483 606 524 640 et
554 613 737 655 quorum
768 596 970 639 iudicium
1000 596 1175 653 plurimi
1206 597 1313 640 facio
1343 599 1445 655 ipse.
1487 597 1625 642 Suum

92 671 232 715 Lasco
270 665 474 713 honorem
505 669 568 712 illi
599 684 831 725 numquam
865 667 1169 711 detrectabunt.
1230 668 1461 726 Ingeniosa
1497 670 1625 713 animi

96 743 265 786 solertia
312 750 353 785 et
391 741 550 793 subtili,
599 756 684 797 quo
714 739 945 797 splendent,
979 740 1173 782 acumine
1205 740 1347 783 iudicii
1377 741 1626 798 prudentius

92 816 134 858 in
176 814 323 858 mundi
365 813 557 857 theathro
596 811 799 868 dispicere
829 809 1081 863 didicerunt,
1113 825 1239 867 quam
1271 818 1320 854 ut
1349 826 1538 868 unquam
1571 812 1628 854 vi-

95 888 205 931 libus
235 886 523 945 apploderent,
547 891 619 927 aut
638 883 759 941 gravi
781 882 903 925 vultu
924 890 1254 940 aspernarentur
1277 884 1476 941 quicquid
1510 899 1629 942 prae-

98 959 261 1003 clarum
305 965 346 1002 et
389 958 609 1000 honestum
640 955 773 998 oculis
804 955 1080 1012 spectandum
1116 955 1379 1013 praebeatur.
1441 956 1627 1000 Lascum

95 1031 219 1074 etiam
251 1030 324 1074 diu
354 1031 435 1072 iam
468 1034 734 1085 aspexerunt,
766 1043 904 1085 neque
934 1029 1102 1071 infimae
1133 1036 1257 1071 notae
1288 1029 1499 1072 hominem
1530 1044 1627 1072 eum

100 1102 224 1145 fuisse
253 1102 349 1144 satis
378 1099 454 1142 sibi
484 1099 639 1142 habent
670 1107 955 1157 conspectum.
988 1099 1135 1153 Quare
1167 1099 1343 1144 laudant
1372 1116 1469 1144 eum
1503 1109 1628 1158 atque

98 1173 281 1232 diligunt
326 1179 366 1215 et
397 1187 519 1214 suum
553 1171 595 1214 in
627 1187 846 1215 sacrorum
876 1172 1179 1216 instauratione
1211 1172 1374 1230 pondus
1404 1174 1521 1216 ultro
1552 1173 1630 1230 ipsi

98 1244 305 1296 deferunt,
338 1251 378 1287 et
408 1249 646 1296 tuerentur,
680 1244 713 1286 si
745 1244 836 1301 quis
869 1243 1054 1301 maligne
1076 1244 1164 1287 eius
1185 1245 1433 1288 memoriam
1454 1260 1631 1303 carpere

95 1316 170 1358 sibi
200 1321 396 1359 sumeret.
434 1314 524 1359 Gur
557 1315 621 1357 vel
653 1315 711 1357 sic
743 1323 880 1358 tamen
903 1315 1140 1358 institutum
1168 1322 1360 1359 nostrum
1375 1316 1629 1374 improbent,

98 1387 254 1444 rogas?
286 1387 448 1430 Dicunt
474 1402 530 1431 sc.
558 1386 686 1429 Lasci
711 1387 956 1430 memoriam
975 1387 1057 1430 iam
1075 1394 1252 1440 exstare,
1276 1394 1318 1430 et
1340 1388 1452 1446 apud
1469 1404 1627 1441 omnes,

97 1461 170 1516 qui
201 1459 338 1502 studio
370 1459 563 1502 historiae
595 1458 900 1502 ecclesiasticae
932 1459 1213 1513 oblectantur,
1241 1460 1345 1503 bene
1361 1463 1457 1504 satis
1474 1476 1628 1504 nomen

96 1532 226 1589 ipsius
258 1531 428 1575 audire!
461 1531 615 1589 Longe
646 1531 727 1575 alia
756 1539 900 1575 nostro
921 1539 1111 1590 tempore
1133 1533 1420 1591 investiganda
1438 1549 1632 1591 perscru-

99 1603 226 1648 tanda
255 1604 385 1661 inque
414 1603 554 1647 lucem
587 1604 870 1661 protrahenda
902 1621 1003 1657 esse,
1028 1620 1135 1663 quae
1171 1606 1279 1648 mira
1310 1606 1528 1663 hucusque
1560 1622 1632 1649 ne-

99 1676 307 1735 gligentia
337 1677 550 1734 consopita
580 1676 730 1720 iacent.
763 1677 864 1720 Esse
896 1677 1064 1734 quidem
1101 1678 1309 1735 principes
1326 1679 1527 1736 quosdam
1546 1694 1634 1722 om-

100 1751 305 1806 niumque
335 1749 467 1792 veluti
497 1749 628 1793 oculis
658 1751 866 1807 expositos
898 1758 938 1793 et
970 1766 1067 1793 vere
1088 1751 1273 1794 illustres
1290 1754 1413 1804 viros,
1448 1766 1631 1810 quorum

100 1822 207 1865 vitae
248 1822 448 1864 decursus
488 1822 613 1864 totius
656 1837 741 1878 quo
772 1822 968 1865 vixerunt
999 1825 1198 1880 temporis
1229 1824 1456 1881 imaginem
1490 1824 1631 1867 refert.

102 1895 270 1938 Horum
288 1895 396 1937 vitae
409 1895 727 1951 descriptionem
743 1894 839 1951 plus
856 1896 984 1937 semel
1003 1895 1284 1940 reficiendiam
1297 1896 1634 1940 instaurandam-

101 1981 184 2023 que
229 1981 329 2016 esse,
361 1967 401 2008 et
432 1966 630 2022 quoniam
664 1966 705 2008 in
739 1966 786 2008 iis
817 1966 1149 2024 contemplandis
1181 1984 1256 2011 suo
1287 1984 1478 2026 quaeque
1508 1969 1634 2014 modo

103 2036 261 2093 gaudet
292 2042 416 2087 aetas,
449 2037 490 2078 et
521 2036 620 2092 quia
651 2036 749 2079 hinc
780 2036 945 2079 lividiae
978 2037 1110 2080 livore
1140 2038 1339 2091 suffundi,
1373 2039 1493 2083 illinc
1509 2056 1633 2085 caeca

103 2107 378 2151 admiratione
400 2107 596 2151 deaurari
612 2108 716 2151 solet
737 2124 883 2152 eorum
902 2111 1119 2154 memoria.
1148 2110 1268 2154 Inter
1283 2111 1517 2156 istiusmodi
1532 2129 1633 2156 vero

103 2179 347 2236 praeclaros
368 2179 491 2236 plane
510 2187 549 2222 et
576 2181 896 2237 spectatissimos
917 2183 1026 2225 viros
1042 2181 1230 2226 Lascum
1251 2199 1272 2226 a
1296 2185 1463 2227 nemine
1485 2201 1628 2229 recen-

104 2252 186 2295 seri
218 2267 354 2308 neque
385 2252 479 2294 iure
509 2252 650 2295 locum
684 2259 825 2296 tenere
857 2269 989 2310 posse.
1026 2254 1167 2308 Certo,
1191 2256 1350 2299 etiamsi
1367 2257 1457 2300 dari
1481 2268 1629 2315 posset,

98 2323 143 2366 in
175 2324 265 2366 eius
299 2324 406 2366 vitae
437 2324 704 2367 enarratione
735 2325 834 2368 talia
864 2326 915 2368 ad
932 2325 1231 2371 diluciditatem
1249 2328 1488 2383 desiderari,
1521 2346 1629 2387 quae

104 2395 364 2438 accuratiore
396 2396 729 2452 perscrutatione
758 2397 1013 2454 indigerent,
1049 2405 1188 2442 tamen
1211 2400 1496 2444 inconsultum
1515 2417 1634 2459 pror-

102 2479 174 2509 sus
205 2473 247 2510 et
278 2467 554 2510 temerarium
585 2467 810 2511 admodum
840 2469 1077 2513 institutum
1110 2486 1210 2525 esse,
1243 2488 1393 2516 novam
1425 2474 1515 2517 eius
1537 2490 1632 2532 ope-

104 2554 203 2582 rum
234 2540 521 2582 recensionem
553 2555 704 2583 curare
735 2541 854 2583 velle.
888 2540 1026 2594 Quasi
1042 2544 1246 2600 stupenda
1269 2545 1388 2601 copia
1409 2545 1631 2600 librorum,

106 2627 212 2668 quos
258 2619 425 2668 praeter
457 2619 672 2655 auctorem
707 2612 808 2670 legit
838 2628 975 2664 nemo,
1009 2615 1140 2659 indies
1169 2619 1491 2673 supervacaneis
1520 2619 1637 2663 libel-

109 2684 160 2726 lis
192 2685 490 2727 coacervandis
522 2684 810 2742 agglomerari
851 2687 1013 2729 assidue
1042 2687 1230 2731 deberet!
1295 2689 1437 2733 Habet
1467 2691 1637 2748 quidem

108 2770 204 2798 suas
221 2755 456 2807 illecebras,
478 2756 681 2799 anecdota
697 2772 848 2800 eruere
860 2758 1104 2816 detectaque
1115 2760 1206 2804 aliis
1218 2760 1397 2818 legenda
1418 2763 1633 2818 exhibere3

109 2826 180 2869 sed
219 2827 262 2869 in
308 2843 357 2869 eo
399 2829 647 2885 praesertim
689 2828 927 2873 discrimine
970 2830 1095 2874 homo
1125 2848 1224 2875 vere
1255 2832 1404 2877 doctus
1434 2837 1635 2891 cernitur,

107 2898 217 2958 quod
265 2912 394 2957 quum
431 2901 641 2945 minorum
676 2902 868 2959 gentium
901 2903 956 2946 dii
989 2904 1127 2948 omnia
1159 2905 1369 2962 quaelibet
1400 2911 1636 2966 promiscue
