1818 3178
751 121 798 148 sp
841 120 983 148 Doc'rn.
1561 111 1632 148 521

108 224 222 263 modo
258 237 321 262 eos
357 222 575 261 lucrifacere
611 222 805 273 potuisset,
841 221 905 272 qui
942 221 981 259 in
1017 220 1218 259 manifesto
1247 233 1366 272 neque
1392 220 1552 272 amplius
1580 220 1634 258 fe-

108 289 225 328 rendo
241 302 365 327 errore
379 288 599 326 infirmitate
618 287 835 339 peccabant.
863 286 978 324 Nunc
1006 299 1089 323 cum
1118 286 1263 337 utrique
1282 285 1393 323 nobis
1418 285 1513 323 nihil
1531 284 1634 323 aliud

108 366 220 404 quam
246 352 312 391 alii
345 351 430 390 aliis
457 365 581 390 errare
607 365 651 389 ac
678 351 760 389 falli
788 350 969 395 videmur,
996 354 1107 402 atque
1134 351 1285 402 utrique
1320 351 1470 389 interim
1498 351 1635 389 unani·

107 420 217 457 miter
255 419 430 463 fatemur,
458 430 527 455 nos
554 417 599 454 ad
631 416 735 454 verbi
770 415 888 453 divini
925 415 1194 467 praescriptum
1233 415 1478 453 certissimam
1511 415 1636 453 omnis

107 483 276 522 veritatis
312 482 481 531 regulam
519 486 648 520 nostra
690 494 760 519 nos
787 481 926 518 referre
955 480 1089 518 debere
1117 480 1257 524 omnia,
1282 502 1332 510 —
1360 493 1455 531 quae
1482 480 1553 518 ista
1579 483 1637 519 est

106 549 264 587 obsecro
302 547 517 585 Christiana
555 547 729 591 charitas,
764 559 859 596 quae
894 544 1090 591 modestia,
1125 558 1220 595 quae
1254 544 1515 591 mansuetudo,
1542 558 1637 596 quae

107 613 237 664 pietas,
283 611 462 662 indignos
508 611 680 662 protinus
718 615 847 648 nostra
883 608 1147 647 communione
1180 608 1345 646 iudicare
1380 609 1538 655 omneis,
1572 608 1636 660 qui

107 677 376 728 quoquomodo
413 690 434 714 a
472 676 582 713 nobis
620 674 879 713 dissentiunt?
914 674 1063 725 impura
1098 678 1211 724 atque
1246 673 1339 711 adeo
1373 673 1488 725 impia
1523 673 1636 712 etiam

106 742 324 780 existimare
369 741 507 787 omnia,
554 753 799 792 quaecunque
844 739 891 776 ab
936 739 983 776 iis
1019 743 1214 788 geruntur,
1248 738 1448 789 omniaque
1483 739 1635 776 illorum

108 806 205 844 haud
243 807 351 844 aliter
385 819 495 857 quam
533 806 730 843 anathema
768 804 956 855 quoddam
995 804 1184 841 aversari?
1221 808 1256 841 et
1292 809 1416 841 tamen
1452 805 1516 855 qui
1544 804 1636 841 haec

106 871 264 915 faciunt,
298 871 374 908 imo
413 871 476 922 qui
513 870 604 908 haec
641 870 792 916 docent,
828 882 905 907 non
941 868 1025 906 aliis
1062 869 1138 906 fere
1166 868 1384 906 nominibus
1412 882 1490 907 sese
1518 869 1636 919 magis

107 935 304 973 venditant
331 935 430 986 apud
461 935 674 986 imperitam
702 947 745 971 ac
772 933 901 971 rudem
930 933 1177 984 plebeculam,
1215 946 1326 983 quam
1356 932 1504 984 pietatis
1532 946 1638 970 man·

107 999 316 1037 suetudinis
346 998 550 1036 modestiae
578 1011 621 1036 ac
650 997 845 1035 charitatis
874 997 1120 1035 Christianae.
1177 997 1327 1035 Quodsi
1356 996 1417 1034 hic
1444 997 1637 1048 paululum

107 1062 274 1113 desipere
312 1075 396 1100 cum
433 1063 550 1100 Paulo
580 1075 725 1113 nosque
754 1075 838 1099 cum
866 1062 942 1099 illis
968 1075 1034 1112 per
1060 1061 1316 1112 insipientiam
1344 1061 1519 1099 nonnihil
1547 1075 1638 1099 con·

107 1128 204 1165 ferre
241 1127 414 1173 velimus,
449 1132 578 1165 nostra
615 1139 704 1164 sane
741 1125 911 1163 Ecclesia
945 1125 1033 1163 tulit
1062 1125 1242 1163 hactenus
1270 1131 1306 1163 et
1334 1126 1406 1163 fert
1433 1126 1638 1164 etiamnum

108 1191 380 1243 Anabaptistas
408 1192 531 1229 omnis
559 1191 720 1240 generis,
747 1190 779 1227 si
806 1189 996 1241 quomodo
1025 1194 1089 1227 aut
1117 1203 1181 1228 sua
1209 1189 1320 1227 nobis
1348 1190 1558 1241 approbare
1577 1194 1639 1228 aut

105 1257 152 1296 ad
182 1262 332 1295 nostrae
360 1257 554 1295 doctrinae
583 1269 808 1294 consensum
837 1255 966 1292 reduci
994 1255 1091 1292 forte
1118 1255 1277 1306 possint.
1305 1255 1523 1307 Numquam
1551 1253 1637 1295 illos

105 1335 127 1359 a
155 1321 265 1359 nobis
292 1326 494 1372 nostraque
522 1320 784 1358 communione
810 1319 1065 1357 excludendos
1083 1320 1159 1356 ullo
1181 1319 1292 1357 modo
1312 1333 1392 1357 esse
1411 1320 1638 1371 putavimus,

105 1391 300 1437 propterea
336 1386 437 1437 quod
474 1399 494 1423 a
532 1385 642 1423 nobis
679 1384 919 1430 dissentiunt,
945 1389 983 1422 et
1009 1384 1102 1422 adeo
1129 1385 1216 1423 illos
1244 1399 1265 1422 a
1293 1385 1403 1423 nobis
1431 1399 1634 1437 numquam

107 1451 278 1489 volumus
314 1450 497 1494 exclusos,
530 1454 571 1488 ut
607 1463 669 1487 eos
707 1449 807 1487 ultro
835 1462 979 1500 semper
1006 1449 1050 1486 ad
1081 1454 1230 1487 nostras
1260 1451 1459 1488 conciones
1488 1455 1524 1489 et
1551 1452 1636 1502 qui-

108 1515 192 1553 dem
220 1515 475 1553 amantissime
501 1514 800 1552 invitaverimus,
837 1513 1096 1565 Expetivimus
1123 1514 1242 1552 amica
1271 1515 1449 1562 fraterna,
1476 1515 1638 1567 denique

106 1585 142 1619 et
179 1581 297 1618 libera
335 1579 524 1630 colloquia
561 1579 727 1617 illorum.
782 1578 1032 1628 Magistratus
1062 1578 1300 1617 severitatem
1330 1579 1507 1618 adversus
1533 1580 1636 1631 ipsos

106 1645 224 1683 lenire
251 1644 372 1682 modis
400 1657 543 1695 semper
572 1644 749 1681 omnibus
778 1643 1002 1688 studuimus,
1029 1648 1065 1681 et
1092 1643 1192 1694 quod
1221 1643 1267 1681 ad
1305 1643 1516 1682 doctrinam
1548 1645 1637 1684 atti-

107 1714 172 1749 net
197 1709 325 1747 testati
353 1721 497 1759 semper
524 1722 664 1754 sumus,
692 1721 768 1746 non
798 1708 896 1746 aliud
927 1721 996 1746 nos
1023 1708 1070 1746 ab
1099 1708 1175 1746 illis
1203 1713 1338 1760 petere,
1365 1723 1475 1760 quam
1503 1714 1545 1748 ut
1573 1715 1637 1749 aut

109 1775 221 1813 nobis
248 1774 458 1825 approbent
485 1786 552 1811 sua
580 1773 691 1811 claris
719 1777 755 1811 et
782 1786 857 1811 non
887 1773 1045 1811 detortis
1074 1774 1280 1825 scripturae
1306 1774 1546 1822 testimoniis,
1574 1780 1639 1813 aut

108 1839 140 1878 si
167 1839 206 1877 id
234 1853 272 1877 se
301 1851 376 1876 non
405 1851 514 1889 posse
542 1837 706 1882 videant,
743 1842 871 1876 nostra
908 1838 982 1876 sibi
1017 1837 1235 1889 persuaderi
1269 1838 1475 1890 patiantur.
1532 1840 1638 1878 Haec

105 1904 258 1955 inquam
290 1916 375 1940 cum
401 1902 577 1954 privatim
606 1906 641 1940 et
668 1903 818 1953 publice
846 1902 1030 1951 egerimus
1058 1902 1184 1940 omnia
1214 1915 1257 1940 ac
1285 1916 1385 1941 nunc
1403 1903 1513 1941 etiam
1535 1917 1636 1942 sum·

107 1982 168 2006 ma
205 1981 292 2006 cura
328 1981 498 2017 agamus.
524 1967 656 2004 vellem
685 1972 727 2004 ut
752 1966 902 2018 ipsimet
931 1980 1053 2004 secum
1082 1967 1200 2018 probe
1227 1968 1440 2019 expendant
1468 1972 1503 2006 et
1530 1969 1637 2018 inge-

107 2046 179 2071 nue
216 2034 418 2078 fateantur,
458 2031 532 2069 utri
561 2032 622 2069 hic
656 2036 827 2070 nostrum
864 2032 1017 2082 longius
1042 2032 1169 2070 absint
1196 2046 1215 2070 a
1243 2034 1394 2084 pietate,
1422 2039 1637 2073 mansuetu-

106 2099 193 2136 dine
225 2098 410 2136 modestia
447 2100 483 2135 et
521 2097 702 2135 charitate
736 2097 964 2144 Christiana,
993 2097 1066 2148 ipsi
1091 2111 1149 2144 ne,
1176 2098 1241 2149 qui
1269 2098 1359 2136 haec
1387 2112 1469 2137 cum
1499 2100 1639 2139 iactent

106 2163 260 2201 interim
294 2176 365 2200 nos
400 2167 528 2200 tamen
566 2175 687 2213 neque
726 2162 942 2200 admonitos
980 2176 1171 2214 umquam,
1199 2177 1318 2214 neque
1345 2164 1392 2201 ad
1420 2165 1537 2203 ullum
1568 2179 1638 2204 un-

106 2240 217 2278 quam
254 2226 486 2277 colloquium
522 2230 689 2272 vocatos,
716 2226 857 2264 adhaec
885 2227 1036 2276 ignotos
1063 2227 1186 2279 plane,
1214 2228 1350 2266 nedum
1382 2233 1421 2266 ut
1449 2230 1541 2268 certi
1569 2229 1637 2268 ali·

106 2291 198 2342 quid
235 2304 318 2329 vere
356 2291 400 2328 de
435 2291 547 2328 nobis
582 2290 749 2329 iudicare
785 2292 943 2342 possint,
973 2292 1037 2330 sed
1067 2305 1196 2330 omnes
1224 2292 1336 2331 simul
1363 2306 1408 2331 ex
1435 2293 1547 2332 unius
1574 2299 1639 2333 aut

106 2356 262 2394 alterius
306 2355 543 2405 indulgentia
579 2356 777 2394 metientes
813 2370 833 2394 a
880 2348 959 2395 sese
994 2357 1210 2402 excludunt,
1253 2358 1419 2410 impuros
1457 2359 1639 2405 iudicant,

104 2419 341 2458 idololatriae
370 2419 624 2457 condemnant
651 2424 687 2457 et
714 2420 826 2471 plane
852 2434 919 2472 pro
944 2421 1118 2459 Ethnicis
1146 2421 1298 2467 habent,
1316 2445 1364 2452 —
1386 2436 1433 2460 an
1455 2436 1541 2461 vero
1570 2437 1639 2462 nos

106 2484 171 2535 qui
206 2484 463 2521 infirmitatem
498 2483 571 2534 ipsi
609 2489 776 2522 nostram
813 2498 1019 2533 agnoscere
1055 2490 1167 2537 atque
1203 2486 1295 2524 adeo
1324 2500 1500 2526 accusare
1526 2489 1637 2527 etiam

107 2548 293 2585 malumus
329 2560 441 2598 quam
479 2547 680 2599 quicquam
719 2549 874 2586 omnino
910 2549 1062 2595 iactare,
1090 2549 1226 2588 nedum
1256 2556 1296 2588 ut
1323 2564 1392 2589 nos
1419 2552 1489 2590 ulli
1517 2552 1638 2591 homi-

108 2625 198 2650 num
233 2611 363 2661 generi
400 2612 579 2663 anteponi
615 2613 884 2664 quoquomodo
921 2614 1094 2659 velimus,
1123 2618 1158 2652 et
1185 2629 1413 2667 quamquam
1442 2616 1537 2654 nihil
1567 2630 1637 2654 un-

105 2690 216 2727 quam
254 2676 551 2714 dubitaverimus
570 2690 629 2714 ‘ac
669 2690 714 2715 ne
752 2691 854 2715 nunc
881 2678 1033 2729 quidem
1061 2679 1174 2717 etiam
1203 2679 1430 2727 dubitemus,
1459 2680 1522 2718 illa
1549 2694 1637 2730 gra-

107 2741 271 2779 vissimis
292 2741 483 2778 erroribus
510 2741 724 2792 implicatos
753 2756 844 2787 esse,
872 2756 948 2780 non
977 2743 1098 2781 solum
1120 2757 1184 2781 eos
1212 2748 1336 2782 tamen
1366 2745 1541 2783 ferendos
1570 2759 1638 2783 no·

108 2803 167 2842 bis
194 2805 388 2849 hactenus,
417 2804 481 2843 sed
508 2804 553 2842 ad
584 2806 798 2844 societatem
828 2818 978 2858 quoque
1006 2811 1175 2846 nostram
1203 2822 1344 2846 summa
1374 2822 1459 2846 cura
1487 2822 1532 2847 ac
1559 2814 1635 2848 stu-

108 2867 171 2906 dio
207 2869 427 2907 alliciendos
464 2882 544 2907 esse
579 2873 691 2921 atque
728 2870 774 2909 ad
812 2870 889 2910 eius
927 2872 1163 2923 potissimum
1193 2873 1386 2913 doctrinae
1415 2886 1637 2915 consensum
