1818 3178
227 96 298 134 278

232 207 363 244 Ioan.
390 206 412 243 ἑ
439 205 602 242 Lasco.
1205 207 1240 243 6.

284 271 414 320 Neque
442 269 502 306 hic
522 281 643 305 scom-
1059 268 1383 320 Westphalus.

231 334 392 372 matibus
418 345 500 369 cum
523 331 643 369 West-
749 333 931 381 Reliqiose
967 340 1081 381 optat,
1117 334 1164 370 ab
1201 336 1365 372 omnibus
1410 336 1557 382 deferri
1581 348 1660 372 eum
1687 336 1753 373 ho-

229 398 341 448 phalo
380 397 542 442 certabo,
578 396 642 434 sed
694 410 819 434 norem
857 398 1078 445 Profeticae
1115 405 1148 435 et
1175 400 1411 447 Apostoliccte
1439 401 1675 446 confessioni,
1704 407 1754 444 ut,

230 462 261 499 si
287 474 345 498 me
365 461 459 497 serio
479 464 641 505 accusat,
693 463 838 498 omissis
867 463 950 498 aliis
977 463 1142 499 omnibus
1168 464 1293 507 titulis,
1322 466 1437 501 solam
1465 465 1562 501 hanc
1589 477 1754 513 oppone-

230 524 330 575 quod
401 526 643 572 Augustanae
694 538 815 562 remus
843 526 1050 562 haereticis.
1092 525 1213 569 Quasi
1235 540 1319 563 vero
1347 528 1755 576 consessi0,Au9ustae

233 588 644 638 ConfessioniAposto-
697 590 869 634 εωΙιὶὺὶια,
906 591 1126 637 Apostolica
1164 603 1239 627 non
1264 592 1320 635 sit,
1350 593 1497 640 iamque
1524 594 1582 629 ille
1610 593 1757 630 evicerit

228 652 340 689 licam
362 656 561 702 antepono,
580 664 640 689 ea-
693 666 774 690 eam
820 654 866 690 ab
922 654 1139 701 Apostolica
1195 655 1365 691 doctrina
1419 657 1647 704 discrepare,
1692 663 1758 693 aut

231 717 312 754 dem
340 729 428 754 sane
457 717 563 767 culpa
586 723 643 754 te·
697 719 807 767 quasi
850 731 922 755 non
957 719 1004 755 sit
1038 719 1247 756 habendum
1284 721 1549 768 Apostolicum,
1585 722 1684 769 qnod
1716 722 1754 758 in

228 781 643 832 nebiturPaulusApo-
692 784 841 831 piorum
888 783 1131 831 interpretum
1165 785 1316 832 scriptis
1353 785 1569 830 conti-netur,
1604 792 1636 822 et
1672 798 1754 822 cum

229 846 347 883 stolus
373 846 526 896 ipseque
549 846 640 883 adeo
693 847 824 895 requla
856 849 1071 895 Apostolica
1100 853 1132 884 et
1158 848 1356 895 Prosetica
1384 850 1560 886 convenit.

231 910 400 948 Christus
447 910 645 955 Dominus,

230 975 295 1024 qui
331 975 447 1011 solam
476 976 641 1025 Aposto-

226 1040 350 1076 lorum
430 1039 645 1076 Confessio-

228 1117 312 1141 nem
327 1103 541 1141 Catholicae
562 1116 647 1141 suae

227 1168 417 1206 Ecclesiae
453 1167 739 1206 fundamentum
773 1181 852 1206 esse
887 1168 1019 1212 voluit,
1055 1169 1102 1206 ad
1139 1169 1240 1219 quod
1274 1170 1411 1208 referre
1448 1184 1590 1222 semper
1617 1171 1757 1222 alioqui

228 1236 398 1283 oporteat
441 1232 623 1283 quidquid
660 1231 735 1269 ullo
771 1245 937 1283 unquam
981 1236 1147 1283 tempore
1190 1233 1303 1271 modo
1350 1238 1415 1272 aut
1449 1235 1532 1272 loco
1561 1249 1626 1286 per
1662 1249 1756 1287 quos

228 1309 371 1346 cunque
412 1296 563 1334 tandem
601 1296 770 1333 homines
808 1297 864 1334 vel
900 1296 1086 1334 scribatur
1123 1298 1182 1335 vel
1222 1297 1412 1338 doceatur.
1466 1299 1540 1337 Sed
1575 1300 1659 1347 (fol.
1690 1301 1783 1348 12)·

229 1360 465 1411 Westphalus
508 1373 575 1411 pro
622 1373 688 1397 suo
726 1360 887 1398 candore
923 1361 1078 1410 colligit,
1115 1360 1204 1398 dum
1241 1362 1501 1412 Apostolicam
1541 1363 1756 1401 Confessio·

227 1438 312 1462 nem
348 1425 394 1462 ab
434 1425 656 1474 Augustana
688 1424 741 1462 ita
777 1425 960 1463 duntaxat
998 1425 1181 1470 discerno,
1217 1430 1257 1464 ut
1294 1427 1390 1464 hanc
1415 1440 1483 1478 pro
1512 1428 1757 1466 fundamento

229 1488 418 1526 Ecclesiae
461 1488 615 1540 perinde
661 1493 772 1539 atque
806 1489 911 1526 illam
947 1489 1156 1527 habendam
1195 1503 1270 1527 non
1305 1504 1384 1527 esse
1419 1490 1553 1538 dicam,
1589 1492 1758 1530 damnari

227 1553 302 1590 iam
343 1566 364 1590 a
409 1553 519 1590 nobis
564 1553 764 1603 quiritatur
808 1556 1069 1603 Augustanam
1106 1555 1402 1593 Confessionem.
1467 1557 1518 1593 At
1560 1569 1646 1594 vero
1685 1557 1757 1595 hoc

229 1618 523 1669 Westphalicum
568 1622 635 1665 est,
680 1632 757 1656 non
803 1623 986 1657 nostrum.
1040 1619 1122 1656 Nos
1159 1618 1259 1656 enim
1294 1632 1482 1670 nusquam
1517 1620 1757 1669 Augustanae

230 1683 469 1721 Confessioni
511 1683 795 1729 assentiremus,
841 1683 871 1720 si
916 1683 1019 1720 illam
1062 1683 1109 1720 ab
1155 1684 1374 1734 Apostolica
1420 1685 1665 1731 confessioxfe,
1716 1690 1757 1724 ut

182 1775 185 1777 -
230 1747 469 1798 Westphalus
505 1748 635 1797 garrit,
670 1748 878 1798 discrepare
917 1748 1106 1785 sciremus.
1161 1748 1257 1785 Cum
1292 1748 1418 1797 igitur
1455 1749 1494 1786 in
1525 1750 1670 1788 (Ioenae
1696 1764 1756 1787 ar-

229 1816 407 1862 gumento
438 1813 720 1850 consensionem
746 1814 924 1864 profiteor
952 1826 1035 1850 cum
1064 1815 1285 1862 Augustana
1315 1814 1573 1860 Confessione,
1599 1815 1757 1865 quisque

231 1876 330 1914 videt
362 1878 454 1926 jam,
489 1877 718 1915 maliciosam
755 1891 833 1915 esse
871 1877 1078 1928 Westphali
1107 1878 1343 1924 calumniam,
1370 1891 1441 1929 qua
1470 1878 1533 1915 ille
1560 1881 1751 1928 Augusta-

230 1954 317 1979 nam
346 1942 627 1979 confessionem
654 1955 719 1993 per
744 1956 802 1979 me
831 1942 1074 1980 dissensionis
1102 1943 1149 1979 ab
1177 1942 1395 1993 Apostolica
1424 1943 1668 1981 Confessionc
1695 1957 1757 1981 ac-

230 2007 352 2045 cusari
378 2008 499 2055 fingit.
554 2007 651 2045 Quis
679 2011 800 2045 autem
829 2008 978 2057 negavit
1007 2021 1182 2058 unquam,
1207 2021 1275 2059 pro
1303 2008 1523 2059 Apostolico
1544 2009 1756 2046 habendum

230 2084 322 2114 esse,
349 2071 450 2121 quod
468 2084 552 2108 cum
569 2071 738 2108 doctrina
755 2072 1025 2122 Apostolorum
1053 2073 1253 2116 consentit,
1272 2076 1336 2109 aut
1364 2085 1408 2111 ex
1435 2072 1499 2109 illa
1521 2072 1757 2124 desumptum

231 2137 312 2172 est?
368 2135 440 2172 Sed
487 2135 702 2186 Westphalo
735 2136 862 2186 judice
899 2150 974 2174 non
1010 2137 1141 2174 licebit
1177 2137 1318 2174 scilicet
1356 2137 1555 2175 discrimen
1594 2142 1757 2177 statuere

246 2203 328 2237 nter
361 2213 415 2244 ea,
451 2213 544 2250 quae
579 2200 626 2237 ab
663 2200 754 2251 ipsis
791 2201 982 2251 Apostolis
1019 2202 1177 2252 ipsomet
1215 2202 1358 2252 Spiritu
1394 2206 1522 2239 sancto
1551 2207 1678 2240 autore
1704 2204 1757 2241 ita

232 2276 311 2300 esse
345 2263 493 2313 prodita
529 2268 686 2310 constat,
721 2268 762 2302 ut
800 2265 938 2302 nullam
977 2266 1195 2316 cuiusquam
1225 2265 1523 2316 disquisitionem
1549 2266 1757 2305 dubitatio-

233 2342 363 2366 nemve
400 2329 611 2375 admittant,
647 2334 683 2367 et
718 2330 816 2379 inter
850 2330 992 2380 reliqua
1030 2331 1169 2375 omnia,
1197 2344 1292 2381 quae
1319 2330 1365 2367 ad
1393 2344 1446 2375 ea,
1474 2344 1566 2380 quae
1593 2331 1639 2368 ab
1666 2331 1757 2382 ipsis

233 2392 425 2442 Apostolis
462 2398 548 2430 sunt
574 2393 735 2444 prodita,
762 2394 968 2431 examinari
994 2394 1219 2445 probarique
1248 2398 1409 2444 oportet,
1435 2395 1651 2445 priusquam
1680 2396 1755 2433 ullo

233 2456 344 2492 modo
374 2457 610 2507 recipiantur.
666 2458 752 2495 Hoc
779 2458 956 2496 nimirum
985 2459 1194 2510 Westphali
1223 2459 1411 2496 calumnia
1439 2460 1617 2510 postulat,
1644 2473 1755 2510 quam

233 2520 293 2558 hic
320 2520 359 2557 in
388 2534 456 2558 nos
484 2522 656 2561 intendit.

233 2584 366 2622 Ioan.
395 2583 417 2622 a
445 2584 608 2624 Lasco.
1203 2590 1238 2629 7.

233 2651 296 2686 An
313 2649 359 2686 ad
380 2651 532 2686 eundem
546 2664 645 2688 nunc
1071 2652 1393 2704 Westphalus.

233 2713 646 2764 moslumaVVestphalo
755 2716 855 2760 Quid
890 2719 973 2755 olim
1011 2719 1146 2756 Sancti
1171 2720 1310 2755 Patres
1338 2726 1590 2766 opposuerunt
1618 2718 1754 2755 Arria-

232 2777 644 2827 nobisopponaturAu-
696 2783 773 2826 nis,
819 2784 885 2831 qui
925 2790 1177 2832 opposuerunt
1220 2785 1264 2819 iis
1309 2783 1489 2819 Niceuum
1526 2782 1757 2830 symbolum?

229 2846 389 2891 gustana
432 2843 643 2891 ConfessiO,
696 2848 879 2896 Numquid
905 2850 1011 2886 aliud
1030 2863 1141 2898 quam
1176 2849 1451 2896 Confessionem
1474 2847 1755 2896 Apostolicam?
