1818 3178
196 142 269 177 350

196 251 352 288 vendam
396 250 574 293 inciteris,
620 253 760 300 quanto
797 250 918 300 plures
954 254 991 288 te
1027 251 1095 288 hac
1130 251 1169 288 in
1205 255 1307 301 parte
1342 252 1545 289 monitores
1580 252 1716 290 habere

191 313 329 351 videas.
384 313 574 350 Nimirum
602 326 729 350 omnes
756 313 978 362 intelligent,
1005 315 1208 351 multorum
1234 319 1271 352 te
1298 315 1616 353 admonitionibus
1642 317 1713 354 im-

190 378 278 427 pelli
322 377 591 427 propemodum
627 377 674 413 ad
710 378 1005 427 prosequendam
1040 378 1136 421 istic,
1178 383 1262 428 post
1297 379 1385 416 talia
1422 379 1561 429 alioqui
1594 379 1714 425 initia,

192 440 383 489 religionis
411 441 777 488 re-(4)stitutionem.
816 441 864 478 Et
894 447 990 479 certe
1021 442 1089 478 hoc
1116 445 1238 479 tecum
1265 447 1435 493 reputare
1463 443 1613 481 debebis
1633 443 1713 481 Rex

193 505 455 550 ele1nentiss.!‚
489 519 564 542 non
594 519 673 543 essc
699 506 771 543 tibi
798 507 1028 555 negligenter
1055 519 1098 543 ac
1126 508 1364 558 contemptim
1392 508 1463 545 hoc
1491 508 1716 553 habendum,

191 569 292 620 quod
329 569 398 606 sub
435 574 498 607 tua
534 583 635 607 nunc
670 571 905 620 potissimum
941 571 1212 619 gubernatione
1250 572 1418 609 Christus
1455 573 1638 609 Dominus
1674 573 1713 609 in

192 634 362 672 doctrina
399 634 455 671 sui
495 635 688 683 Euangelii
721 635 818 673 istuc
846 635 917 672 iam
947 636 1058 672 etiam
1086 635 1283 673 adventare
1311 637 1488 675 videatur.
1544 637 1713 674 Horren-

192 699 280 736 dum
316 704 370 736 est
405 699 502 736 haud
539 699 661 743 dubie,
697 700 796 749 quod
834 700 1005 737 Christus
1042 699 1238 743 Dominus,
1273 704 1309 738 et
1345 701 1494 751 quidem
1531 714 1605 739 non
1635 701 1714 739 sine

190 763 404 813 lachrymis,
440 763 507 801 sub
546 763 896 814 Hierosolymorum
934 764 1085 801 nomine
1113 765 1287 802 omnibus
1316 765 1527 811 denunciat,
1554 766 1712 816 quicun-

191 841 262 878 que
298 832 443 878 tempus
480 827 705 865 visitationis
743 841 829 865 suae
864 828 1061 865 observare
1097 829 1241 875 nolunt,
1278 842 1407 879 nempe
1451 829 1713 867 abscondenda

190 904 269 928 esse
304 891 377 929 iam
414 891 586 942 deinceps
622 891 668 929 ab
706 892 821 929 oculis
857 905 984 929 eorum
1021 892 1158 935 omnia,
1193 906 1286 942 quae
1320 893 1364 930 ad
1393 906 1521 943 pacem
1546 893 1712 944 ipsorum

191 955 265 992 ullo
302 955 410 1005 plane
445 955 556 992 modo
593 959 764 1006 poterant
800 956 995 1006 pertinere.
1061 955 1303 994 Horrendum
1341 957 1411 994 hoc
1447 962 1515 1003 est,
1549 957 1715 1007 inquam,

191 1019 264 1056 nisi
303 1019 335 1056 si
371 1019 560 1056 Christum
597 1019 800 1056 Dominum
835 1019 958 1069 ipsum
994 1019 1032 1057 in
1070 1019 1192 1057 verbis
1232 1020 1308 1058 suis
1343 1021 1557 1058 mendacem
1594 1022 1714 1059 facere

190 1083 358 1122 velimus.
412 1084 572 1134 Tempus
615 1097 726 1134 porro
772 1084 997 1122 visitationis
1042 1084 1255 1122 istiusmodi
1299 1085 1475 1136 graphice
1510 1086 1633 1131 nobis,
1668 1099 1714 1123 ne

191 1148 279 1198 quid
316 1148 375 1185 hic
411 1148 668 1194 obtendamus,
714 1148 939 1199 descriptum
976 1149 1168 1194 habemus,
1211 1163 1341 1200 nempe
1380 1163 1462 1187 cum
1499 1150 1716 1188 adventanti

192 1212 342 1249 Christo
380 1212 542 1249 Domino
579 1216 614 1249 et
650 1226 670 1249 a
708 1212 974 1263 discipulorum
1011 1226 1161 1250 suorum
1197 1217 1233 1251 et
1270 1227 1291 1250 a
1318 1227 1527 1264 puerorum,
1555 1214 1715 1266 denique

189 1281 226 1312 et
259 1289 279 1312 a
306 1275 537 1325 promiscuae
563 1276 673 1313 etiam
700 1276 832 1326 plebis,
859 1276 980 1319 turba,
1008 1276 1148 1314 frustra
1176 1277 1467 1315 reclamantibus
1495 1278 1715 1323 Pharisaeis,

189 1340 337 1389 publice
363 1342 422 1388 (5)
457 1340 652 1377 acclamari
683 1340 859 1378 videmus.
914 1340 1027 1377 Hanc
1053 1341 1151 1378 enim
1179 1342 1292 1379 talem
1318 1342 1504 1392 publicam
1532 1344 1713 1381 acclama-

189 1405 328 1441 tionem
365 1404 646 1452 gratulatoriam
685 1404 853 1454 hancque
888 1404 1077 1454 publicam
1105 1405 1371 1443 exultationem
1399 1410 1435 1443 et
1460 1406 1640 1444 laetitiam
1666 1407 1711 1444 ad

191 1481 270 1505 eam
306 1468 543 1518 potissimum
570 1468 701 1518 ipsam,
730 1469 833 1505 cuius
862 1468 921 1505 hic
951 1468 1120 1506 Christus
1149 1470 1328 1515 meminit,
1356 1470 1605 1508 visitationem
1628 1485 1712 1522 per·

190 1533 320 1574 tinere,
358 1537 393 1569 et
428 1532 629 1583 prophetae
664 1533 805 1582 alioqui
841 1537 875 1570 et
904 1533 1166 1582 Euangelistae
1194 1533 1265 1584 ipsi
1291 1534 1487 1572 manifeste
1514 1539 1712 1574 testantur.

191 1597 282 1634 Cum
318 1596 433 1645 igitur
466 1596 552 1634 istic
585 1600 621 1634 et
649 1596 918 1647 discipulorum
947 1597 1099 1643 Christi,
1127 1597 1191 1648 qui
1217 1597 1256 1634 in
1283 1597 1489 1635 ministerio
1518 1598 1714 1647 Euangelii

189 1665 396 1707 versantur,
432 1664 468 1698 et
504 1673 701 1711 puerorum
728 1661 867 1711 passim
895 1674 959 1712 per
988 1662 1066 1698 vias
1092 1661 1260 1712 publicas
1289 1666 1324 1699 et
1349 1662 1582 1712 promiscuae
1608 1675 1714 1713 prae-

188 1730 286 1763 terea
328 1724 447 1775 plebis
492 1725 635 1770 turbas,
678 1725 724 1762 ad
772 1724 912 1762 Christi
948 1725 1103 1762 Domini
1140 1725 1180 1763 in
1219 1726 1389 1764 doctrina
1423 1726 1622 1776 Euangelii
1657 1727 1715 1765 sui

188 1790 453 1828 adventantem
497 1790 804 1828 acclamationem
846 1790 1130 1840 gratulatoriam
1174 1791 1311 1840 gestire
1352 1791 1627 1842 quodammodo
1671 1805 1715 1830 ac

189 1859 335 1892 tantum
363 1868 438 1892 non
466 1868 683 1905 procurrere
711 1855 825 1898 vides,
851 1877 901 1884 —
931 1855 1100 1892 dubitare
1128 1855 1294 1906 profecto
1323 1869 1399 1893 non
1430 1856 1553 1903 debes,
1569 1861 1713 1908 tempus

188 1919 262 1957 iam
299 1920 443 1957 venisse
471 1924 612 1957 vestrae
639 1919 723 1957 istic
751 1919 862 1956 etiam
891 1919 1130 1958 visitationis.
1183 1919 1232 1957 Et
1259 1919 1416 1970 proinde
1443 1921 1549 1958 vobis
1575 1921 1714 1972 pariter

190 1983 364 2022 omnihus
394 1983 488 2021 serio
517 1983 749 2021 observanda
776 1997 867 2027 esse,
894 1996 987 2034 quae
1014 1983 1058 2020 ad
1087 1997 1214 2034 pacem
1243 1989 1413 2028 vestram,
1441 1997 1516 2022 non
1544 1985 1714 2036 equidem

189 2047 228 2083 in
256 2046 376 2097 Papae
403 2047 515 2084 ullius
543 2046 703 2084 Romani
732 2047 846 2091 curia,
875 2046 936 2084 sed
957 2046 994 2083 in
1017 2046 1208 2084 tremendo
1228 2046 1297 2084 Dei
1315 2047 1431 2098 ipsius
1450 2047 1588 2085 iudicio
1604 2069 1654 2076 —
1673 2048 1711 2085 in

188 2124 262 2161 quo
305 2112 423 2163 Papas
461 2124 548 2149 sane
576 2124 705 2149 omnes
734 2111 815 2148 sisti
844 2110 1032 2162 oportebit
1059 2132 1110 2140 —-
1136 2111 1320 2162 pertinere
1345 2112 1498 2162 putatis.
1533 2112 1711 2163 siquidem

188 2176 329 2214 Christi
356 2176 510 2213 Domini
535 2175 745 2225 lachrymas
774 2181 808 2213 et
836 2175 1054 2213 horribilem
1080 2176 1182 2213 illam
1209 2176 1311 2226 pacis
1345 2176 1711 2232 abscon-(6)sionem

187 2241 353 2278 derivare
388 2239 427 2277 iu
465 2253 530 2277 vos
560 2239 700 2278 nolitis.
755 2239 859 2277 Vaeh
898 2253 1059 2290 numque
1085 2239 1171 2284 illis,
1197 2239 1236 2277 in
1273 2253 1367 2290 quos
1392 2240 1602 2290 lachrymae
1629 2241 1713 2278 illae

189 2304 329 2341 Christi
367 2303 519 2341 Domini
546 2303 773 2350 redundant,
800 2309 834 2341 et
862 2304 928 2354 qui
955 2317 1029 2341 non
1059 2304 1230 2354 amplius,
1257 2317 1350 2354 quae
1378 2304 1425 2341 ad
1452 2318 1579 2355 pacem
1606 2318 1710 2355 spec·

188 2373 283 2415 tant,
317 2368 440 2405 videre
467 2369 645 2419 possunt!
700 2368 759 2405 Ne
793 2367 908 2416 igitur
937 2367 1147 2416 negligatis,
1175 2372 1218 2405 tu
1244 2367 1372 2418 tuique
1400 2381 1540 2411 omnes,
1567 2372 1710 2418 tempus

190 2433 261 2470 hoc
307 2439 446 2471 vestrae
490 2433 726 2478 visitationis,
761 2436 949 2483 utcunque
994 2433 1055 2470 hic
1091 2433 1201 2470 nobis
1239 2433 1438 2470 reclament
1472 2445 1514 2470 ac
1551 2433 1711 2470 fremant

190 2498 302 2537 vestri
329 2498 516 2535 Pharisaei
545 2497 849 2548 sacerdotumque
876 2497 1073 2548 principes.
1111 2497 1265 2548 Alioqui
1293 2501 1428 2540 cavete,
1455 2510 1512 2542 ne,
1539 2497 1570 2533 si
1599 2497 1710 2534 disci-

190 2565 361 2615 pulorum
398 2563 535 2601 Christi
573 2563 651 2600 eius
680 2562 904 2611 Euangelio,
929 2575 1126 2613 puerorum
1153 2562 1240 2599 item
1267 2575 1310 2599 ac
1337 2560 1454 2612 plebis
1480 2561 1712 2611 promiscuae

191 2628 492 2667 acclamationem
531 2628 708 2665 remorari
744 2627 783 2664 in
813 2627 1096 2664 Pharisaeorum
1124 2626 1295 2675 gratiam,
1322 2630 1385 2663 aut
1410 2625 1588 2675 impedire
1616 2639 1709 2676 quo-

191 2692 378 2745 quomodo
408 2692 540 2736 velitis,
566 2713 617 2720 —
645 2696 781 2735 cavete,
808 2692 972 2742 inquam,
1000 2705 1046 2729 ne
1075 2692 1131 2728 vel
1159 2691 1252 2728 muti
1270 2689 1540 2740 inanimatique
1557 2690 1711 2741 lapides,

191 2759 299 2797 vobis
334 2757 474 2803 invitis,
513 2757 670 2794 clament
704 2757 744 2795 in
781 2757 1035 2795 testimonium
1074 2762 1216 2795 vestrae
1248 2755 1528 2806 ingratitudinis
1556 2760 1590 2793 et
1619 2769 1708 2794 con-

193 2821 453 2860 demnationis.
507 2820 617 2858 Absit
653 2825 776 2858 autem
812 2821 892 2858 Rex
920 2821 1100 2870 inclytel,
1126 2824 1168 2858 ut
1194 2824 1236 2857 tu
1263 2819 1440 2857 maiorem
1465 2819 1551 2856 istic
1578 2820 1710 2873 Phari-

192 2900 373 2934 saeorum,
408 2898 518 2940 quam
556 2885 696 2923 Christi
730 2885 896 2934 Domini,
930 2885 1112 2923 rationem
1149 2885 1283 2923 habere
1311 2884 1411 2923 velis.
1466 2884 1628 2937 Cupiunt
1654 2884 1710 2923 illi
