1818 3178
440 123 489 149 DE
520 123 802 150 SACRAMEN'MS
832 122 1048 150 EeanslAE
1077 123 1256 150 emus'ri.
1543 115 1612 153 177

82 223 250 273 ipsorum
277 223 456 274 personis,
483 224 642 274 (alioqui
672 238 860 276 nunquam
890 238 1032 262 cessare
1060 224 1286 275 oportuisset
1313 224 1431 275 ipsam
1451 224 1608 261 circum-

86 288 281 334 cisionem)
310 287 371 324 sed
400 276 438 324 in
467 301 622 338 persona
652 290 815 335 alterius,
843 289 906 339 qui
936 292 1103 326 nostram
1130 288 1272 339 alioqui
1301 301 1449 326 carnem
1477 292 1513 326 et
1541 301 1611 326 no-

85 355 201 388 strum
248 351 468 400 sanguinem
515 353 632 390 fuerat
678 357 948 404 assumpturus,
992 357 1033 390 ut
1081 366 1164 390 vera
1201 353 1298 391 inter
1334 366 1402 390 nos
1437 357 1473 390 et
1508 353 1613 390 illum

87 414 195 452 unius
230 415 469 465 eiusdemque
505 417 626 454 carnis
663 422 698 454 et
726 417 919 466 sanguinis
948 417 1160 454 communio
1190 421 1389 461 constaret,
1419 430 1548 468 nempe
1575 417 1612 454 in

86 492 244 530 persona
279 479 418 526 Christi
457 480 622 526 Domini,
658 482 723 532 qui
751 482 917 532 corporis
945 486 979 519 et
1008 481 1202 530 sanguinis
1231 482 1289 518 sui
1317 482 1439 520 hostia
1467 495 1615 519 omnem

86 548 253 580 nostram
290 544 640 583 condemnationem
667 546 705 583 in
736 559 845 583 carne
874 549 1002 583 nostra
1034 545 1155 583 suerat
1182 545 1396 596 expiaturus
1424 550 1535 596 atque
1561 546 1612 582 ita

86 620 106 644 a
137 607 246 644 nobis
273 608 385 645 etiam
413 609 566 646 omnino
591 615 865 660 amputaturus.

139 671 334 709 Quatenus
371 673 486 722 igitur
523 674 768 720 circumcisio,
806 675 844 711 in
885 678 1010 710 nostra
1049 679 1084 711 et
1113 687 1189 711 non
1218 674 1289 711 alia
1317 675 1392 712 ulla
1422 687 1530 712 carne
1558 674 1616 712 iu-

87 737 230 782 stituta,
266 738 385 774 nostri
422 736 532 779 etfln
560 743 596 776 et
624 753 701 777 non
729 739 879 776 alterius
909 738 1103 787 sanguinis
1132 738 1307 776 effusione
1336 739 1616 777 condemnatio-

89 814 173 839 nem
210 806 377 839 nostram
414 803 598 853 amputari
626 803 835 854 oportuisse
865 803 1097 851 designabat,
1126 807 1311 852 quatenus
1338 803 1428 840 item
1457 803 1618 840 circum-

90 868 179 905 cisio
217 869 365 917 signum
402 869 554 906 alterius
591 870 641 906 rei
673 873 769 914 erat,
814 882 925 919 quam
961 868 1084 905 adhue
1120 869 1307 919 expectari
1343 870 1551 919 oportebat,
1580 874 1619 907 ut

90 946 166 970 non
202 933 241 970 in
270 934 408 970 nostris
435 934 603 984 ipsorum
629 933 796 984 personis
824 947 906 970 eam
933 933 1227 983 amputationem
1256 934 1382 983 perfici
1409 934 1617 984 oportuisse

89 996 392 1046 intelligeremus,
431 998 492 1035 sed
527 997 567 1034 in
604 998 682 1034 eius
720 1010 890 1048 persona.
918 998 982 1047 qui
1012 997 1051 1035 in
1085 1002 1211 1035 nostra
1241 997 1331 1034 olim
1361 1012 1469 1036 earne
1496 998 1618 1035 adhuc

90 1062 342 1112 expectandus
378 1066 484 1100 esset.
540 1061 733 1099 Hactenus
768 1075 856 1099 sane
893 1061 1021 1110 negari
1058 1074 1133 1099 non
1161 1065 1297 1112 potest,
1326 1061 1620 1100 circumcisionis

91 1127 176 1174 (fol.
208 1127 291 1173 74¹³)
321 1126 538 1176 mysterium
565 1126 679 1163 fuisse
706 1126 846 1163 Christi
876 1125 1030 1163 Domini
1058 1126 1256 1163 nobiscum
1284 1133 1319 1163 et
1348 1130 1515 1164 nostram
1539 1140 1622 1164 eum

91 1191 156 1228 illo
185 1191 486 1228 communionem
513 1191 552 1227 in
581 1203 735 1241 corpore
763 1196 799 1228 et
827 1191 1009 1239 sanguiue
1037 1190 1166 1241 ipsius.

143 1255 202 1292 Ita
240 1268 324 1292 vero
361 1259 396 1292 et
432 1255 568 1292 Paulus
604 1255 642 1292 in
681 1255 828 1292 Christo
867 1268 935 1292 uos
972 1254 1135 1292 Domino
1173 1267 1302 1292 omnes
1339 1254 1419 1292 sine
1444 1268 1622 1292 manuum

91 1318 297 1356 ministerio
337 1318 574 1356 circumcisos
611 1331 691 1356 esse
726 1318 846 1362 docet,
884 1319 954 1359 hoe
987 1322 1054 1363 est,
1081 1318 1120 1355 in
1149 1318 1298 1356 Christo
1329 1318 1490 1356 Domino
1518 1319 1621 1356 iuxta

90 1386 219 1433 typum
254 1383 549 1420 circumcisionis
586 1386 818 1433 amputatum
858 1396 937 1420 esse
964 1396 1003 1421 re
1030 1396 1118 1420 vera
1145 1382 1392 1434 praeputium,
1417 1383 1535 1434 ipsam
1564 1383 1622 1421 iu-

92 1461 202 1498 quam
246 1448 595 1486 condemnationem
638 1448 739 1485 orbis
782 1448 920 1494 totius3
966 1452 1002 1485 et
1038 1461 1199 1485 massam
1234 1448 1376 1498 peccati
1409 1443 1644 1485 universam'

93 1514 196 1551 carni
225 1517 374 1551 nostrae
402 1514 571 1550 omnium
598 1513 787 1559 adnatam,
816 1526 927 1563 quam
958 1513 1094 1550 Paulus
1125 1526 1258 1563 eorpus
1284 1517 1519 1563 peccatorum
1542 1525 1621 1549 cur-

93 1578 152 1616 nis
189 1581 309 1623 vocat,
346 1578 445 1616 velut
482 1578 643 1628 spolium
680 1578 871 1628 quoddam
906 1577 1038 1615 merito
1069 1577 1209 1615 Christi
1236 1577 1392 1614 Domini
1420 1577 1623 1615 detractam

93 1656 245 1694 prorsus
283 1655 406 1679 coram
442 1642 561 1679 oeulis
597 1642 719 1679 Patris
747 1641 829 1687 Dei,
856 1641 921 1691 qui
950 1654 1024 1679 non
1052 1641 1213 1692 amplius
1242 1654 1312 1678 nos
1339 1641 1378 1678 in
1407 1641 1529 1686 nobis,
1558 1640 1622 1678 sed

96 1707 285 1745 Clu-istum
320 1706 394 1744 iam
431 1706 636 1744 Dominum
673 1706 795 1755 potius
832 1706 1001 1744 intuetur
1040 1710 1194 1757 propter
1232 1719 1337 1743 suam
1365 1706 1559 1743 nobiscum
1588 1710 1624 1743 et

95 1776 261 1810 nostram
290 1784 412 1809 seeum
441 1771 603 1809 vicissim
633 1771 948 1809 communionem.

147 1836 206 1873 Ex
241 1835 298 1873 his
325 1835 440 1885 igitur
468 1836 565 1873 clare
591 1836 666 1873 iam
695 1836 979 1886 comprobatum
1007 1849 1086 1873 csse
1114 1838 1300 1886 putamus,
1329 1834 1622 1872 circumcisionis

95 1901 312 1951 mysterium
350 1900 465 1938 fuisse
499 1900 589 1937 olim
625 1905 792 1938 nostram
830 1914 912 1938 cum
950 1900 1098 1937 Christo
1130 1899 1294 1936 Domino
1324 1899 1623 1936 communionem

96 1967 135 2004 in
181 1978 334 2017 corpore
379 1969 415 2002 et
456 1965 637 2013 sanguine
672 1965 802 2015 ipsius,
839 1965 1090 2014 habemusque
1126 1963 1200 2001 iam
1237 1967 1358 2013 partes
1397 1963 1626 2000 Sani-amenti

97 2033 406 2067 commonstratas
443 2029 482 2066 in
519 2029 813 2074 circumcisione,
850 2042 982 2079 nempe
1019 2029 1166 2078 signum
1203 2032 1237 2065 et
1266 2028 1479 2077 mysterium
1508 2027 1625 2078 ipsius

96 2095 200 2132 iuxta
230 2099 394 2131 nostram
423 2093 656 2130 Saeramenti
683 2092 953 2131 diffinitionem.
986 2093 1020 2129 Ν
1027 2105 1098 2130 unc
1128 2092 1170 2129 de
1197 2093 1271 2129 fine
1301 2094 1623 2129 Sam-umentorum

99 2159 264 2196 omnium
293 2158 331 2195 in
358 2157 439 2208 ipsa
466 2157 578 2194 etiam
606 2157 889 2194 circumcisione
919 2157 1119 2195 videamus.
1149 2157 1235 2204 (fol.
1264 2158 1346 2204 75a)

151 2224 280 2261 Finem
310 2235 420 2273 porro
449 2222 743 2259 circumcisionis
772 2235 856 2260 eum
883 2235 961 2260 esse
990 2222 1200 2271 colligimus
1227 2225 1302 2258 tam
1331 2234 1376 2258 cx
1404 2220 1527 2258 divina
1547 2220 1625 2271 ipsa

97 2288 199 2325 illius
236 2287 483 2333 institutione,
519 2300 629 2336 quam
667 2287 788 2324 citatis
824 2287 961 2337 pariter
989 2286 1095 2323 Pauli
1123 2285 1298 2336 Apostoli
1325 2285 1446 2322 verbis
1476 2284 1520 2322 de
1546 2285 1626 2334 ipsa

101 2352 394 2396 circumcisione,
431 2365 561 2401 nempe
599 2354 636 2388 ut
664 2364 727 2401 per
754 2351 914 2388 foederis
942 2350 1083 2394 Divini,
1113 2363 1193 2387 eum
1223 2349 1375 2386 Abi-aha
1402 2353 1438 2386 et
1465 2350 1542 2386 eius
1571 2351 1625 2386 fa-
1662 2399 1670 2405 N

100 2418 202 2455 milia
238 2418 278 2454 in
315 2417 462 2454 Christo
492 2416 674 2466 promisso
711 2415 787 2459 icti,
815 2415 1112 2453 recordationem
1141 2428 1277 2465 perque
1305 2414 1469 2451 iustitiae
1494 2414 1531 2451 in
1561 2414 1625 2451 illo

101 2483 248 2520 foedere
284 2481 393 2519 nobis
431 2481 573 2518 delatae
609 2479 793 2517 assiduam
831 2479 1103 2530 reputationem
1140 2483 1220 2516 tota
1244 2478 1309 2515 illa
1339 2478 1544 2515 Abrahami
1571 2478 1627 2514 fa-

103 2547 216 2592 milia,
250 2547 343 2597 ipsa,
378 2546 544 2596 inquam,
571 2548 650 2582 tota
679 2544 858 2588 Ecclesia,
884 2544 923 2580 iu
950 2543 1022 2581 fide
1052 2542 1221 2580 salutaris
1250 2556 1337 2580 suae
1365 2555 1448 2580 cum
1477 2542 1625 2579 Christo

103 2616 259 2649 venturo
288 2610 411 2648 adhuc
439 2609 712 2646 communionis
741 2609 1016 2657 obsignaretur.

156 2675 214 2712 Ex
249 2674 386 2712 Divina
424 2672 720 2711 circumcisionis
757 2672 995 2710 institutione
1033 2672 1146 2709 finem
1176 2671 1271 2709 hane
1297 2671 1414 2722 ipsius
1443 2671 1479 2707 iu
1509 2670 1631 2707 verbis

102 2739 177 2776 illis
205 2738 491 2777 commonstrari
520 2737 628 2774 nobis
657 2736 843 2774 videmus:
875 2736 922 2773 Et
949 2736 1106 2773 firmabo
1135 2749 1198 2773 seu
1221 2735 1479 2773 constabiliam
1499 2734 1629 2772 foedus

103 2815 240 2847 meum,
275 2803 396 2853 inquit
433 2801 616 2840 Dominus
652 2800 698 2838 ad
736 2799 1005 2843 Abrahamum,
1041 2799 1137 2837 inter
1173 2813 1232 2837 me
1258 2804 1293 2837 et
1320 2804 1355 2836 te
1382 2803 1465 2844 eto„
1492 2802 1532 2835 ut
1559 2798 1627 2836 sim

103 2866 174 2906 tibi
206 2867 244 2906 in
288 2867 401 2905 Deum
439 2871 474 2905 et
511 2865 643 2904 semini
681 2870 744 2904 tuo
781 2868 864 2917 post
902 2869 947 2904 tc.
1006 2865 1136 2916 Neque
1172 2865 1270 2903 enim
1301 2864 1399 2902 Deus
1430 2876 1509 2900 cum
1539 2863 1630 2901 haec

154 2931 187 2973 Ι.
1435 2930 1480 2966 12
