<?xml version="1.0" encoding="UTF-8"?>
<!DOCTYPE html PUBLIC "-//W3C//DTD XHTML 1.0 Transitional//EN"
    "http://www.w3.org/TR/xhtml1/DTD/xhtml1-transitional.dtd">
<html xmlns="http://www.w3.org/1999/xhtml" xml:lang="en" lang="en">
 <head>
  <title>
</title>
<meta http-equiv="Content-Type" content="text/html;charset=utf-8" />
  <meta name='ocr-system' content='tesseract 3.04.00' />
  <meta name='ocr-capabilities' content='ocr_page ocr_carea ocr_par ocr_line ocrx_word'/>
</head>
<body>
  <div class='ocr_page' id='page_1' title='image "./operatameditaqua01lask_0319.png"; bbox 0 0 1818 3178; ppageno 0'>
   <div class='ocr_carea' id='block_1_1' title="bbox 519 113 1690 151">
    <p class='ocr_par' dir='ltr' id='par_1_1' title="bbox 519 113 1690 151">
     <span class='ocr_line' id='line_1_1' title="bbox 519 113 1690 151; baseline 0 -5"><span class='ocrx_word' id='word_1_1' title='bbox 519 120 568 146; x_wconf 77' lang='lat' dir='ltr'>DE</span> <span class='ocrx_word' id='word_1_2' title='bbox 597 118 880 146; x_wconf 70' lang='lat' dir='ltr'>SACRAMENTIS</span> <span class='ocrx_word' id='word_1_3' title='bbox 911 119 1125 145; x_wconf 64' lang='lat' dir='ltr'>ccctesms</span> <span class='ocrx_word' id='word_1_4' title='bbox 1153 118 1334 147; x_wconf 72' lang='lat' dir='ltr'>cnms&#39;ri.</span> <span class='ocrx_word' id='word_1_5' title='bbox 1620 113 1690 151; x_wconf 78' lang='lat'>187</span> 
     </span>
    </p>
   </div>
   <div class='ocr_carea' id='block_1_2' title="bbox 161 221 1695 2776">
    <p class='ocr_par' dir='ltr' id='par_1_2' title="bbox 162 221 1692 657">
     <span class='ocr_line' id='line_1_2' title="bbox 164 221 1692 272; baseline -0.001 -11"><span class='ocrx_word' id='word_1_6' title='bbox 164 224 334 267; x_wconf 86' lang='lat' dir='ltr'>tizamur,</span> <span class='ocrx_word' id='word_1_7' title='bbox 380 221 452 260; x_wconf 88' lang='lat' dir='ltr'>nisi</span> <span class='ocrx_word' id='word_1_8' title='bbox 489 221 589 271; x_wconf 88' lang='lat' dir='ltr'>quod</span> <span class='ocrx_word' id='word_1_9' title='bbox 627 221 797 259; x_wconf 84' lang='lat' dir='ltr'>Christus</span> <span class='ocrx_word' id='word_1_10' title='bbox 835 221 1017 258; x_wconf 77' lang='lat' dir='ltr'>Dominus</span> <span class='ocrx_word' id='word_1_11' title='bbox 1054 221 1090 258; x_wconf 89' lang='lat' dir='ltr'>in</span> <span class='ocrx_word' id='word_1_12' title='bbox 1128 222 1207 272; x_wconf 82' lang='lat' dir='ltr'>ipsa</span> <span class='ocrx_word' id='word_1_13' title='bbox 1246 221 1421 272; x_wconf 79' lang='lat' dir='ltr'>baptismi</span> <span class='ocrx_word' id='word_1_14' title='bbox 1454 222 1692 261; x_wconf 86' lang='lat' dir='ltr'>institutione</span> 
     </span>
     <span class='ocr_line' id='line_1_3' title="bbox 165 286 1688 336; baseline -0.001 -11"><span class='ocrx_word' id='word_1_15' title='bbox 165 294 332 325; x_wconf 82' lang='lat' dir='ltr'>nostram</span> <span class='ocrx_word' id='word_1_16' title='bbox 359 299 484 324; x_wconf 87' lang='lat' dir='ltr'>secum</span> <span class='ocrx_word' id='word_1_17' title='bbox 510 286 549 322; x_wconf 90' lang='lat' dir='ltr'>in</span> <span class='ocrx_word' id='word_1_18' title='bbox 580 298 733 336; x_wconf 85' lang='lat' dir='ltr'>corpore</span> <span class='ocrx_word' id='word_1_19' title='bbox 760 290 796 324; x_wconf 86' lang='lat' dir='ltr'>et</span> <span class='ocrx_word' id='word_1_20' title='bbox 823 286 1003 334; x_wconf 73' lang='lat' dir='ltr'>sanguine</span> <span class='ocrx_word' id='word_1_21' title='bbox 1031 298 1096 322; x_wconf 90' lang='lat' dir='ltr'>suo</span> <span class='ocrx_word' id='word_1_22' title='bbox 1126 286 1426 324; x_wconf 81' lang='lat' dir='ltr'>communionem</span> <span class='ocrx_word' id='word_1_23' title='bbox 1454 301 1475 323; x_wconf 81' lang='lat' dir='ltr'>a</span> <span class='ocrx_word' id='word_1_24' title='bbox 1504 289 1576 324; x_wconf 85' lang='lat' dir='ltr'>fine</span> <span class='ocrx_word' id='word_1_25' title='bbox 1609 287 1688 336; x_wconf 86' lang='lat' dir='ltr'>ipso</span> 
     </span>
     <span class='ocr_line' id='line_1_4' title="bbox 164 349 1690 398; baseline -0.001 -9"><span class='ocrx_word' id='word_1_26' title='bbox 164 352 273 389; x_wconf 90' lang='lat' dir='ltr'>nobis</span> <span class='ocrx_word' id='word_1_27' title='bbox 312 350 427 387; x_wconf 88' lang='lat' dir='ltr'>voluit</span> <span class='ocrx_word' id='word_1_28' title='bbox 465 349 664 398; x_wconf 74' lang='lat' dir='ltr'>designari,</span> <span class='ocrx_word' id='word_1_29' title='bbox 700 354 741 387; x_wconf 91' lang='lat' dir='ltr'>ut</span> <span class='ocrx_word' id='word_1_30' title='bbox 779 349 888 386; x_wconf 89' lang='lat' dir='ltr'>nobis</span> <span class='ocrx_word' id='word_1_31' title='bbox 927 351 983 386; x_wconf 86' lang='lat' dir='ltr'>sui</span> <span class='ocrx_word' id='word_1_32' title='bbox 1013 350 1183 386; x_wconf 84' lang='lat' dir='ltr'>beneficii</span> <span class='ocrx_word' id='word_1_33' title='bbox 1211 350 1250 387; x_wconf 91' lang='lat' dir='ltr'>in</span> <span class='ocrx_word' id='word_1_34' title='bbox 1279 355 1406 388; x_wconf 81' lang='lat' dir='ltr'>nostra</span> <span class='ocrx_word' id='word_1_35' title='bbox 1434 363 1558 388; x_wconf 87' lang='lat' dir='ltr'>secum</span> <span class='ocrx_word' id='word_1_36' title='bbox 1588 363 1690 388; x_wconf 87' lang='lat' dir='ltr'>com-</span> 
     </span>
     <span class='ocr_line' id='line_1_5' title="bbox 163 414 1690 464; baseline -0.001 -11"><span class='ocrx_word' id='word_1_37' title='bbox 163 416 342 453; x_wconf 88' lang='lat' dir='ltr'>munione</span> <span class='ocrx_word' id='word_1_38' title='bbox 368 414 662 463; x_wconf 78' lang='lat' dir='ltr'>magnitudinem</span> <span class='ocrx_word' id='word_1_39' title='bbox 693 415 740 450; x_wconf 91' lang='lat' dir='ltr'>ob</span> <span class='ocrx_word' id='word_1_40' title='bbox 770 415 897 451; x_wconf 88' lang='lat' dir='ltr'>oculos</span> <span class='ocrx_word' id='word_1_41' title='bbox 919 419 1070 464; x_wconf 86' lang='lat' dir='ltr'>poneret</span> <span class='ocrx_word' id='word_1_42' title='bbox 1097 418 1131 451; x_wconf 89' lang='lat' dir='ltr'>et</span> <span class='ocrx_word' id='word_1_43' title='bbox 1151 415 1437 453; x_wconf 78' lang='lat' dir='ltr'>commendaret.</span> <span class='ocrx_word' id='word_1_44' title='bbox 1467 415 1571 452; x_wconf 83' lang='lat' dir='ltr'>Finis</span> <span class='ocrx_word' id='word_1_45' title='bbox 1591 416 1690 452; x_wconf 88' lang='lat' dir='ltr'>enim</span> 
     </span>
     <span class='ocr_line' id='line_1_6' title="bbox 164 478 1691 529; baseline 0 -12"><span class='ocrx_word' id='word_1_46' title='bbox 164 487 312 518; x_wconf 86' lang='lat' dir='ltr'>nostrae</span> <span class='ocrx_word' id='word_1_47' title='bbox 358 491 441 516; x_wconf 89' lang='lat' dir='ltr'>cum</span> <span class='ocrx_word' id='word_1_48' title='bbox 480 478 627 516; x_wconf 86' lang='lat' dir='ltr'>Christo</span> <span class='ocrx_word' id='word_1_49' title='bbox 665 478 828 516; x_wconf 88' lang='lat' dir='ltr'>Domino</span> <span class='ocrx_word' id='word_1_50' title='bbox 867 479 1139 515; x_wconf 82' lang='lat' dir='ltr'>communionis</span> <span class='ocrx_word' id='word_1_51' title='bbox 1175 479 1213 516; x_wconf 86' lang='lat' dir='ltr'>in</span> <span class='ocrx_word' id='word_1_52' title='bbox 1252 492 1404 529; x_wconf 86' lang='lat' dir='ltr'>corpore</span> <span class='ocrx_word' id='word_1_53' title='bbox 1440 485 1475 517; x_wconf 86' lang='lat' dir='ltr'>et</span> <span class='ocrx_word' id='word_1_54' title='bbox 1511 481 1691 528; x_wconf 71' lang='lat' dir='ltr'>sanguine</span> 
     </span>
     <span class='ocr_line' id='line_1_7' title="bbox 162 543 1690 595; baseline 0.001 -14"><span class='ocrx_word' id='word_1_55' title='bbox 162 545 278 594; x_wconf 86' lang='lat' dir='ltr'>ipsius</span> <span class='ocrx_word' id='word_1_56' title='bbox 306 547 374 586; x_wconf 82' lang='lat' dir='ltr'>est,</span> <span class='ocrx_word' id='word_1_57' title='bbox 402 548 441 580; x_wconf 87' lang='lat' dir='ltr'>ut</span> <span class='ocrx_word' id='word_1_58' title='bbox 469 557 532 593; x_wconf 87' lang='lat' dir='ltr'>per</span> <span class='ocrx_word' id='word_1_59' title='bbox 560 557 640 580; x_wconf 85' lang='lat' dir='ltr'>eam</span> <span class='ocrx_word' id='word_1_60' title='bbox 667 543 712 580; x_wconf 87' lang='lat' dir='ltr'>ad</span> <span class='ocrx_word' id='word_1_61' title='bbox 741 544 890 580; x_wconf 88' lang='lat' dir='ltr'>illorum</span> <span class='ocrx_word' id='word_1_62' title='bbox 917 543 1068 581; x_wconf 87' lang='lat' dir='ltr'>tandem</span> <span class='ocrx_word' id='word_1_63' title='bbox 1096 543 1263 580; x_wconf 87' lang='lat' dir='ltr'>omnium</span> <span class='ocrx_word' id='word_1_64' title='bbox 1291 545 1591 582; x_wconf 79' lang='lat' dir='ltr'>communionem</span> <span class='ocrx_word' id='word_1_65' title='bbox 1608 558 1690 595; x_wconf 86' lang='lat' dir='ltr'>per-</span> 
     </span>
     <span class='ocr_line' id='line_1_8' title="bbox 165 607 1568 657; baseline 0.001 -13"><span class='ocrx_word' id='word_1_66' title='bbox 165 608 366 652; x_wconf 76' lang='lat' dir='ltr'>veniamus,</span> <span class='ocrx_word' id='word_1_67' title='bbox 396 620 488 657; x_wconf 84' lang='lat' dir='ltr'>quae</span> <span class='ocrx_word' id='word_1_68' title='bbox 517 612 602 644; x_wconf 89' lang='lat' dir='ltr'>sunt</span> <span class='ocrx_word' id='word_1_69' title='bbox 630 607 769 657; x_wconf 82' lang='lat' dir='ltr'>alioqui</span> <span class='ocrx_word' id='word_1_70' title='bbox 800 607 866 643; x_wconf 87' lang='lat' dir='ltr'>Dei</span> <span class='ocrx_word' id='word_1_71' title='bbox 894 608 1009 657; x_wconf 86' lang='lat' dir='ltr'>patris</span> <span class='ocrx_word' id='word_1_72' title='bbox 1037 611 1072 644; x_wconf 86' lang='lat' dir='ltr'>et</span> <span class='ocrx_word' id='word_1_73' title='bbox 1100 608 1168 644; x_wconf 87' lang='lat' dir='ltr'>filii</span> <span class='ocrx_word' id='word_1_74' title='bbox 1197 612 1231 644; x_wconf 69' lang='lat' dir='ltr'>ct</span> <span class='ocrx_word' id='word_1_75' title='bbox 1260 608 1410 657; x_wconf 85' lang='lat' dir='ltr'>spiritus</span> <span class='ocrx_word' id='word_1_76' title='bbox 1439 610 1568 646; x_wconf 86' lang='lat' dir='ltr'>sancti.</span> 
     </span>
    </p>

    <p class='ocr_par' dir='ltr' id='par_1_3' title="bbox 162 671 1694 966">
     <span class='ocr_line' id='line_1_9' title="bbox 214 671 1689 721; baseline 0.001 -13"><span class='ocrx_word' id='word_1_77' title='bbox 214 674 248 708; x_wconf 87' lang='lat' dir='ltr'>A</span> <span class='ocrx_word' id='word_1_78' title='bbox 285 673 359 709; x_wconf 89' lang='lat' dir='ltr'>fine</span> <span class='ocrx_word' id='word_1_79' title='bbox 392 671 508 719; x_wconf 84' lang='lat' dir='ltr'>igitur</span> <span class='ocrx_word' id='word_1_80' title='bbox 542 671 623 721; x_wconf 89' lang='lat' dir='ltr'>ipso</span> <span class='ocrx_word' id='word_1_81' title='bbox 661 675 789 708; x_wconf 86' lang='lat' dir='ltr'>nostra</span> <span class='ocrx_word' id='word_1_82' title='bbox 825 671 934 708; x_wconf 89' lang='lat' dir='ltr'>nobis</span> <span class='ocrx_word' id='word_1_83' title='bbox 972 683 1056 707; x_wconf 88' lang='lat' dir='ltr'>cum</span> <span class='ocrx_word' id='word_1_84' title='bbox 1095 672 1243 708; x_wconf 86' lang='lat' dir='ltr'>Christo</span> <span class='ocrx_word' id='word_1_85' title='bbox 1286 672 1449 709; x_wconf 85' lang='lat' dir='ltr'>Domino</span> <span class='ocrx_word' id='word_1_86' title='bbox 1479 674 1689 710; x_wconf 88' lang='lat' dir='ltr'>communio</span> 
     </span>
     <span class='ocr_line' id='line_1_10' title="bbox 162 734 1688 786; baseline 0.001 -13"><span class='ocrx_word' id='word_1_87' title='bbox 162 736 203 774; x_wconf 89' lang='lat' dir='ltr'>in</span> <span class='ocrx_word' id='word_1_88' title='bbox 232 748 386 786; x_wconf 88' lang='lat' dir='ltr'>corpore</span> <span class='ocrx_word' id='word_1_89' title='bbox 412 740 448 773; x_wconf 89' lang='lat' dir='ltr'>et</span> <span class='ocrx_word' id='word_1_90' title='bbox 478 734 661 784; x_wconf 81' lang='lat' dir='ltr'>sanguine</span> <span class='ocrx_word' id='word_1_91' title='bbox 688 748 755 771; x_wconf 92' lang='lat' dir='ltr'>suo</span> <span class='ocrx_word' id='word_1_92' title='bbox 793 734 1010 783; x_wconf 78' lang='lat' dir='ltr'>designatur</span> <span class='ocrx_word' id='word_1_93' title='bbox 1036 747 1101 785; x_wconf 87' lang='lat' dir='ltr'>per</span> <span class='ocrx_word' id='word_1_94' title='bbox 1129 735 1305 786; x_wconf 75' lang='lat' dir='ltr'>baptismi</span> <span class='ocrx_word' id='word_1_95' title='bbox 1332 737 1564 786; x_wconf 87' lang='lat' dir='ltr'>symbolum,</span> <span class='ocrx_word' id='word_1_96' title='bbox 1601 738 1688 775; x_wconf 87' lang='lat' dir='ltr'>dum</span> 
     </span>
     <span class='ocr_line' id='line_1_11' title="bbox 162 799 1694 852; baseline 0.001 -14"><span class='ocrx_word' id='word_1_97' title='bbox 162 805 227 838; x_wconf 86' lang='lat' dir='ltr'>aut</span> <span class='ocrx_word' id='word_1_98' title='bbox 261 800 303 838; x_wconf 85' lang='lat' dir='ltr'>in</span> <span class='ocrx_word' id='word_1_99' title='bbox 339 804 497 838; x_wconf 86' lang='lat' dir='ltr'>mortem</span> <span class='ocrx_word' id='word_1_100' title='bbox 535 799 674 837; x_wconf 69' lang='lat' dir='ltr'>Christi</span> <span class='ocrx_word' id='word_1_101' title='bbox 703 812 784 842; x_wconf 85' lang='lat' dir='ltr'>nos,</span> <span class='ocrx_word' id='word_1_102' title='bbox 810 803 874 837; x_wconf 85' lang='lat' dir='ltr'>aut</span> <span class='ocrx_word' id='word_1_103' title='bbox 902 799 942 836; x_wconf 86' lang='lat' dir='ltr'>in</span> <span class='ocrx_word' id='word_1_104' title='bbox 980 801 1281 838; x_wconf 79' lang='lat' dir='ltr'>communionem</span> <span class='ocrx_word' id='word_1_105' title='bbox 1323 814 1388 838; x_wconf 87' lang='lat' dir='ltr'>seu</span> <span class='ocrx_word' id='word_1_106' title='bbox 1415 815 1549 839; x_wconf 87' lang='lat' dir='ltr'>nomen</span> <span class='ocrx_word' id='word_1_107' title='bbox 1577 802 1694 852; x_wconf 80' lang='lat' dir='ltr'>patris</span> 
     </span>
     <span class='ocr_line' id='line_1_12' title="bbox 163 863 1692 915; baseline 0.001 -14"><span class='ocrx_word' id='word_1_108' title='bbox 163 865 232 901; x_wconf 92' lang='lat' dir='ltr'>filii</span> <span class='ocrx_word' id='word_1_109' title='bbox 267 870 302 902; x_wconf 84' lang='lat' dir='ltr'>et</span> <span class='ocrx_word' id='word_1_110' title='bbox 339 865 489 914; x_wconf 84' lang='lat' dir='ltr'>spiritus</span> <span class='ocrx_word' id='word_1_111' title='bbox 527 864 645 901; x_wconf 90' lang='lat' dir='ltr'>sancti</span> <span class='ocrx_word' id='word_1_112' title='bbox 674 863 854 913; x_wconf 80' lang='lat' dir='ltr'>baptizari</span> <span class='ocrx_word' id='word_1_113' title='bbox 881 864 1065 908; x_wconf 83' lang='lat' dir='ltr'>audimus,</span> <span class='ocrx_word' id='word_1_114' title='bbox 1092 864 1196 902; x_wconf 84' lang='lat' dir='ltr'>iuxta</span> <span class='ocrx_word' id='word_1_115' title='bbox 1225 864 1418 915; x_wconf 83' lang='lat' dir='ltr'>ipsiusmet</span> <span class='ocrx_word' id='word_1_116' title='bbox 1446 866 1586 903; x_wconf 84' lang='lat' dir='ltr'>Christi</span> <span class='ocrx_word' id='word_1_117' title='bbox 1614 866 1692 903; x_wconf 86' lang='lat' dir='ltr'>Do-</span> 
     </span>
     <span class='ocr_line' id='line_1_13' title="bbox 164 929 573 966; baseline -0.002 -1"><span class='ocrx_word' id='word_1_118' title='bbox 164 929 256 966; x_wconf 88' lang='lat' dir='ltr'>mini</span> <span class='ocrx_word' id='word_1_119' title='bbox 282 929 573 966; x_wconf 85' lang='lat' dir='ltr'>institutionem.</span> 
     </span>
    </p>

    <p class='ocr_par' dir='ltr' id='par_1_4' title="bbox 161 992 1694 1940">
     <span class='ocr_line' id='line_1_14' title="bbox 216 992 1690 1044; baseline 0.001 -14"><span class='ocrx_word' id='word_1_120' title='bbox 216 993 484 1042; x_wconf 75' lang='lat' dir='ltr'>Habemusque</span> <span class='ocrx_word' id='word_1_121' title='bbox 525 992 600 1028; x_wconf 80' lang='lat' dir='ltr'>iam</span> <span class='ocrx_word' id='word_1_122' title='bbox 645 995 956 1028; x_wconf 84' lang='lat' dir='ltr'>commonstratas</span> <span class='ocrx_word' id='word_1_123' title='bbox 1004 992 1234 1029; x_wconf 84' lang='lat' dir='ltr'>Sacramenti</span> <span class='ocrx_word' id='word_1_124' title='bbox 1270 997 1392 1042; x_wconf 85' lang='lat' dir='ltr'>partes</span> <span class='ocrx_word' id='word_1_125' title='bbox 1429 993 1467 1030; x_wconf 88' lang='lat' dir='ltr'>in</span> <span class='ocrx_word' id='word_1_126' title='bbox 1507 994 1690 1044; x_wconf 83' lang='lat' dir='ltr'>baptismo</span> 
     </span>
     <span class='ocr_line' id='line_1_15' title="bbox 163 1055 1692 1104; baseline 0 -10"><span class='ocrx_word' id='word_1_127' title='bbox 163 1059 266 1095; x_wconf 76' lang='lat' dir='ltr'>iuxta</span> <span class='ocrx_word' id='word_1_128' title='bbox 305 1063 472 1094; x_wconf 86' lang='lat' dir='ltr'>nostram</span> <span class='ocrx_word' id='word_1_129' title='bbox 511 1055 779 1098; x_wconf 85' lang='lat' dir='ltr'>diffinitionem,</span> <span class='ocrx_word' id='word_1_130' title='bbox 818 1068 948 1104; x_wconf 86' lang='lat' dir='ltr'>nempe</span> <span class='ocrx_word' id='word_1_131' title='bbox 976 1055 1123 1103; x_wconf 71' lang='lat' dir='ltr'>signum</span> <span class='ocrx_word' id='word_1_132' title='bbox 1153 1056 1309 1101; x_wconf 79' lang='lat' dir='ltr'>visibile,</span> <span class='ocrx_word' id='word_1_133' title='bbox 1344 1061 1532 1094; x_wconf 78' lang='lat' dir='ltr'>externam</span> <span class='ocrx_word' id='word_1_134' title='bbox 1563 1057 1692 1094; x_wconf 88' lang='lat' dir='ltr'>videli-</span> 
     </span>
     <span class='ocr_line' id='line_1_16' title="bbox 165 1119 1694 1172; baseline 0 -14"><span class='ocrx_word' id='word_1_135' title='bbox 165 1122 250 1170; x_wconf 84' lang='lat' dir='ltr'>(fol.</span> <span class='ocrx_word' id='word_1_136' title='bbox 280 1123 426 1168; x_wconf 78' lang='lat' dir='ltr'>861›)eet</span> <span class='ocrx_word' id='word_1_137' title='bbox 464 1119 640 1170; x_wconf 83' lang='lat' dir='ltr'>baptismi</span> <span class='ocrx_word' id='word_1_138' title='bbox 668 1120 826 1156; x_wconf 72' lang='lat' dir='ltr'>formam</span> <span class='ocrx_word' id='word_1_139' title='bbox 855 1133 917 1156; x_wconf 88' lang='lat' dir='ltr'>seu</span> <span class='ocrx_word' id='word_1_140' title='bbox 948 1120 1208 1161; x_wconf 73' lang='lat' dir='ltr'>eeremonimn,</span> <span class='ocrx_word' id='word_1_141' title='bbox 1242 1120 1360 1170; x_wconf 80' lang='lat' dir='ltr'>ipsam</span> <span class='ocrx_word' id='word_1_142' title='bbox 1390 1121 1544 1170; x_wconf 84' lang='lat' dir='ltr'>inquam</span> <span class='ocrx_word' id='word_1_143' title='bbox 1579 1135 1694 1172; x_wconf 84' lang='lat' dir='ltr'>aquae</span> 
     </span>
     <span class='ocr_line' id='line_1_17' title="bbox 162 1183 1693 1235; baseline -0.001 -12"><span class='ocrx_word' id='word_1_144' title='bbox 162 1185 384 1223; x_wconf 86' lang='lat' dir='ltr'>tinctionem</span> <span class='ocrx_word' id='word_1_145' title='bbox 427 1197 492 1221; x_wconf 88' lang='lat' dir='ltr'>seu</span> <span class='ocrx_word' id='word_1_146' title='bbox 535 1183 779 1220; x_wconf 84' lang='lat' dir='ltr'>ablutionem.</span> <span class='ocrx_word' id='word_1_147' title='bbox 836 1186 891 1220; x_wconf 86' lang='lat' dir='ltr'>Ac</span> <span class='ocrx_word' id='word_1_148' title='bbox 934 1197 1062 1221; x_wconf 87' lang='lat' dir='ltr'>rursus</span> <span class='ocrx_word' id='word_1_149' title='bbox 1098 1184 1286 1221; x_wconf 87' lang='lat' dir='ltr'>invisibile</span> <span class='ocrx_word' id='word_1_150' title='bbox 1321 1185 1549 1234; x_wconf 74' lang='lat' dir='ltr'>mysterium,</span> <span class='ocrx_word' id='word_1_151' title='bbox 1593 1187 1693 1235; x_wconf 87' lang='lat' dir='ltr'>quod</span> 
     </span>
     <span class='ocr_line' id='line_1_18' title="bbox 163 1247 1693 1299; baseline -0.001 -12"><span class='ocrx_word' id='word_1_152' title='bbox 163 1250 271 1299; x_wconf 82' lang='lat' dir='ltr'>signo</span> <span class='ocrx_word' id='word_1_153' title='bbox 299 1249 371 1286; x_wconf 91' lang='lat' dir='ltr'>hoc</span> <span class='ocrx_word' id='word_1_154' title='bbox 398 1248 677 1296; x_wconf 76' lang='lat' dir='ltr'>designabatur,</span> <span class='ocrx_word' id='word_1_155' title='bbox 715 1252 880 1285; x_wconf 85' lang='lat' dir='ltr'>nostram</span> <span class='ocrx_word' id='word_1_156' title='bbox 911 1247 1080 1285; x_wconf 82' lang='lat' dir='ltr'>videlicet</span> <span class='ocrx_word' id='word_1_157' title='bbox 1110 1261 1191 1286; x_wconf 88' lang='lat' dir='ltr'>cum</span> <span class='ocrx_word' id='word_1_158' title='bbox 1222 1249 1370 1286; x_wconf 77' lang='lat' dir='ltr'>Christo</span> <span class='ocrx_word' id='word_1_159' title='bbox 1399 1249 1562 1286; x_wconf 84' lang='lat' dir='ltr'>Domino</span> <span class='ocrx_word' id='word_1_160' title='bbox 1593 1263 1693 1287; x_wconf 87' lang='lat' dir='ltr'>eom-</span> 
     </span>
     <span class='ocr_line' id='line_1_19' title="bbox 163 1311 1693 1364; baseline -0.001 -13"><span class='ocrx_word' id='word_1_161' title='bbox 163 1314 380 1352; x_wconf 90' lang='lat' dir='ltr'>munionem</span> <span class='ocrx_word' id='word_1_162' title='bbox 414 1326 435 1350; x_wconf 83' lang='lat' dir='ltr'>a</span> <span class='ocrx_word' id='word_1_163' title='bbox 471 1314 544 1349; x_wconf 87' lang='lat' dir='ltr'>fine</span> <span class='ocrx_word' id='word_1_164' title='bbox 585 1325 651 1349; x_wconf 91' lang='lat' dir='ltr'>suo</span> <span class='ocrx_word' id='word_1_165' title='bbox 695 1312 805 1349; x_wconf 88' lang='lat' dir='ltr'>nobis</span> <span class='ocrx_word' id='word_1_166' title='bbox 833 1311 1094 1350; x_wconf 80' lang='lat' dir='ltr'>adumbratam</span> <span class='ocrx_word' id='word_1_167' title='bbox 1121 1326 1185 1363; x_wconf 90' lang='lat' dir='ltr'>per</span> <span class='ocrx_word' id='word_1_168' title='bbox 1214 1318 1380 1350; x_wconf 83' lang='lat' dir='ltr'>nostram</span> <span class='ocrx_word' id='word_1_169' title='bbox 1412 1326 1493 1350; x_wconf 83' lang='lat' dir='ltr'>cum</span> <span class='ocrx_word' id='word_1_170' title='bbox 1522 1313 1600 1351; x_wconf 87' lang='lat' dir='ltr'>Deo</span> <span class='ocrx_word' id='word_1_171' title='bbox 1628 1328 1693 1364; x_wconf 89' lang='lat' dir='ltr'>pa-</span> 
     </span>
     <span class='ocr_line' id='line_1_20' title="bbox 162 1376 1693 1428; baseline -0.001 -12"><span class='ocrx_word' id='word_1_172' title='bbox 162 1383 219 1417; x_wconf 84' lang='lat' dir='ltr'>tre</span> <span class='ocrx_word' id='word_1_173' title='bbox 253 1378 332 1416; x_wconf 90' lang='lat' dir='ltr'>filio</span> <span class='ocrx_word' id='word_1_174' title='bbox 368 1381 404 1415; x_wconf 86' lang='lat' dir='ltr'>et</span> <span class='ocrx_word' id='word_1_175' title='bbox 443 1377 576 1427; x_wconf 87' lang='lat' dir='ltr'>spiritu</span> <span class='ocrx_word' id='word_1_176' title='bbox 614 1380 742 1413; x_wconf 88' lang='lat' dir='ltr'>sancto</span> <span class='ocrx_word' id='word_1_177' title='bbox 783 1377 1096 1422; x_wconf 84' lang='lat' dir='ltr'>communionem,</span> <span class='ocrx_word' id='word_1_178' title='bbox 1132 1376 1220 1414; x_wconf 89' lang='lat' dir='ltr'>dum</span> <span class='ocrx_word' id='word_1_179' title='bbox 1248 1378 1287 1414; x_wconf 88' lang='lat' dir='ltr'>in</span> <span class='ocrx_word' id='word_1_180' title='bbox 1317 1391 1453 1415; x_wconf 88' lang='lat' dir='ltr'>nomen</span> <span class='ocrx_word' id='word_1_181' title='bbox 1482 1377 1551 1415; x_wconf 89' lang='lat' dir='ltr'>Dei</span> <span class='ocrx_word' id='word_1_182' title='bbox 1578 1379 1693 1428; x_wconf 84' lang='lat' dir='ltr'>patris</span> 
     </span>
     <span class='ocr_line' id='line_1_21' title="bbox 161 1441 1693 1494; baseline -0.001 -13"><span class='ocrx_word' id='word_1_183' title='bbox 161 1443 230 1481; x_wconf 90' lang='lat' dir='ltr'>filii</span> <span class='ocrx_word' id='word_1_184' title='bbox 265 1447 301 1481; x_wconf 88' lang='lat' dir='ltr'>et</span> <span class='ocrx_word' id='word_1_185' title='bbox 328 1442 480 1494; x_wconf 83' lang='lat' dir='ltr'>spiritus</span> <span class='ocrx_word' id='word_1_186' title='bbox 508 1441 627 1479; x_wconf 85' lang='lat' dir='ltr'>saneti</span> <span class='ocrx_word' id='word_1_187' title='bbox 657 1441 900 1491; x_wconf 83' lang='lat' dir='ltr'>baptizamur.</span> <span class='ocrx_word' id='word_1_188' title='bbox 954 1441 1041 1479; x_wconf 74' lang='lat' dir='ltr'>Quo</span> <span class='ocrx_word' id='word_1_189' title='bbox 1080 1441 1230 1492; x_wconf 87' lang='lat' dir='ltr'>quidem</span> <span class='ocrx_word' id='word_1_190' title='bbox 1265 1443 1378 1479; x_wconf 81' lang='lat' dir='ltr'>etiam</span> <span class='ocrx_word' id='word_1_191' title='bbox 1405 1442 1609 1492; x_wconf 86' lang='lat' dir='ltr'>respexisse</span> <span class='ocrx_word' id='word_1_192' title='bbox 1639 1443 1693 1479; x_wconf 88' lang='lat' dir='ltr'>vi-</span> 
     </span>
     <span class='ocr_line' id='line_1_22' title="bbox 164 1503 1694 1555; baseline -0.001 -12"><span class='ocrx_word' id='word_1_193' title='bbox 164 1505 270 1543; x_wconf 84' lang='lat' dir='ltr'>detur</span> <span class='ocrx_word' id='word_1_194' title='bbox 283 1505 433 1550; x_wconf 82' lang='lat' dir='ltr'>Paulus,</span> <span class='ocrx_word' id='word_1_195' title='bbox 462 1503 551 1541; x_wconf 86' lang='lat' dir='ltr'>(lum</span> <span class='ocrx_word' id='word_1_196' title='bbox 577 1517 645 1540; x_wconf 87' lang='lat' dir='ltr'>nos</span> <span class='ocrx_word' id='word_1_197' title='bbox 673 1503 713 1540; x_wconf 91' lang='lat' dir='ltr'>in</span> <span class='ocrx_word' id='word_1_198' title='bbox 734 1516 848 1540; x_wconf 87' lang='lat' dir='ltr'>unum</span> <span class='ocrx_word' id='word_1_199' title='bbox 869 1516 1001 1554; x_wconf 86' lang='lat' dir='ltr'>corpus</span> <span class='ocrx_word' id='word_1_200' title='bbox 1022 1517 1149 1541; x_wconf 87' lang='lat' dir='ltr'>omnes</span> <span class='ocrx_word' id='word_1_201' title='bbox 1171 1504 1349 1554; x_wconf 79' lang='lat' dir='ltr'>baptizari</span> <span class='ocrx_word' id='word_1_202' title='bbox 1369 1504 1475 1542; x_wconf 89' lang='lat' dir='ltr'>docet</span> <span class='ocrx_word' id='word_1_203' title='bbox 1492 1505 1533 1552; x_wconf 79' lang='lat'>‘).</span> <span class='ocrx_word' id='word_1_204' title='bbox 1563 1504 1694 1555; x_wconf 83' lang='lat' dir='ltr'>Neque</span> 
     </span>
     <span class='ocr_line' id='line_1_23' title="bbox 163 1568 1692 1619; baseline -0.001 -11"><span class='ocrx_word' id='word_1_205' title='bbox 163 1570 263 1608; x_wconf 88' lang='lat' dir='ltr'>enim</span> <span class='ocrx_word' id='word_1_206' title='bbox 297 1569 337 1606; x_wconf 89' lang='lat' dir='ltr'>in</span> <span class='ocrx_word' id='word_1_207' title='bbox 370 1582 487 1606; x_wconf 89' lang='lat' dir='ltr'>unum</span> <span class='ocrx_word' id='word_1_208' title='bbox 524 1568 684 1605; x_wconf 88' lang='lat' dir='ltr'>invicem</span> <span class='ocrx_word' id='word_1_209' title='bbox 722 1581 856 1618; x_wconf 89' lang='lat' dir='ltr'>eorpus</span> <span class='ocrx_word' id='word_1_210' title='bbox 885 1568 952 1604; x_wconf 90' lang='lat' dir='ltr'>sub</span> <span class='ocrx_word' id='word_1_211' title='bbox 983 1568 1132 1606; x_wconf 87' lang='lat' dir='ltr'>Christo</span> <span class='ocrx_word' id='word_1_212' title='bbox 1161 1568 1323 1605; x_wconf 83' lang='lat' dir='ltr'>Domino</span> <span class='ocrx_word' id='word_1_213' title='bbox 1354 1568 1535 1619; x_wconf 80' lang='lat' dir='ltr'>baptizari</span> <span class='ocrx_word' id='word_1_214' title='bbox 1561 1582 1692 1619; x_wconf 88' lang='lat' dir='ltr'>possu-</span> 
     </span>
     <span class='ocr_line' id='line_1_24' title="bbox 164 1632 1691 1684; baseline -0.001 -12"><span class='ocrx_word' id='word_1_215' title='bbox 164 1649 259 1680; x_wconf 86' lang='lat' dir='ltr'>mus,</span> <span class='ocrx_word' id='word_1_216' title='bbox 294 1634 385 1684; x_wconf 89' lang='lat' dir='ltr'>quin</span> <span class='ocrx_word' id='word_1_217' title='bbox 423 1633 532 1670; x_wconf 86' lang='lat' dir='ltr'>simul</span> <span class='ocrx_word' id='word_1_218' title='bbox 561 1632 674 1670; x_wconf 88' lang='lat' dir='ltr'>etiam</span> <span class='ocrx_word' id='word_1_219' title='bbox 702 1638 870 1670; x_wconf 83' lang='lat' dir='ltr'>nostram</span> <span class='ocrx_word' id='word_1_220' title='bbox 897 1634 1065 1670; x_wconf 85' lang='lat' dir='ltr'>omnium</span> <span class='ocrx_word' id='word_1_221' title='bbox 1095 1646 1178 1670; x_wconf 89' lang='lat' dir='ltr'>cum</span> <span class='ocrx_word' id='word_1_222' title='bbox 1207 1633 1356 1671; x_wconf 84' lang='lat' dir='ltr'>Christo</span> <span class='ocrx_word' id='word_1_223' title='bbox 1385 1634 1423 1670; x_wconf 89' lang='lat' dir='ltr'>in</span> <span class='ocrx_word' id='word_1_224' title='bbox 1453 1634 1581 1670; x_wconf 88' lang='lat' dir='ltr'>eodem</span> <span class='ocrx_word' id='word_1_225' title='bbox 1608 1634 1691 1684; x_wconf 90' lang='lat' dir='ltr'>ipso</span> 
     </span>
     <span class='ocr_line' id='line_1_25' title="bbox 165 1697 1692 1750; baseline -0.001 -14"><span class='ocrx_word' id='word_1_226' title='bbox 165 1711 319 1749; x_wconf 86' lang='lat' dir='ltr'>corpore</span> <span class='ocrx_word' id='word_1_227' title='bbox 364 1697 664 1734; x_wconf 87' lang='lat' dir='ltr'>communionem</span> <span class='ocrx_word' id='word_1_228' title='bbox 706 1702 836 1734; x_wconf 86' lang='lat' dir='ltr'>nostro</span> <span class='ocrx_word' id='word_1_229' title='bbox 884 1697 1068 1748; x_wconf 79' lang='lat' dir='ltr'>baptismo</span> <span class='ocrx_word' id='word_1_230' title='bbox 1106 1702 1335 1750; x_wconf 84' lang='lat' dir='ltr'>attestemur,</span> <span class='ocrx_word' id='word_1_231' title='bbox 1379 1697 1546 1748; x_wconf 83' lang='lat' dir='ltr'>adeoque</span> <span class='ocrx_word' id='word_1_232' title='bbox 1582 1703 1617 1735; x_wconf 88' lang='lat' dir='ltr'>et</span> <span class='ocrx_word' id='word_1_233' title='bbox 1654 1698 1692 1735; x_wconf 89' lang='lat' dir='ltr'>in</span> 
     </span>
     <span class='ocr_line' id='line_1_26' title="bbox 166 1761 1692 1814; baseline 0 -14"><span class='ocrx_word' id='word_1_234' title='bbox 166 1777 299 1814; x_wconf 89' lang='lat' dir='ltr'>eorpus</span> <span class='ocrx_word' id='word_1_235' title='bbox 343 1763 459 1813; x_wconf 85' lang='lat' dir='ltr'>ipsius</span> <span class='ocrx_word' id='word_1_236' title='bbox 503 1761 744 1812; x_wconf 83' lang='lat' dir='ltr'>baptizemur.</span> <span class='ocrx_word' id='word_1_237' title='bbox 790 1762 923 1812; x_wconf 85' lang='lat' dir='ltr'>Itaque</span> <span class='ocrx_word' id='word_1_238' title='bbox 958 1763 1032 1799; x_wconf 90' lang='lat' dir='ltr'>iam</span> <span class='ocrx_word' id='word_1_239' title='bbox 1066 1762 1112 1800; x_wconf 88' lang='lat' dir='ltr'>ad</span> <span class='ocrx_word' id='word_1_240' title='bbox 1140 1764 1251 1800; x_wconf 86' lang='lat' dir='ltr'>finem</span> <span class='ocrx_word' id='word_1_241' title='bbox 1290 1764 1615 1800; x_wconf 71' lang='lat' dir='ltr'>sacramentorum</span> <span class='ocrx_word' id='word_1_242' title='bbox 1654 1764 1692 1801; x_wconf 91' lang='lat' dir='ltr'>in</span> 
     </span>
     <span class='ocr_line' id='line_1_27' title="bbox 165 1825 1692 1878; baseline 0.001 -15"><span class='ocrx_word' id='word_1_243' title='bbox 165 1826 350 1876; x_wconf 85' lang='lat' dir='ltr'>baptismo</span> <span class='ocrx_word' id='word_1_244' title='bbox 387 1825 499 1862; x_wconf 81' lang='lat' dir='ltr'>etiam</span> <span class='ocrx_word' id='word_1_245' title='bbox 539 1825 910 1862; x_wconf 86' lang='lat' dir='ltr'>commonstrandum</span> <span class='ocrx_word' id='word_1_246' title='bbox 942 1826 1247 1876; x_wconf 79' lang='lat' dir='ltr'>progrediamur,</span> <span class='ocrx_word' id='word_1_247' title='bbox 1283 1831 1326 1864; x_wconf 89' lang='lat' dir='ltr'>ut</span> <span class='ocrx_word' id='word_1_248' title='bbox 1363 1828 1422 1864; x_wconf 87' lang='lat' dir='ltr'>hic</span> <span class='ocrx_word' id='word_1_249' title='bbox 1449 1841 1596 1878; x_wconf 88' lang='lat' dir='ltr'>quoque</span> <span class='ocrx_word' id='word_1_250' title='bbox 1625 1841 1692 1865; x_wconf 88' lang='lat' dir='ltr'>no-</span> 
     </span>
     <span class='ocr_line' id='line_1_28' title="bbox 164 1889 1462 1940; baseline 0 -13"><span class='ocrx_word' id='word_1_251' title='bbox 164 1894 280 1928; x_wconf 88' lang='lat' dir='ltr'>stram</span> <span class='ocrx_word' id='word_1_252' title='bbox 308 1889 564 1926; x_wconf 87' lang='lat' dir='ltr'>diffinitionem</span> <span class='ocrx_word' id='word_1_253' title='bbox 593 1889 696 1926; x_wconf 83' lang='lat' dir='ltr'>omni</span> <span class='ocrx_word' id='word_1_254' title='bbox 723 1903 766 1926; x_wconf 80' lang='lat' dir='ltr'>ex</span> <span class='ocrx_word' id='word_1_255' title='bbox 795 1893 899 1939; x_wconf 86' lang='lat' dir='ltr'>parte</span> <span class='ocrx_word' id='word_1_256' title='bbox 925 1890 1184 1940; x_wconf 86' lang='lat' dir='ltr'>adprobemus.</span> <span class='ocrx_word' id='word_1_257' title='bbox 1459 1938 1462 1939; x_wconf 19' lang='lat'><em>⁷</em></span> 
     </span>
    </p>

    <p class='ocr_par' dir='ltr' id='par_1_5' title="bbox 166 1953 1695 2709">
     <span class='ocr_line' id='line_1_29' title="bbox 216 1953 1692 2007; baseline 0.001 -15"><span class='ocrx_word' id='word_1_258' title='bbox 216 1955 347 1992; x_wconf 86' lang='lat' dir='ltr'>Finem</span> <span class='ocrx_word' id='word_1_259' title='bbox 383 1967 493 2004; x_wconf 87' lang='lat' dir='ltr'>porro</span> <span class='ocrx_word' id='word_1_260' title='bbox 532 1953 705 2004; x_wconf 86' lang='lat' dir='ltr'>baptismi</span> <span class='ocrx_word' id='word_1_261' title='bbox 744 1954 852 1991; x_wconf 86' lang='lat' dir='ltr'>nobis</span> <span class='ocrx_word' id='word_1_262' title='bbox 889 1954 1031 1992; x_wconf 83' lang='lat' dir='ltr'>indicat</span> <span class='ocrx_word' id='word_1_263' title='bbox 1062 1955 1194 1992; x_wconf 89' lang='lat' dir='ltr'>Petrus</span> <span class='ocrx_word' id='word_1_264' title='bbox 1236 1956 1447 2005; x_wconf 75' lang='lat' dir='ltr'>ApostolUS,</span> <span class='ocrx_word' id='word_1_265' title='bbox 1484 1955 1572 1992; x_wconf 85' lang='lat' dir='ltr'>dum</span> <span class='ocrx_word' id='word_1_266' title='bbox 1602 1955 1692 2007; x_wconf 84' lang='lat' dir='ltr'>bap·</span> 
     </span>
     <span class='ocr_line' id='line_1_30' title="bbox 166 2017 1691 2069; baseline 0.001 -12"><span class='ocrx_word' id='word_1_267' title='bbox 166 2019 315 2057; x_wconf 87' lang='lat' dir='ltr'>tismum</span> <span class='ocrx_word' id='word_1_268' title='bbox 343 2017 574 2066; x_wconf 69' lang='grc' dir='ltr'>ἐπερώτημα.</span> <span class='ocrx_word' id='word_1_269' title='bbox 604 2031 683 2055; x_wconf 86' lang='lat' dir='ltr'>esse</span> <span class='ocrx_word' id='word_1_270' title='bbox 711 2019 817 2055; x_wconf 86' lang='lat' dir='ltr'>docet</span> <span class='ocrx_word' id='word_1_271' title='bbox 849 2019 967 2056; x_wconf 84' lang='lat' dir='ltr'>bonae</span> <span class='ocrx_word' id='word_1_272' title='bbox 997 2020 1247 2057; x_wconf 85' lang='lat' dir='ltr'>conscientiae</span> <span class='ocrx_word' id='word_1_273' title='bbox 1277 2033 1362 2069; x_wconf 79' lang='lat' dir='ltr'>erga</span> <span class='ocrx_word' id='word_1_274' title='bbox 1395 2020 1511 2057; x_wconf 86' lang='lat' dir='ltr'>Deum</span> <span class='ocrx_word' id='word_1_275' title='bbox 1533 2023 1578 2069; x_wconf 63' lang='grc' dir='ltr'>Ξ).</span> <span class='ocrx_word' id='word_1_276' title='bbox 1625 2021 1691 2059; x_wconf 89' lang='lat' dir='ltr'>Et-</span> 
     </span>
     <span class='ocr_line' id='line_1_31' title="bbox 167 2082 1693 2133; baseline 0 -12"><span class='ocrx_word' id='word_1_277' title='bbox 167 2083 265 2121; x_wconf 89' lang='lat' dir='ltr'>enim</span> <span class='ocrx_word' id='word_1_278' title='bbox 307 2082 522 2133; x_wconf 85' lang='lat' dir='ltr'>Baptismus</span> <span class='ocrx_word' id='word_1_279' title='bbox 559 2086 686 2120; x_wconf 86' lang='lat' dir='ltr'>noster</span> <span class='ocrx_word' id='word_1_280' title='bbox 718 2083 857 2120; x_wconf 88' lang='lat' dir='ltr'>frustra</span> <span class='ocrx_word' id='word_1_281' title='bbox 893 2087 1086 2121; x_wconf 80' lang='lat' dir='ltr'>vocaretur</span> <span class='ocrx_word' id='word_1_282' title='bbox 1123 2082 1352 2133; x_wconf 58' lang='grc' dir='ltr'><em>ἐπερώτημκ</em></span> <span class='ocrx_word' id='word_1_283' title='bbox 1390 2084 1508 2121; x_wconf 87' lang='lat' dir='ltr'>bonae</span> <span class='ocrx_word' id='word_1_284' title='bbox 1545 2091 1693 2121; x_wconf 87' lang='lat' dir='ltr'>nostrae</span> 
     </span>
     <span class='ocr_line' id='line_1_32' title="bbox 166 2147 1694 2197; baseline 0.001 -12"><span class='ocrx_word' id='word_1_285' title='bbox 166 2162 253 2197; x_wconf 74' lang='lat' dir='ltr'>erga</span> <span class='ocrx_word' id='word_1_286' title='bbox 288 2147 409 2185; x_wconf 85' lang='lat' dir='ltr'>Deum</span> <span class='ocrx_word' id='word_1_287' title='bbox 447 2147 707 2192; x_wconf 88' lang='lat' dir='ltr'>conscientiae,</span> <span class='ocrx_word' id='word_1_288' title='bbox 744 2148 774 2184; x_wconf 86' lang='lat' dir='ltr'>si</span> <span class='ocrx_word' id='word_1_289' title='bbox 810 2160 890 2184; x_wconf 89' lang='lat' dir='ltr'>non</span> <span class='ocrx_word' id='word_1_290' title='bbox 926 2148 966 2184; x_wconf 91' lang='lat' dir='ltr'>in</span> <span class='ocrx_word' id='word_1_291' title='bbox 1003 2148 1074 2184; x_wconf 87' lang='lat' dir='ltr'>hoc</span> <span class='ocrx_word' id='word_1_292' title='bbox 1107 2154 1204 2185; x_wconf 89' lang='lat' dir='ltr'>esset</span> <span class='ocrx_word' id='word_1_293' title='bbox 1239 2148 1445 2193; x_wconf 85' lang='lat' dir='ltr'>institutus,</span> <span class='ocrx_word' id='word_1_294' title='bbox 1481 2153 1522 2185; x_wconf 89' lang='lat' dir='ltr'>ut</span> <span class='ocrx_word' id='word_1_295' title='bbox 1548 2149 1694 2186; x_wconf 89' lang='lat' dir='ltr'>animos</span> 
     </span>
     <span class='ocr_line' id='line_1_33' title="bbox 166 2211 1695 2263; baseline 0.001 -14"><span class='ocrx_word' id='word_1_296' title='bbox 166 2219 315 2252; x_wconf 82' lang='lat' dir='ltr'>nostros</span> <span class='ocrx_word' id='word_1_297' title='bbox 343 2212 381 2248; x_wconf 90' lang='lat' dir='ltr'>in</span> <span class='ocrx_word' id='word_1_298' title='bbox 411 2211 662 2249; x_wconf 79' lang='lat' dir='ltr'>conscientiae</span> <span class='ocrx_word' id='word_1_299' title='bbox 690 2211 955 2249; x_wconf 83' lang='lat' dir='ltr'>certaminibus</span> <span class='ocrx_word' id='word_1_300' title='bbox 983 2213 1255 2262; x_wconf 79' lang='lat' dir='ltr'>tranquillaret,</span> <span class='ocrx_word' id='word_1_301' title='bbox 1275 2212 1457 2258; x_wconf 83' lang='lat' dir='ltr'>fidu-(fol.</span> <span class='ocrx_word' id='word_1_302' title='bbox 1478 2213 1695 2263; x_wconf 77' lang='lat' dir='ltr'>87²¹)ciaque</span> 
     </span>
     <span class='ocr_line' id='line_1_34' title="bbox 166 2274 1694 2315; baseline 0.001 -2"><span class='ocrx_word' id='word_1_303' title='bbox 166 2281 315 2313; x_wconf 88' lang='lat' dir='ltr'>nostrae</span> <span class='ocrx_word' id='word_1_304' title='bbox 351 2287 434 2311; x_wconf 86' lang='lat' dir='ltr'>cum</span> <span class='ocrx_word' id='word_1_305' title='bbox 470 2274 617 2312; x_wconf 84' lang='lat' dir='ltr'>Christo</span> <span class='ocrx_word' id='word_1_306' title='bbox 657 2275 929 2313; x_wconf 86' lang='lat' dir='ltr'>communionis</span> <span class='ocrx_word' id='word_1_307' title='bbox 966 2276 1140 2313; x_wconf 83' lang='lat' dir='ltr'>adversus</span> <span class='ocrx_word' id='word_1_308' title='bbox 1176 2280 1333 2313; x_wconf 88' lang='lat' dir='ltr'>mortem</span> <span class='ocrx_word' id='word_1_309' title='bbox 1363 2278 1535 2314; x_wconf 71' lang='lat' dir='ltr'>Satanan}</span> <span class='ocrx_word' id='word_1_310' title='bbox 1565 2290 1607 2314; x_wconf 86' lang='lat' dir='ltr'>ac</span> <span class='ocrx_word' id='word_1_311' title='bbox 1635 2278 1694 2315; x_wconf 88' lang='lat' dir='ltr'>iu-</span> 
     </span>
     <span class='ocr_line' id='line_1_35' title="bbox 167 2338 1694 2390; baseline 0.001 -13"><span class='ocrx_word' id='word_1_312' title='bbox 167 2341 313 2377; x_wconf 79' lang='lat' dir='ltr'>fernum</span> <span class='ocrx_word' id='word_1_313' title='bbox 351 2338 607 2375; x_wconf 79' lang='lat' dir='ltr'>communiret.</span> <span class='ocrx_word' id='word_1_314' title='bbox 663 2338 723 2382; x_wconf 79' lang='lat' dir='ltr'>Et,</span> <span class='ocrx_word' id='word_1_315' title='bbox 760 2339 791 2375; x_wconf 85' lang='lat' dir='ltr'>si</span> <span class='ocrx_word' id='word_1_316' title='bbox 826 2339 864 2375; x_wconf 90' lang='lat' dir='ltr'>in</span> <span class='ocrx_word' id='word_1_317' title='bbox 903 2340 973 2376; x_wconf 90' lang='lat' dir='ltr'>hoc</span> <span class='ocrx_word' id='word_1_318' title='bbox 1009 2343 1063 2377; x_wconf 87' lang='lat' dir='ltr'>est</span> <span class='ocrx_word' id='word_1_319' title='bbox 1091 2340 1284 2377; x_wconf 77' lang='lat' dir='ltr'>institutus</span> <span class='ocrx_word' id='word_1_320' title='bbox 1314 2340 1531 2390; x_wconf 83' lang='lat' dir='ltr'>baptismus,</span> <span class='ocrx_word' id='word_1_321' title='bbox 1557 2346 1597 2378; x_wconf 87' lang='lat' dir='ltr'>ut</span> <span class='ocrx_word' id='word_1_322' title='bbox 1625 2355 1694 2378; x_wconf 89' lang='lat' dir='ltr'>no-</span> 
     </span>
     <span class='ocr_line' id='line_1_36' title="bbox 169 2401 1693 2442; baseline 0.001 -1"><span class='ocrx_word' id='word_1_323' title='bbox 169 2409 266 2441; x_wconf 87' lang='lat' dir='ltr'>stros</span> <span class='ocrx_word' id='word_1_324' title='bbox 301 2403 425 2440; x_wconf 80' lang='lat' dir='ltr'>animo</span> <span class='ocrx_word' id='word_1_325' title='bbox 482 2403 520 2439; x_wconf 89' lang='lat' dir='ltr'>in</span> <span class='ocrx_word' id='word_1_326' title='bbox 560 2401 807 2440; x_wconf 83' lang='lat' dir='ltr'>conscientiae</span> <span class='ocrx_word' id='word_1_327' title='bbox 845 2404 1110 2440; x_wconf 85' lang='lat' dir='ltr'>certaminibus</span> <span class='ocrx_word' id='word_1_328' title='bbox 1157 2403 1294 2440; x_wconf 84' lang='lat' dir='ltr'>fiducia</span> <span class='ocrx_word' id='word_1_329' title='bbox 1323 2405 1597 2442; x_wconf 88' lang='lat' dir='ltr'>communionis</span> <span class='ocrx_word' id='word_1_330' title='bbox 1627 2419 1693 2442; x_wconf 90' lang='lat' dir='ltr'>no-</span> 
     </span>
     <span class='ocr_line' id='line_1_37' title="bbox 169 2466 1695 2518; baseline 0.001 -13"><span class='ocrx_word' id='word_1_331' title='bbox 169 2474 265 2505; x_wconf 83' lang='lat' dir='ltr'>strae</span> <span class='ocrx_word' id='word_1_332' title='bbox 302 2480 383 2504; x_wconf 86' lang='lat' dir='ltr'>cum</span> <span class='ocrx_word' id='word_1_333' title='bbox 415 2466 562 2503; x_wconf 83' lang='lat' dir='ltr'>Christo</span> <span class='ocrx_word' id='word_1_334' title='bbox 593 2467 858 2511; x_wconf 83' lang='lat' dir='ltr'>connuuniret,</span> <span class='ocrx_word' id='word_1_335' title='bbox 895 2468 1128 2517; x_wconf 86' lang='lat' dir='ltr'>perspicuum</span> <span class='ocrx_word' id='word_1_336' title='bbox 1158 2471 1224 2510; x_wconf 85' lang='lat' dir='ltr'>est,</span> <span class='ocrx_word' id='word_1_337' title='bbox 1252 2468 1364 2504; x_wconf 88' lang='lat' dir='ltr'>finem</span> <span class='ocrx_word' id='word_1_338' title='bbox 1394 2468 1568 2518; x_wconf 80' lang='lat' dir='ltr'>baptismi</span> <span class='ocrx_word' id='word_1_339' title='bbox 1597 2469 1695 2506; x_wconf 84' lang='lat' dir='ltr'>bunc</span> 
     </span>
     <span class='ocr_line' id='line_1_38' title="bbox 169 2531 1694 2580; baseline -0.001 -10"><span class='ocrx_word' id='word_1_340' title='bbox 169 2546 266 2576; x_wconf 77' lang='lat' dir='ltr'>esse,</span> <span class='ocrx_word' id='word_1_341' title='bbox 305 2537 343 2569; x_wconf 87' lang='lat' dir='ltr'>ut</span> <span class='ocrx_word' id='word_1_342' title='bbox 380 2532 525 2568; x_wconf 82' lang='lat' dir='ltr'>animos</span> <span class='ocrx_word' id='word_1_343' title='bbox 561 2531 703 2580; x_wconf 85' lang='lat' dir='ltr'>piorum</span> <span class='ocrx_word' id='word_1_344' title='bbox 741 2531 778 2567; x_wconf 91' lang='lat' dir='ltr'>in</span> <span class='ocrx_word' id='word_1_345' title='bbox 811 2531 979 2569; x_wconf 84' lang='lat' dir='ltr'>Ecclesia</span> <span class='ocrx_word' id='word_1_346' title='bbox 1008 2532 1182 2580; x_wconf 72' lang='lat' dir='ltr'>obsignet</span> <span class='ocrx_word' id='word_1_347' title='bbox 1210 2532 1246 2568; x_wconf 91' lang='lat' dir='ltr'>in</span> <span class='ocrx_word' id='word_1_348' title='bbox 1277 2536 1404 2569; x_wconf 85' lang='lat' dir='ltr'>nostra</span> <span class='ocrx_word' id='word_1_349' title='bbox 1434 2541 1517 2569; x_wconf 84' lang='lat' dir='ltr'>cum</span> <span class='ocrx_word' id='word_1_350' title='bbox 1546 2533 1694 2569; x_wconf 78' lang='lat' dir='ltr'>Christo</span> 
     </span>
     <span class='ocr_line' id='line_1_39' title="bbox 171 2595 1693 2645; baseline -0.001 -11"><span class='ocrx_word' id='word_1_351' title='bbox 171 2596 332 2634; x_wconf 87' lang='lat' dir='ltr'>Domino</span> <span class='ocrx_word' id='word_1_352' title='bbox 363 2595 633 2632; x_wconf 81' lang='lat' dir='ltr'>communione.</span> <span class='ocrx_word' id='word_1_353' title='bbox 689 2595 784 2631; x_wconf 75' lang='lat' dir='ltr'>Tum</span> <span class='ocrx_word' id='word_1_354' title='bbox 813 2596 961 2633; x_wconf 88' lang='lat' dir='ltr'>demum</span> <span class='ocrx_word' id='word_1_355' title='bbox 989 2596 1086 2632; x_wconf 86' lang='lat' dir='ltr'>enim</span> <span class='ocrx_word' id='word_1_356' title='bbox 1114 2608 1239 2633; x_wconf 86' lang='lat' dir='ltr'>revera</span> <span class='ocrx_word' id='word_1_357' title='bbox 1268 2596 1337 2633; x_wconf 86' lang='lat' dir='ltr'>crit</span> <span class='ocrx_word' id='word_1_358' title='bbox 1365 2595 1596 2645; x_wconf 62' lang='grc' dir='ltr'>ἐπερώτημκ</span> <span class='ocrx_word' id='word_1_359' title='bbox 1627 2597 1693 2633; x_wconf 85' lang='lat' dir='ltr'>bo-</span> 
     </span>
     <span class='ocr_line' id='line_1_40' title="bbox 172 2658 1499 2709; baseline 0 -11"><span class='ocrx_word' id='word_1_360' title='bbox 172 2675 238 2698; x_wconf 82' lang='lat' dir='ltr'>nae</span> <span class='ocrx_word' id='word_1_361' title='bbox 267 2658 519 2697; x_wconf 70' lang='lat' dir='ltr'>conscientiae</span> <span class='ocrx_word' id='word_1_362' title='bbox 546 2672 631 2706; x_wconf 69' lang='lat' dir='ltr'>erga</span> <span class='ocrx_word' id='word_1_363' title='bbox 661 2659 778 2695; x_wconf 86' lang='lat' dir='ltr'>Deum</span> <span class='ocrx_word' id='word_1_364' title='bbox 808 2661 853 2706; x_wconf 80' lang='lat'>²),</span> <span class='ocrx_word' id='word_1_365' title='bbox 880 2660 1195 2709; x_wconf 80' lang='lat' dir='ltr'>quemadmodum</span> <span class='ocrx_word' id='word_1_366' title='bbox 1223 2660 1351 2698; x_wconf 86' lang='lat' dir='ltr'>Petrus</span> <span class='ocrx_word' id='word_1_367' title='bbox 1380 2661 1499 2698; x_wconf 88' lang='lat' dir='ltr'>docet.</span> 
     </span>
    </p>

    <p class='ocr_par' dir='ltr' id='par_1_6' title="bbox 222 2722 1694 2776">
     <span class='ocr_line' id='line_1_41' title="bbox 222 2722 1694 2776; baseline 0 -15"><span class='ocrx_word' id='word_1_368' title='bbox 222 2725 294 2762; x_wconf 84' lang='lat' dir='ltr'>Sed</span> <span class='ocrx_word' id='word_1_369' title='bbox 330 2730 364 2761; x_wconf 90' lang='lat' dir='ltr'>et</span> <span class='ocrx_word' id='word_1_370' title='bbox 397 2723 487 2760; x_wconf 80' lang='lat' dir='ltr'>alibi</span> <span class='ocrx_word' id='word_1_371' title='bbox 517 2722 548 2769; x_wconf 76' lang='lat'>³)</span> <span class='ocrx_word' id='word_1_372' title='bbox 586 2722 656 2759; x_wconf 87' lang='lat' dir='ltr'>boc</span> <span class='ocrx_word' id='word_1_373' title='bbox 693 2723 813 2772; x_wconf 75' lang='lat' dir='ltr'>ipsum</span> <span class='ocrx_word' id='word_1_374' title='bbox 853 2725 1046 2761; x_wconf 82' lang='lat' dir='ltr'>confirmat</span> <span class='ocrx_word' id='word_1_375' title='bbox 1083 2724 1181 2761; x_wconf 87' lang='lat' dir='ltr'>idem</span> <span class='ocrx_word' id='word_1_376' title='bbox 1217 2724 1359 2769; x_wconf 79' lang='lat' dir='ltr'>Petrus,</span> <span class='ocrx_word' id='word_1_377' title='bbox 1398 2725 1481 2761; x_wconf 85' lang='lat' dir='ltr'>dum</span> <span class='ocrx_word' id='word_1_378' title='bbox 1530 2737 1604 2767; x_wconf 87' lang='lat' dir='ltr'>eos,</span> <span class='ocrx_word' id='word_1_379' title='bbox 1632 2725 1694 2776; x_wconf 83' lang='lat' dir='ltr'>qui</span> 
     </span>
    </p>
   </div>
   <div class='ocr_carea' id='block_1_3' title="bbox 216 2862 1091 2903">
    <p class='ocr_par' dir='ltr' id='par_1_7' title="bbox 216 2862 1091 2903">
     <span class='ocr_line' id='line_1_42' title="bbox 216 2862 1091 2903; baseline 0.001 -9"><span class='ocrx_word' id='word_1_380' title='bbox 216 2865 239 2903; x_wconf 85' lang='lat'>¹)</span> <span class='ocrx_word' id='word_1_381' title='bbox 266 2864 280 2894; x_wconf 86' lang='lat'>1</span> <span class='ocrx_word' id='word_1_382' title='bbox 306 2863 378 2896; x_wconf 72' lang='lat' dir='ltr'>eor.</span> <span class='ocrx_word' id='word_1_383' title='bbox 403 2863 451 2895; x_wconf 79' lang='lat'>12.</span> <span class='ocrx_word' id='word_1_384' title='bbox 578 2862 604 2901; x_wconf 74' lang='lat'>2)</span> <span class='ocrx_word' id='word_1_385' title='bbox 632 2863 646 2894; x_wconf 84' lang='lat'>1</span> <span class='ocrx_word' id='word_1_386' title='bbox 672 2863 739 2895; x_wconf 66' lang='lat' dir='ltr'>Pet,</span> <span class='ocrx_word' id='word_1_387' title='bbox 763 2863 792 2893; x_wconf 80' lang='lat'>3.</span> <span class='ocrx_word' id='word_1_388' title='bbox 921 2862 947 2902; x_wconf 83' lang='grc'>3)</span> <span class='ocrx_word' id='word_1_389' title='bbox 970 2864 1039 2895; x_wconf 79' lang='lat' dir='ltr'>Act.</span> <span class='ocrx_word' id='word_1_390' title='bbox 1063 2864 1091 2898; x_wconf 73' lang='lat'>2.</span> 
     </span>
    </p>
   </div>
  </div>
 </body>
</html>
