1818 3178
1520 167 1591 203 305

66 261 213 312 phalas,
239 276 334 314 quae
362 263 455 301 coeli
482 264 604 302 locum
634 279 653 304 a
682 270 778 304 terra
805 267 858 305 ita
887 268 1101 308 discernant
1138 274 1179 309 ut
1206 271 1331 310 locum
1359 274 1452 312 coeli
1467 274 1589 326 ipsum

68 337 240 376 superna,
275 330 395 364 terrae
421 340 506 365 vero
542 329 666 367 locum
693 329 839 369 inferna
868 345 945 370 esse
971 336 1168 381 testentur,
1195 348 1336 387 nosque
1362 337 1414 376 ita
1441 338 1590 378 demum

66 387 272 433 hortentur,
299 394 338 427 ut
366 402 407 427 ea
435 404 527 441 quae
556 405 745 430 sursum
773 399 860 432 sunt
887 398 1038 446 (nempe
1065 396 1102 435 in
1133 399 1266 446 coelo),
1293 413 1370 438 non
1397 406 1520 439 autem
1547 416 1589 441 ea

65 465 159 503 quae
186 453 317 491 infra
345 458 433 492 sunt
460 457 609 506 (nempe
635 457 675 494 in
701 458 840 505 terris),
868 458 1004 496 nedum
1032 474 1126 511 quae
1153 461 1291 513 ubique
1314 468 1413 511 sunt,
1432 479 1587 516 quaera-

65 527 147 552 mus
183 520 220 553 et
248 517 536 556 consideremus.
591 518 751 557 Damnct
779 520 867 557 item
895 526 931 558 et
958 522 1115 560 Paulum
1143 525 1366 575 Apostolum
1392 528 1589 578 peculiari-

63 582 131 623 ter,
166 579 230 629 qui
266 579 456 618 dexteram
493 581 562 619 Dei
597 583 718 634 (quod
743 583 790 621 ad
817 585 958 633 gloriae
985 589 1020 623 et
1047 588 1250 636 majestatis
1278 589 1436 629 Divinae
1463 593 1587 642 splen-

61 641 190 680 dorem
217 643 439 682 immensum
466 649 576 696 atque
603 646 824 685 ineffabilem
853 649 1004 697 attinet)
1022 651 1124 688 coelo
1144 652 1417 693 circumscribit
1438 655 1478 703 ¹).
1509 656 1587 695 Qui

62 706 244 753 consedit,
269 707 404 759 inquit.
422 709 469 747 ad
499 710 746 748 dexteram
773 711 842 749 Dei
870 712 917 750 in
943 715 1174 761 coelis,--
1193 721 1304 768 atque
1319 719 1408 756 alibi
1428 733 1587 768 rursum,

63 770 170 809 Quae
197 786 343 810 sursum
370 779 458 812 sunt
485 775 662 825 quaerite,
689 776 773 814 ubi
801 781 855 814 est
884 778 1054 817 Christus
1073 780 1119 817 ad
1143 780 1334 820 dexteram
1353 783 1422 822 Dei
1443 786 1587 833 sedens,

60 836 134 874 nisi
161 837 193 874 si
221 837 457 889 Westphalus
485 836 634 877 rursum
661 840 816 878 vocibus
831 841 913 880 istis
934 843 1045 880 etiam
1075 845 1210 893 nubi,
1235 846 1324 892 ibi,
1352 862 1410 887 un
1424 850 1502 888 de''
1527 852 1584 888 lo-

60 912 188 938 corum
231 902 446 941 discrimine
487 903 592 941 iuxta
638 904 791 955 spiritus
827 906 885 943 sui
924 907 1202 948 Grammatieen
1238 911 1426 962 designari
1462 920 1586 965 neget.

61 963 149 1001 Hoc
174 965 300 1010 faciat,
328 966 494 1017 inquam,
521 980 642 1005 novus
676 968 737 1005 hic
764 970 911 1020 profeta
939 972 1159 1019 Saxonicus,
1186 975 1218 1011 si
1242 976 1347 1014 Pauli
1374 977 1584 1018 doctrinam

59 1027 99 1065 in
135 1029 245 1067 nobis
282 1029 447 1075 damnat,
472 1034 547 1077 aut,
583 1031 615 1068 si
653 1031 694 1069 id
728 1046 805 1070 non
840 1038 975 1084 potest,
1011 1035 1052 1073 in
1096 1050 1165 1075 nos
1209 1050 1357 1090 quoque
1404 1041 1584 1081 blaterare

59 1096 188 1132 cesset.
242 1093 298 1131 De
332 1107 409 1132 uno
436 1094 563 1145 aliquo
592 1095 685 1133 coeli
710 1096 794 1134 loco
821 1098 993 1148 proximo
1022 1099 1259 1152 Paragrapho
1286 1103 1362 1140 iam
1388 1106 1585 1156 respondi-

57 1169 154 1203 mus,
188 1171 320 1209 nempe
355 1172 432 1197 non
469 1163 635 1197 nostram
673 1160 733 1198 hie
760 1161 969 1201 doctrinam
1005 1178 1026 1201 a
1055 1164 1286 1216 Westphalo‚
1313 1168 1376 1206 sed
1403 1170 1487 1218 (fol.
1518 1173 1584 1219 58)

57 1234 123 1259 sua
148 1221 266 1273 ipsius
293 1224 470 1272 figmenta
499 1225 719 1275 oppugnari.
773 1226 881 1264 Pauli
908 1228 1031 1266 locum
1061 1229 1104 1267 de
1132 1235 1259 1268 nostra
1285 1231 1325 1269 in
1354 1233 1465 1271 coelis
1493 1248 1584 1272 eon-

56 1285 266 1324 versatione
303 1285 502 1336 insigniter
537 1300 558 1324 a
595 1301 654 1326 me
690 1288 896 1339 depravari,
932 1290 1024 1329 dicit
1060 1293 1223 1343 quidem,
1259 1295 1322 1332 sed
1352 1309 1429 1333 non
1458 1296 1580 1338 docet.

56 1348 139 1398 Ego
167 1362 291 1400 porro,
319 1350 351 1387 si
377 1350 467 1401 quid
496 1351 558 1389 hic
586 1351 760 1403 depravo,
788 1366 870 1391 cum
897 1354 1057 1406 ipsomet
1085 1356 1200 1395 Paulo
1229 1360 1425 1409 Apostolo‚
1452 1361 1508 1398 sui
1525 1362 1583 1413 ip-

55 1413 132 1451 sius
167 1414 380 1466 interprete,
417 1416 590 1467 depravo,
626 1417 690 1468 qui
725 1431 808 1465 nos,
844 1422 884 1456 ut
919 1419 991 1458 iam
1022 1424 1076 1459 est
1104 1421 1257 1468 dictum,
1285 1428 1320 1461 et
1347 1438 1520 1475 quaerere
1546 1432 1583 1465 et

53 1478 189 1517 mentis
217 1483 366 1518 nostrae
393 1481 511 1519 oeulis
537 1482 678 1520 intueri
705 1483 798 1528 vult,
826 1497 900 1522 non
930 1486 1102 1536 equidem
1132 1494 1184 1528 τέι
1213 1486 1278 1528 ἐπὶ
1309 1495 1381 1537 τῆς
1407 1497 1492 1541 γῆς,
1511 1491 1583 1529 hoc

53 1546 122 1589 est,
149 1557 244 1595 quae
271 1544 309 1582 in
336 1545 446 1583 terris
474 1546 532 1584 vel
560 1551 646 1585 sunt
674 1548 732 1585 vel
759 1549 867 1594 fiunt,
895 1549 959 1587 sed
988 1556 1041 1591 τῑι
1069 1553 1157 1597 ἅνω,
1185 1551 1256 1589 hoc
1283 1558 1350 1598 est,
1369 1567 1462 1605 quae
1482 1569 1580 1593 sur-

52 1620 150 1645 sum
186 1612 273 1646 sunt
306 1613 369 1647 aut
403 1614 598 1659 geruntur,
631 1611 717 1649 ubi
754 1616 904 1650 nostrae
939 1627 1004 1664 per
1039 1615 1151 1652 fidem
1190 1618 1483 1656 conversationis
1521 1620 1576 1657 lo-

54 1684 138 1709 cum
164 1686 256 1716 esse,
283 1677 319 1711 et
345 1673 457 1712 inde
486 1675 678 1714 Christum
705 1675 911 1716 Dominum
937 1680 1124 1730 expectari
1150 1680 1211 1718 hie
1238 1681 1277 1719 in
1303 1685 1401 1720 terra
1418 1697 1439 1721 a
1458 1683 1582 1732 nobis,

53 1749 262 1788 coenaeque
297 1751 404 1776 usum
438 1739 510 1777 hoe
545 1740 626 1791 ipso
654 1742 924 1792 expectationis
951 1748 1116 1795 tempore
1144 1747 1345 1792 observari,
1372 1748 1490 1786 donec
1518 1763 1580 1787 ve-

52 1801 144 1848 niat,
179 1806 349 1853 oportere
386 1808 556 1843 testatur.
609 1806 689 1843 Aut
724 1806 841 1856 igitur
874 1807 1073 1858 ipsummet
1109 1810 1265 1849 Paulum
1293 1812 1480 1861 insignem
1507 1813 1578 1851 im-

51 1866 153 1917 pium
198 1870 309 1918 atque
352 1867 609 1919 impudentem
652 1884 796 1909 meeum.
841 1886 916 1911 una
953 1873 1114 1925 suipsius
1151 1875 1429 1927 depravatorem
1466 1878 1578 1916 faciat

53 1930 292 1982 Westphalus
326 1932 366 1970 in
402 1932 568 1985 Erinnys
604 1948 690 1973 suae
724 1936 896 1984 gratiam,
933 1941 996 1975 aut
1031 1939 1230 1988 intelligat,
1257 1940 1297 1978 in
1325 1955 1362 1979 se
1388 1941 1426 1978 id
1455 1945 1575 1980 totum

49 1995 225 2042 recidere,
260 1996 361 2047 quod
396 1997 507 2035 nobis
546 1998 640 2036 falso
677 2000 865 2051 impingit,
902 2015 1012 2053 seque
1044 2003 1084 2041 in
1121 2005 1232 2041 nobis
1267 2005 1487 2044 accusandis
1517 2006 1574 2044 in—

50 2060 209 2111 signiter
234 2061 413 2110 insanire,
440 2063 530 2101 dum
557 2077 577 2102 a
605 2065 716 2104 nobis
743 2066 850 2104 Pauli
874 2067 1000 2105 locum
1026 2067 1225 2118 insigniter
1243 2070 1433 2121 depravari
1453 2073 1574 2122 fingit.

1196 2134 1327 2174 Ioan.
1356 2135 1378 2173 a
1406 2136 1573 2177 Lasco.

556 2196 618 2232 26.
1226 2199 1336 2237 Vicio
1366 2201 1572 2252 exscripto-

431 2254 758 2307 Westphalus.
1182 2261 1233 2299 ris
1260 2266 1323 2300 aut
1348 2264 1573 2315 typographi

104 2318 195 2364 Quis
221 2332 387 2369 unquam
413 2321 500 2369 leqit
525 2324 581 2359 vel
605 2324 746 2361 audivit
772 2325 895 2374 mayz's
913 2326 1121 2374 phanatica
1174 2326 1313 2365 factum
1376 2333 1479 2379 puto,
1533 2334 1572 2368 ut

46 2385 172 2431 verba,
201 2398 313 2434 quam
342 2387 442 2435 qaod
455 2387 556 2434 fides
583 2388 676 2425 nihil
700 2389 758 2426 lzz'e
786 2389 825 2426 in
853 2391 961 2427 terris
978 2391 1123 2429 intuea-
1174 2396 1259 2442 post
1287 2392 1412 2430 nihil
1440 2395 1571 2433 vocula

48 2450 135 2487 tur?
188 2451 295 2499 Erqo
331 2463 398 2488 nec
434 2452 582 2489 verbum
618 2453 790 2500 intuetur,
828 2456 929 2504 quod
957 2457 994 2493 in
1023 2463 1125 2494 terra
1178 2456 1318 2495 huius
1365 2458 1412 2497 sit
1457 2460 1571 2498 omis-

42 2516 303 2564 praedicatur,
335 2528 402 2553 nec
429 2517 665 2565 Baptismnm
702 2531 769 2557 nec
800 2518 959 2557 Coenam
988 2521 1118 2558 Domi·
1173 2535 1224 2566 sa,
1260 2536 1354 2573 quae
1382 2538 1440 2562 me
1467 2526 1569 2563 omni

44 2579 184 2624 nicam,
221 2592 318 2629 quae
353 2581 393 2617 in
429 2581 538 2618 terris
565 2582 888 2629 administrantur,
915 2598 981 2622 nec
1014 2586 1121 2623 Chri-
1174 2585 1417 2638 Westphaliei
1459 2588 1570 2639 hujus

46 2648 140 2681 stum
193 2645 361 2693 quidem,
401 2645 546 2682 etiamsi
596 2647 797 2684 secundum
836 2650 1118 2696 promissionem
1170 2650 1361 2690 fanatismi
1390 2653 1495 2704 eulpa
1523 2654 1569 2691 li-

46 2717 152 2743 suam
188 2720 270 2744 cum
303 2708 474 2754 fidelibus
500 2709 559 2754 sit,
585 2710 650 2747 ubi
674 2711 826 2749 docetur
854 2713 1115 2762 Euanyeh'um,
1169 2714 1341 2754 beratura
1394 2720 1485 2761 erat,
1540 2718 1570 2755 si

45 2768 289 2810 Sacramenta
325 2776 394 2811 rite
430 2774 696 2823 dispensantur
732 2783 765 2814 et
798 2789 929 2815 nomen
962 2779 1038 2816 eius
1065 2780 1122 2816 in·
1175 2780 1398 2819 omissanon
1411 2782 1568 2830 (f01.59)

89 2909 114 2947 ¹)
137 2909 235 2943 Hebr.
258 2912 288 2944 4.
332 2912 447 2954 Ephes.
473 2914 500 2947 1.
545 2914 649 2948 Colos.
673 2916 702 2948 3.

93 2961 128 3004 Ῑ.
1371 2977 1418 3013 20
