1818 3178
665 132 716 159 DE
744 133 830 159 FUG.
862 129 1010 157 PAPls'r.
1041 129 1191 155 SACRls.

178 240 276 274 recte
320 249 367 272 an
413 247 517 271 secus
555 233 708 281 egerint,
745 233 914 270 dubitare

177 300 370 350 incipiant.
400 298 555 347 siquae
582 298 695 345 igitur
724 298 761 334 in
791 296 913 334 Sacris

1644 112 1687 149 91

967 231 1035 268 den
1065 229 1202 267 verlate
1230 228 1292 265 des
1321 225 1571 264 Pauwstdoms
1598 223 1698 270 (wel-

968 295 1058 331 eken
1087 307 1129 342 zy
1158 306 1226 330 ons
1254 291 1482 339 toegliezlaen
1513 288 1611 333 zicn)
1636 288 1699 323 bc-

178 363 372 414 Papisticis
413 361 641 398 inveniretur
692 359 911 411 praesentia,
963 358 1127 407 gliinnen
1156 361 1193 394 tc
1220 356 1405 404 twijfelen,
1434 354 1476 390 of
1501 366 1542 401 κγ
1573 352 1634 388 wel
1664 352 1706 387 of

184 440 278 478 quae
305 439 326 462 a
355 426 454 464 hisce
482 425 655 462 omnibus
682 424 800 468 malis,
820 428 854 460 et
874 424 919 460 al)

183 491 284 528 omni
311 503 438 527 eorum
466 501 612 539 quoqne
631 488 839 538 suspicione
858 487 915 524 in-

184 554 401 591 dubitanter
426 553 543 589 libera
571 556 678 594 essct,
706 552 750 588 de
777 564 817 588 ea
846 551 922 587 for-

182 632 248 656 san
296 630 372 654 non
418 617 508 653 adeo
558 620 696 653 certare
733 615 919 652 vellemus.

183 684 234 720 At
262 694 348 718 vero
376 681 488 718 talem
517 681 657 717 nullam
683 680 793 716 aliam
815 679 919 715 inve-

183 747 321 791 nimus,
347 760 459 796 quam
487 746 518 783 si
543 745 626 782 ideo
658 744 841 794 Papistica
863 756 919 779 sa-

185 825 246 849 era
274 811 460 854 adeamus,
494 816 535 847 ut
561 809 708 860 publica
738 808 823 844 fidei
850 819 918 843 no-

185 880 282 913 strae
327 875 560 912 confessione
595 873 732 918 ansam¹
768 884 921 921 quaera-

185 955 267 978 mus
315 940 521 991 Papisticae
564 936 764 988 impietatis
800 947 923 985 repre-

187 1005 402 1042 hendendae
439 1007 550 1053 atque
570 999 820 1052 promovendi
846 998 923 1035 Eu-

391 1069 452 1105 Sic
479 1067 680 1118 Apostolos
703 1065 812 1114 jubet
840 1065 920 1100 An-

185 1135 303 1183 gelus,
346 1136 544 1183 postquam
579 1143 598 1167 e
635 1142 780 1166 carcere
815 1130 919 1164 crant

188 1196 342 1240 dimissi,
379 1200 418 1232 nt
452 1193 633 1244 prodeant
668 1192 707 1228 in
734 1190 926 1240 templum,

187 1266 224 1299 et
257 1260 378 1310 palam
411 1257 552 1294 ibidem
578 1255 792 1306 praedicent
819 1257 929 1302 atquc

187 1070 335 1119 angelii.

195 1323 418 1362 annuntient
454 1320 578 1357 omnia
625 1319 736 1356 verba
765 1318 862 1354 vitae
889 1317 934 1364 ⁷),

973 421 1121 472 qualick
1150 420 1284 457 dacran
1314 418 1420 455 doen.
1476 417 1526 453 ΖΟ
1555 415 1627 452 dan
1658 415 1703 463 by

971 486 1039 522 den
1076 484 1309 521 Pauwstsche
1337 481 1577 532 godsdienste
1605 479 1704 517 661ιί-

975 550 1047 598 ghe
1065 547 1394 597 teghewordigheit
1416 545 1560 583 vonden
1574 543 1707 587 wurde,

975 613 1060 649 dieu
1097 625 1167 648 van
1204 612 1299 648 allen
1338 610 1449 647 dczcn
1478 608 1637 659 quadcn,
1664 611 1707 643 εὖ

974 690 1044 713 van
1072 676 1168 712 allcn
1193 677 1385 724 larngaane
1413 674 1476 710 dci·
1501 673 1621 709 zelucr
1641 684 1708 708 on-

975 740 1189 789 ghctwijfelt
1219 742 1284 788 vrij
1306 752 1412 781 ware,
1432 739 1587 775 darouer
1606 736 1710 773 zolde

973 819 1025 854 wy
1061 805 1272 853 mog-heliel<
1310 817 1352 840 zo
1381 816 1461 840 zeer
1489 803 1566 840 niet
1594 803 1711 839 willon

977 869 1143 917 st1·ijden.
1199 868 1280 905 Mer
1322 868 1451 904 zulcke
1487 867 1619 904 vindcn
1658 879 1710 913 wy

977 934 1095 982 gheen
1123 932 1269 977 andere,
1290 932 1361 969 dan
1384 945 1549 969 wanneer
1571 945 1713 980 wy·ons

978 998 1057 1034 alzo
1084 996 1123 1033 in
1142 996 1211 1033 den
1234 996 1492 1032 Pauwstschen
1512 995 1714 1044 godsdien-

975 1066 1055 1100 sten
1083 1062 1214 1110 gheuff,
1243 1060 1306 1098 dat
1334 1074 1387 1109 wy
1415 1061 1483 1097 mit
1513 1060 1714 1111 opffitlieker

977 1125 1211 1173 belijdenisse
1225 1137 1336 1161 onzes
1346 1124 1547 1172 ghelooues
1559 1124 1716 1160 corzake

978 1187 1129 1232 zoucke,
1151 1187 1212 1223 des
1230 1186 1448 1223 Pauwstdos
1460 1186 1717 1235 godlooszheit

981 1256 1017 1289 te
1046 1250 1179 1295 straffe,
1208 1255 1252 1287 en
1274 1251 1334 1287 het
1356 1249 1532 1298 Euagelio
1551 1254 1588 1287 te
1609 1263 1717 1286 voor-

987 1315 1113 1353 deren.
1168 1315 1261 1351 Alzo
1297 1314 1474 1363 ghebiedt
1501 1314 1545 1350 de
1574 1314 1718 1362 Enghcl

190 1390 231 1424 ut
273 1389 396 1423 autem
433 1382 730 1421 dissimulatione
764 1379 923 1431 quadam
970 1377 1717 1428 denApostele,alszynuwtdergheuag-

193 1450 421 1488 ,Iudaeorum
442 1448 671 1498 impietatem
699 1446 932 1489 confirment,

191 1516 295 1553 nullo
339 1514 464 1552 modo.

191 1583 281 1618 runt
317 1577 492 1629 Apostoli
526 1577 565 1614 in
601 1575 792 1626 templum,
826 1577 931 1624 post-

192 1657 303 1694 quam
346 1641 537 1679 doctrinae
573 1652 660 1677 suae
695 1642 806 1688 atque
842 1637 928 1674 fidei

539 1512 600 1549 Sic
650 1511 766 1560 igitur
819 1522 929 1546 vene-

193 1721 280 1745 suae
308 1706 493 1744 confessio
521 1705 695 1742 omnibus
715 1702 930 1740 hominibus

196 1773 344 1822 cognita
396 1775 504 1816 esset,
556 1774 598 1808 ut
651 1771 736 1818 (28)
779 1768 932 1805 eandem

195 1833 293 1870 hanc
328 1832 536 1869 doctrinam
570 1831 609 1867 in
645 1830 784 1880 templo
823 1829 931 1865 doce-

196 1900 292 1940 rent,
318 1908 394 1932 non
422 1907 521 1936 vero,
546 1897 588 1930 ut
617 1905 700 1929 cum
729 1892 838 1940 hujus
857 1891 932 1928 dis-

196 1959 434 1997 simulatione
459 1958 499 1994 in
528 1957 640 1994 sacris
660 1956 828 1993 Judaicis
845 1960 930 1992 tan--

198 2037 309 2074 quam
332 2022 436 2060 socii
461 2035 588 2058 eorum
612 2020 930 2071 deprehenderen-

197 2093 272 2126 tur.
310 2085 486 2123 Similiter
513 2097 661 2135 quoque
695 2084 767 2121 tria
804 2083 932 2127 millia,

200 2151 265 2202 qui
291 2163 367 2188 uno
397 2149 455 2186 die
481 2149 527 2186 ab
550 2148 742 2198 Apostolis
762 2147 937 2197 baptizati

201 2222 286 2255 sunt
313 2218 358 2264 δ’),
392 2215 553 2266 primum
580 2214 691 2251 fidem
720 2227 823 2250 suam
851 2226 937 2263 pro-

199 2283 289 2320 fessi
325 2285 412 2318 sunt
448 2294 469 2317 a
503 2279 656 2329 reliquis
698 2278 936 2320 discedendo,

202 2346 463 2385 communione
514 2345 604 2381 item
648 2356 790 2388 rerum,
844 2356 936 2392 quas

202 2410 453 2462 [communes]
493 2408 591 2444 inter
619 2420 656 2444 se
682 2406 841 2443 invicem
870 2406 935 2442 ha·

203 2477 355 2518 behant,
390 2477 501 2524 atque
543 2472 649 2522 panis
677 2471 869 2513 fractione,
905 2474 941 2508 et

203 2543 406 2579 manebant
426 2537 699 2576 consentientes
720 2539 830 2585 atquc
848 2548 941 2572 una-

205 2606 323 2643 nimes
360 2603 481 2649 (adeo,
515 2605 556 2637 ut
583 2599 689 2636 alteri
715 2598 807 2635 alter
834 2611 942 2646 aeg-re

204 2682 280 2706 non
308 2669 463 2713 faceret)
482 2664 649 2716 quotidie
667 2666 943 2712 perseveranter

205 2733 246 2770 in
271 2732 422 2783 templo,
452 2743 526 2766 non
554 2733 677 2765 tamen
706 2726 781 2762 ulla
799 2725 940 2762 doctri-

249 2874 274 2911 7)
298 2873 367 2902 Aet.
392 2872 409 2901 5
434 2870 462 2901 d.

986 1443 1084 1480 nisse
1113 1443 1190 1479 losz
1210 1444 1295 1490 zijn,
1313 1441 1376 1478 dat
1395 1455 1438 1491 zy
1458 1442 1549 1478 heen
1568 1455 1661 1490 gaen
1681 1442 1719 1479 in

984 1508 1053 1545 den
1064 1508 1174 1558 tepel,
1182 1512 1225 1544 esi
1236 1507 1359 1544 aldaer
1371 1506 1558 1558 opentliek
1568 1507 1721 1557 predikc

985 1572 1135 1609 efileere
1163 1572 1234 1608 alle
1257 1571 1377 1608 worde
1397 1571 1501 1608 dezes
1521 1571 1647 1608 lenens
1668 1572 1719 1617 ⁷):

981 1637 1043 1673 dat
1071 1649 1114 1684 zy
1145 1636 1237 1672 door
1266 1635 1523 1685 bewimpeling
1547 1635 1608 1671 der
1629 1634 1722 1671 Jnde

983 1701 1242 1750 godlooszheit
1278 1700 1461 1744 starcker),
1488 1700 1720 1748 gheenszins.

980 1767 1073 1804 Alzo
1084 1779 1242 1817 quamen
1256 1765 1490 1815 deApostels,
1503 1779 1549 1802 na
1559 1765 1642 1802 dien
1656 1765 1722 1802 116-

985 1841 1042 1864 rer
1062 1827 1135 1864 leer
1153 1827 1247 1864 ende
1258 1827 1344 1863 hors
1355 1826 1557 1875 ghelooues
1571 1826 1722 1874 belijde-

987 1890 1064 1928 nisz
1090 1890 1160 1927 alle
1187 1889 1387 1926 menschen
1417 1889 1554 1926 bekent
1582 1903 1665 1932 was,
1684 1890 1723 1926 iu

987 1955 1058 1992 den
1071 1955 1223 2004 Tempel
1234 1954 1297 1991 dat
1308 1968 1351 2003 zy
1364 1954 1407 1991 de
1419 1956 1502 2002 (28)
1515 1954 1618 1991 zelue
1628 1954 1722 1991 lecre

982 2020 1023 2056 in
1044 2019 1113 2056 den
1125 2019 1277 2069 Tempel
1296 2018 1510 2063 lee1·den,efi
1519 2019 1596 2055 niet
1607 2018 1670 2055 dat
1682 2031 1724 2067 zy

985 2083 1053 2120 mit
1083 2082 1388 2132 bewimpelinghe
1408 2081 1470 2118 der
1490 2081 1624 2126 zeluer,
1643 2081 1723 2118 zick

988 2146 1027 2184 in
1047 2146 1117 2183 den
1137 2145 1339 2183 Jodischen
1361 2145 1543 2189 diensten‚
1562 2145 1616 2182 als
1637 2145 1725 2182 hore

991 2211 1301 2260 medeghezellen,
1312 2211 1446 2247 vinden
1457 2211 1580 2248 lieten.
1610 2211 1724 2248 Desz-

987 2276 1197 2326 ghelijcken
1218 2275 1365 2312 hebben
1384 2275 1478 2312 oock
1497 2276 1540 2312 de
1552 2275 1619 2323 drij
1632 2276 1725 2325 duy-

988 2341 1161 2385 zend,die
1174 2354 1244 2377 van
1256 2340 1326 2377 den
1341 2340 1540 2390 Apostelen
1552 2353 1598 2390 op
1611 2354 1725 2377 eencn

990 2405 1085 2454 dagh
1121 2404 1311 2454 ghedoopt
1348 2404 1509 2449 wurden,
1535 2405 1728 2441 eorstmael

994 2469 1181 2520 opentlick
1225 2468 1292 2505 hor
1326 2468 1510 2517 gllelooue
1547 2469 1727 2518 betuyght

996 2534 1087 2570 door
1108 2535 1169 2571 het
1188 2533 1356 2582 afwijken
1375 2547 1445 2570 van
1465 2534 1533 2570 den
1555 2534 1728 2579 anderen,

995 2597 1087 2633 door
1113 2596 1156 2633 de
1175 2596 1541 2645 gherneynzaemhcit
1562 2597 1624 2633 der
1645 2596 1727 2632 din-

995 2660 1106 2708 ghen,
1128 2660 1184 2697 die
1195 2673 1237 2709 zy
1249 2659 1728 2703 ondereenanderhadden,

994 2725 1085 2761 door
1108 2724 1168 2761 het
1191 2725 1308 2761 brood
1328 2724 1479 2768 breken,
1494 2723 1586 2761 ende
1597 2724 1727 2762 bleucn

1009 2866 1035 2904 ὃ)
1060 2865 1127 2895 Act.
1151 2864 1169 2894 2
1194 2865 1220 2903 f..
