1818 3178
753 101 813 129 ΕΡ.
843 99 987 129 nocrn.
1558 90 1630 126 549

100 205 232 257 positis
259 204 454 243 affectibus
481 204 622 242 nostris
660 216 742 242 vere
769 208 805 242 et
831 216 877 242 ex
903 203 1031 241 auimo
1058 200 1315 247 subiiciamus,
1343 213 1462 252 neque
1489 213 1557 238 nos
1586 200 1627 238 in

101 271 212 309 nobis
247 269 418 321 amplius,
455 269 519 307 sed
556 269 652 307 illud
685 269 814 320 potius
849 272 885 306 et
923 268 963 306 in
990 267 1127 306 animis
1155 271 1191 305 et
1217 266 1257 304 in
1285 266 1460 304 omnibus
1488 265 1628 303 nostris

101 334 317 373 actionibus
344 347 501 383 regnare
530 347 599 385 pro
626 337 756 372 nostra
785 333 886 371 virili
914 332 1158 370 declaremus.
1186 331 1247 369 Ita
1274 332 1337 368 fiet
1355 330 1456 369 enim
1473 334 1515 368 ut
1536 329 1627 380 bap-

102 400 214 441 tismo
250 404 381 436 nostro
418 411 501 436 vere
537 397 838 449 respondeamus,
873 409 984 448 quem
1013 395 1088 434 vita
1117 399 1246 433 nostra
1271 394 1481 445 exprimere
1508 392 1629 442 magis

102 468 262 514 oportet,
297 476 411 513 quam
447 462 493 500 de
527 462 631 500 illius
667 461 867 499 momentis
895 473 937 498 ac
973 459 1207 511 temporibus
1236 458 1456 509 digladiare.
1512 457 1628 495 Nunc

101 527 147 565 ad
177 528 323 566 Coenae
351 526 574 565 Dominicae
601 531 876 565 sacramentum
904 524 1112 563 veniamus.

584 658 599 706 ξ
629 658 688 695 19.
742 656 802 693 De
833 657 953 693 Coena
981 652 1146 693 Domini.

154 786 209 824 De
246 787 371 824 Coena
406 784 561 823 Domini
596 784 709 834 multi
739 783 857 821 multa
884 782 1084 827 tradidere,
1110 794 1229 833 neque
1257 781 1318 819 hic
1344 780 1468 819 minus
1496 792 1628 830 operae

102 851 227 902 posuit
262 850 405 888 Sathan
439 850 480 887 in
519 848 753 900 profananda
789 861 873 886 vere
909 847 1038 885 divina
1067 847 1137 885 hac
1166 846 1308 885 Christi
1335 845 1493 884 Domini
1518 843 1629 882 insti-

102 915 261 959 tutione,
287 928 397 965 quam
426 914 466 952 in
495 914 732 965 depravando
763 913 939 964 baptismi
967 925 1038 950 usu
1064 916 1100 950 et
1118 910 1407 960 significatione.
1438 909 1521 947 Imo
1543 921 1631 947 vero

103 976 212 1015 dolos
248 991 337 1015 suos
373 977 434 1015 hic
470 990 599 1014 omnes
633 976 872 1028 potissimum
907 975 1053 1014 exeruit
1087 980 1310 1026 tantumque
1336 988 1490 1012 suorum
1518 987 1631 1026 opera

102 1042 250 1080 demum
295 1041 425 1088 effecit,
467 1046 508 1079 ut
553 1041 654 1092 quod
692 1040 860 1078 omnium
897 1040 1153 1078 firmissimum
1190 1040 1435 1091 omniumque
1472 1040 1632 1077 maxime

103 1105 398 1144 consolatorium
443 1106 573 1142 salutis
620 1109 770 1143 nostrae
812 1105 1072 1142 testimonium
1109 1117 1152 1142 ac
1187 1104 1325 1156 pignus
1359 1104 1630 1156 propemodum

103 1181 184 1209 esse
218 1170 391 1214 debebat,
427 1169 465 1207 id
494 1170 558 1206 ille
587 1169 625 1206 in
656 1168 948 1206 nefandissimae
975 1168 1272 1206 abominationis
1299 1167 1519 1218 mysterium
1548 1181 1630 1205 ver·

103 1235 202 1279 terit,
238 1235 414 1286 quodque
449 1234 618 1271 omnium
654 1233 950 1271 efficacissimum
987 1233 1137 1284 pietatis
1173 1232 1402 1284 alendaeque
1436 1233 1534 1270 inter
1561 1245 1630 1270 nos

104 1299 298 1336 charitatis
336 1303 484 1336 mutuae
508 1297 809 1335 ‘incitamentum
845 1297 945 1348 apud
982 1310 1069 1335 suos
1098 1310 1177 1335 esse
1204 1296 1391 1335 Dominus
1418 1297 1498 1348 ipse
1527 1297 1628 1335 vole-

104 1364 179 1409 bat,
216 1364 256 1401 id
290 1363 351 1400 ille
387 1362 516 1400 fecerit
553 1361 626 1399 iam
666 1361 839 1399 odiorum
875 1374 918 1398 ac
955 1360 1198 1398 dissidiorum
1235 1360 1490 1406 seminarium,
1517 1360 1631 1398 etiam

104 1429 201 1466 inter
238 1441 301 1465 eos
338 1428 403 1478 qui
439 1426 640 1478 praecipua
675 1426 892 1465 illustrandi
920 1426 1119 1475 Euangelii
1145 1426 1287 1463 lumina
1315 1430 1445 1463 nostro
1475 1425 1546 1462 hoc
1574 1439 1632 1463 se·

106 1494 189 1530 culo
219 1493 382 1530 fuerunt.
413 1491 541 1530 Quare
569 1491 601 1528 si
629 1504 787 1542 usquam
816 1491 1023 1529 cavendum
1051 1495 1118 1537 est,
1146 1490 1209 1528 hic
1236 1490 1398 1528 maxime
1426 1490 1632 1528 cavendum

104 1564 160 1596 est
197 1571 243 1595 ne
279 1557 370 1608 quid
409 1555 611 1593 doceamus
638 1560 783 1606 practer
811 1555 863 1600 id,
889 1555 989 1606 quod
1016 1555 1162 1606 liquido
1191 1559 1336 1592 constet
1365 1554 1475 1592 claris
1504 1567 1546 1591 ac
1574 1554 1631 1590 di-

102 1622 237 1660 lucidis
274 1621 479 1671 scripturae
517 1619 742 1658 testimoniis
782 1619 828 1657 ad
867 1619 1007 1657 Christi
1045 1618 1199 1656 Domini
1236 1618 1512 1657 institutionem
1539 1630 1628 1668 pro·

104 1687 182 1738 prie
218 1687 416 1737 pertinere.
454 1685 545 1722 Non
582 1685 674 1722 libet
711 1685 783 1722 hoc
811 1685 894 1722 loco
922 1689 1094 1722 excutere
1121 1684 1280 1722 aliorum
1311 1684 1379 1721 bac
1406 1683 1451 1721 de
1480 1696 1518 1720 re
1547 1696 1631 1720 sen·

82 1751 252 1797 'tentias,
290 1751 354 1788 sed
391 1755 539 1787 nostras
577 1755 703 1787 tamen
740 1749 928 1787 Ecclesias
964 1748 1171 1787 monendas
1207 1755 1313 1800 puto,
1351 1761 1396 1786 ne
1423 1747 1631 1799 quidquam

103 1816 341 1868 peregrinum
379 1816 488 1853 facile
525 1814 586 1852 hic
622 1815 835 1860 admittant,
871 1814 971 1865 quod
1009 1813 1122 1851 verbo
1160 1813 1230 1851 Dei
1268 1813 1466 1864 perspicue
1504 1811 1632 1850 doceri

104 1894 180 1919 non
216 1880 348 1931 possit.
404 1880 690 1916 Sacrosauctum
729 1883 796 1925 est,
831 1878 931 1929 quod
962 1878 1023 1915 hic
1054 1878 1226 1916 Christus
1255 1877 1440 1915 Dominus
1467 1876 1632 1914 instituit

101 1951 138 1983 et
173 1945 328 1996 perinde
364 1957 508 1981 summa
544 1944 657 1981 etiam
691 1944 874 1993 religione
910 1956 1125 1993 summaque
1158 1942 1398 1980 observantia
1426 1941 1583 1980 tractari
1609 1955 1631 1979 a

103 2009 213 2047 nobis
249 2009 369 2054 debet,
408 2021 538 2059 nempe
574 2021 616 2045 ea
652 2021 764 2058 quam
804 2008 912 2045 nobis
950 2021 970 2044 a
1013 2008 1131 2045 Paulo
1168 2007 1399 2058 propositam
1437 2007 1632 2050 habemns,

105 2075 139 2112 h.
170 2087 214 2117 e.‚
240 2078 282 2111 ut
310 2073 409 2123 quod
439 2073 561 2109 solum
589 2072 811 2123 accepimus,
840 2072 877 2109 id
907 2072 1091 2110 duntaxat
1117 2071 1227 2109 etiam
1255 2071 1460 2110 tradamus.
1502 2071 1631 2109 Quor·-

106 2152 186 2176 sum
223 2138 321 2175 enim
358 2137 493 2175 attinet
530 2150 572 2174 ea
609 2142 843 2175 sacramento
881 2137 967 2174 huic
994 2142 1172 2181 attexere,
1199 2150 1295 2187 quae
1324 2136 1369 2173 ad
1400 2141 1633 2174 sacramenta

106 2202 201 2240 nihil
238 2201 439 2253 pertinent,
475 2201 551 2238 imo
591 2214 677 2238 vero
714 2202 907 2238 invertunt
942 2201 1051 2239 etiam
1083 2214 1190 2238 usum
1217 2214 1367 2238 omnem
1396 2204 1431 2238 et
1459 2207 1633 2238 naturam

103 2267 223 2318 ipsam
269 2267 615 2304 sacramentorum?
669 2266 749 2304 Qui
784 2279 921 2303 coenae
957 2266 1131 2315 symbola
1166 2271 1270 2303 extra
1307 2265 1409 2303 illius
1447 2279 1556 2303 usum
1593 2266 1632 2303 in

106 2331 266 2369 sublime
302 2330 425 2368 attolli
463 2335 574 2381 atque
610 2330 661 2367 ita
703 2330 850 2368 demum
879 2330 1028 2367 adorari
1057 2330 1198 2374 volunt,
1226 2330 1385 2367 doceant
1414 2331 1471 2368 vel
1497 2330 1537 2368 in
1564 2343 1635 2369 usu

107 2399 424 2432 sacramentorum
455 2394 526 2431 hoc
553 2394 706 2445 requiri,
734 2399 774 2432 ut
801 2407 930 2432 eorum
959 2394 1129 2444 symbola
1157 2394 1204 2431 ad
1233 2394 1334 2431 hunc
1360 2393 1511 2432 modum
1541 2394 1634 2431 ado·

106 2460 245 2499 rationi
281 2467 517 2510 exponantur
556 2460 611 2497 vel
641 2453 833 2497 Christ'um
861 2459 1066 2497 Dominum
1095 2459 1177 2498 ideo
1207 2472 1360 2497 coenam
1390 2473 1494 2497 suam
1522 2459 1632 2498 insti-

106 2525 233 2570 tuisse,
261 2531 300 2562 ut
324 2524 404 2562 eius
432 2524 603 2574 symbola
632 2525 714 2561 loco
743 2538 808 2562 suo
837 2525 1052 2562 adorentur.
1082 2524 1127 2561 Id
1156 2524 1187 2562 si
1212 2524 1344 2562 docere
1372 2537 1449 2562 non
1466 2530 1636 2575 possunt,

105 2589 252 2628 tradere
280 2602 368 2627 sane
397 2601 473 2626 non
502 2588 701 2634 debebant,
729 2589 827 2640 quod
857 2602 934 2626 non
957 2602 1001 2627 ex
1020 2602 1084 2627 ore
1105 2588 1258 2627 Domini
1274 2593 1507 2640 acceperunt,
1529 2601 1635 2640 prae·

107 2654 234 2692 sertim
262 2666 346 2691 cum
374 2657 493 2691 exstet
522 2653 739 2690 mandatum
768 2653 1038 2691 clarissimum:
1078 2653 1167 2691 Non
1193 2653 1307 2691 addes
1336 2653 1538 2704 quidquam
1567 2666 1635 2690 nec

106 2718 263 2756 minues.
293 2718 439 2755 Rursus
467 2717 532 2768 qui
559 2717 751 2768 physicam
780 2717 966 2768 quandam
988 2730 1032 2754 ac
1049 2717 1220 2762 localem,
1239 2722 1277 2755 ut
1299 2723 1445 2761 vocant,
1465 2717 1632 2768 corporis

107 2789 142 2821 et
171 2782 368 2833 sanguinis
397 2781 537 2819 Christi
554 2781 802 2832 praesentiam
821 2781 1003 2830 symbolis
1024 2794 1159 2819 coenae
1177 2781 1369 2819 includere
1388 2794 1453 2819 seu
1474 2794 1634 2818 connec-

103 2854 180 2886 tere
206 2847 391 2894 nituntur,
419 2846 580 2884 doceant
609 2846 801 2884 Christum
830 2845 898 2883 hac
925 2845 994 2884 fini
1023 2858 1179 2884 coenam
1207 2859 1312 2884 suam
1345 2845 1568 2891 instituisse,
1596 2850 1634 2884 ut
