1818 3178
468 125 518 152 m:
548 125 828 153 SACRAMENTIS
858 127 1072 155 necessus
1100 127 1279 157 enmsri.
1563 121 1633 159 169

117 239 199 264 sum
233 229 302 272 est,
337 239 468 277 nempe
502 230 631 264 nostra
668 240 751 265 cum
788 227 937 266 Christo
973 228 1136 267 Domino
1175 230 1387 268 communio
1414 231 1454 269 in
1482 243 1637 282 corpore

117 294 153 328 et
188 291 370 340 sanguine
403 290 534 341 ipsius,
569 304 666 329 unus
694 292 783 330 item
813 300 922 343 atque
949 293 1046 331 idem
1074 294 1160 332 finis
1188 295 1366 342 omnium,
1401 309 1533 347 nempe
1559 296 1639 334 eius

117 355 234 406 ipsius
272 355 545 393 communionis
580 355 793 405 obsignatio
829 370 894 408 per
928 358 1139 396 institutam
1178 359 1317 397 Christi
1352 359 1506 398 Domini
1542 360 1639 409 (sive

119 419 236 457 futuri
271 419 310 457 in
346 424 466 457 vetere
502 420 592 457 olim
619 421 797 467 Ecclesia,
826 422 902 459 sive
929 435 1029 459 nune
1055 422 1127 460 iam
1155 423 1314 461 exhibiti
1340 424 1380 462 in
1408 429 1536 463 nostra
1564 426 1638 463 Ec-

118 483 246 531 clesia)
285 485 693 531 commemorationem,
731 485 854 523 omnia
890 499 978 524 sane
1023 487 1142 524 nostri
1179 487 1289 525 huius
1324 489 1470 535 generis
1507 491 1638 527 Sacra·

118 552 253 592 menta,
287 551 365 585 tam
401 548 439 585 in
477 554 609 595 vetere,
645 563 754 600 quam
790 550 829 587 in
869 556 997 587 nostra
1033 550 1214 596 Ecclesia,
1252 565 1366 589 unum
1404 557 1514 604 atque
1540 554 1639 591 idem

119 613 400 650 Sacramentum
429 626 509 651 esse
537 614 721 651 censenda
749 618 848 658 sunt,
883 614 983 665 quod
1011 615 1160 665 quidem
1188 616 1321 654 attinet
1348 616 1392 654 ad
1422 618 1639 667 mysterium

117 681 154 715 et
175 678 289 715 finem
314 677 500 728 ipsorum3
529 678 592 716 sed
620 679 800 729 quidquid
829 679 868 716 in
894 679 968 716 illis
997 679 1222 718 discriminis
1239 685 1295 718 est
1320 686 1382 720 aut
1401 682 1642 729 diversitatiS,

116 741 155 778 id
191 744 313 778 totum
348 747 403 779 est
430 742 593 792 positum
620 744 658 780 in
686 743 776 793 ipsis
805 744 1129 781 Sacramentorum
1158 744 1275 794 signis
1303 746 1567 798 elementisque
1593 748 1640 785 il-

116 806 251 849 lorum,
287 819 381 856 quae
408 805 509 844 Deus
537 807 637 844 varia
664 820 743 845 6556
771 807 901 852 voluit,
934 810 976 844 ut
1003 807 1086 845 aliis
1114 812 1291 847 venturus
1320 810 1442 848 adhuc
1470 812 1640 850 Christus

118 869 315 915 Dominus,
349 870 432 908 aliis
474 884 559 909 vero
596 871 785 909 exhibitus
821 872 897 909 iam
932 872 969 909 in
1000 876 1128 910 nostra
1158 873 1317 922 Ec-(fol.
1347 876 1547 923 64¹›)clesia
1576 877 1640 915 de-

117 935 339 983 signaretur.

168 1001 226 1038 Ita
252 1001 390 1039 Paulus
418 1005 611 1052 utramque
639 1001 843 1039 Ecclesiam
872 1001 1140 1046 circumcisam,
1168 1005 1349 1054 utranque
1375 1004 1464 1042 item
1492 1009 1527 1043 ct
1547 1006 1638 1057 bap-

116 1065 266 1102 tizatam
303 1078 382 1103 esse
416 1069 573 1102 testatur
604 1066 645 1112 ¹),
680 1065 824 1102 etiamsi
859 1078 977 1115 neque
1006 1070 1107 1103 vetus
1136 1066 1303 1105 Ecclesia
1330 1072 1522 1106 externum
1551 1071 1640 1121 bap-

118 1130 220 1168 tismi
256 1130 405 1180 signum
442 1130 624 1173 habuerit,
659 1133 700 1167 ut
735 1134 791 1167 est
826 1144 845 1167 a
883 1130 1031 1167 Christo
1068 1130 1231 1168 Domino
1267 1131 1496 1179 institutum,
1523 1147 1642 1184 neque

120 1200 245 1232 nostra
273 1195 362 1232 item
389 1194 555 1231 Ecclesia
584 1194 684 1231 norit
710 1207 803 1238 eam,
830 1207 925 1245 quae
949 1194 1124 1233 manibus
1143 1196 1221 1239 fiat,
1241 1196 1642 1245 circumcisionem—

118 1263 155 1297 et
189 1263 374 1309 utranque
409 1271 536 1296 rursus
572 1258 778 1296 Ecclesiam
824 1272 937 1296 unum
980 1263 1091 1309 atque
1134 1259 1292 1297 eundem
1337 1261 1462 1298 cibum
1501 1263 1642 1309 edisse,

117 1337 233 1361 unum
273 1323 363 1361 item
404 1327 515 1374 atque
556 1323 656 1361 idem
701 1323 876 1374 poculum
914 1323 1052 1361 bibisse
1091 1324 1218 1371 docet,
1256 1339 1386 1376 nempe
1427 1327 1638 1371 Christum,

118 1388 262 1426 etiamsi
297 1401 416 1438 neque
449 1392 554 1426 vetus
581 1388 748 1426 Ecclesia
778 1402 913 1427 coenae
940 1389 1065 1434 ritum,
1101 1390 1246 1440 qualem
1277 1390 1447 1429 Christus
1473 1392 1636 1429 instituit

117 1451 282 1498 haberet,
309 1465 429 1502 neque
455 1456 584 1490 nostra
610 1452 778 1490 Ecclesia
805 1453 924 1491 Pesah
954 1454 1200 1491 ceremoniam
1232 1454 1416 1492 observet.

169 1517 217 1553 In
244 1517 420 1566 mysterio
447 1516 561 1567 igitur
588 1520 624 1554 et
650 1518 725 1555 fine
752 1517 847 1554 nihil
873 1521 929 1555 est
956 1519 1110 1555 omnino
1140 1518 1382 1566 discriminis,
1420 1520 1557 1557 nedum
1586 1520 1643 1558 di-

121 1581 319 1625 versitatis,
353 1582 393 1618 in
418 1581 614 1632 utriusque
641 1581 829 1619 Ecclesiae
858 1583 1128 1630 Sacramentis3
1165 1583 1242 1628 sed,
1275 1583 1455 1635 quidquid
1485 1589 1539 1622 est
1567 1585 1642 1622 dis-

122 1647 288 1684 criminis
315 1651 380 1684 aut
407 1647 634 1684 diversitatis
660 1646 697 1684 in
729 1647 991 1691 Sam-amentis,
1023 1647 1062 1684 id
1088 1651 1210 1685 totum
1236 1648 1401 1699 positum
1429 1662 1506 1687 esse
1534 1662 1643 1700 opor-

121 1714 172 1748 tet
206 1710 246 1748 in
284 1712 607 1748 Sacramentorum
636 1710 752 1760 signis
780 1711 991 1749 visibilibus
1019 1725 1218 1763 eorumque
1245 1713 1450 1756 elementis,
1484 1726 1644 1764 quorum

121 1775 192 1811 alia
230 1775 380 1812 fuerunt
414 1775 559 1811 venturi
594 1774 728 1820 adhuc,
763 1774 836 1811 alia
864 1787 949 1811 vero
978 1787 1078 1812 nunc
1106 1779 1194 1813 sunt
1220 1775 1380 1813 exhibiti
1409 1775 1560 1820 Christi,
1587 1780 1643 1813 at-

121 1852 192 1889 que
235 1852 276 1876 ca
321 1839 438 1888 magis
482 1839 643 1876 illustria
679 1839 870 1890 magisque
907 1839 1096 1877 luculenta
1133 1843 1168 1877 et
1206 1840 1457 1890 significantia
1494 1846 1644 1892 propter

121 1906 286 1939 exortam
316 1901 512 1950 Euangelii
539 1902 658 1939 lucem
688 1902 804 1951 magis
835 1902 949 1939 multo
978 1903 1223 1953 splendidam,
1263 1917 1375 1954 quam
1401 1904 1556 1942 umbrae
1581 1908 1642 1953 ty-

120 1967 224 2018 picae
250 1967 400 2004 fuerunt
425 1965 465 2003 in
494 1966 605 2003 veteri
632 1966 799 2004 Ecclesia
826 1967 987 2004 Israelis.

174 2031 287 2069 Unde
321 2031 359 2068 id
401 2030 508 2068 facile
543 2032 654 2068 etiam
689 2031 851 2079 intelligi
884 2034 1027 2081 potest,
1064 2031 1230 2078 oin-(fol.
1267 2033 1416 2079 65³)nes
1458 2032 1497 2069 in
1536 2045 1644 2070 causa

124 2095 419 2134 Sacramentaria
457 2095 729 2140 controversias
766 2108 843 2132 non
880 2095 1050 2145 equidem
1088 2095 1226 2132 versari
1262 2108 1410 2136 revera.
1446 2099 1510 2133 aut
1550 2096 1647 2134 circa

125 2161 341 2211 mysterium
377 2161 510 2211 ipsum,
546 2164 609 2196 aut
647 2159 743 2196 circa
781 2161 893 2197 finem
928 2160 1265 2203 Sacramentorum,
1301 2173 1385 2196 cum
1421 2160 1461 2197 in
1488 2165 1647 2211 utroque

126 2227 256 2264 horum
296 2239 371 2263 non
410 2225 456 2262 sit
484 2224 682 2262 discrimen
712 2225 842 2268 ullum,
870 2225 1006 2262 nedum
1033 2225 1110 2261 ulla
1139 2224 1355 2270 diversitas3
1395 2224 1470 2268 sed,
1498 2225 1528 2262 si
1555 2238 1646 2275 quae

124 2293 211 2327 sunt
249 2288 533 2333 controversiae,
568 2288 652 2325 illas
688 2288 826 2325 versari
863 2292 1033 2339 oportere
1062 2288 1157 2325 cirea
1187 2289 1648 2338 Sac1·amento1-um·signa

126 2357 161 2390 et
187 2365 315 2390 eorum
342 2351 533 2397 elementa,
560 2363 654 2401 quae
680 2350 781 2388 varia
809 2353 845 2388 et
873 2351 1015 2388 diversa
1045 2364 1123 2388 esse
1150 2350 1252 2387 iuxta
1282 2355 1470 2388 externam
1498 2352 1647 2389 illorum

126 2415 258 2453 faciem
285 2415 465 2452 videmus.

179 2481 234 2518 De
269 2493 311 2518 eo
348 2480 459 2524 enim,
494 2477 592 2529 quod
630 2490 758 2515 omnes
795 2477 1020 2515 unanimiter
1056 2490 1172 2514 unum
1209 2481 1319 2528 atque
1351 2477 1464 2522 idem,
1491 2479 1648 2529 denique

129 2552 164 2583 et
200 2548 390 2582 aeternum
426 2555 505 2580 csse
543 2555 660 2591 neque
698 2541 833 2578 mutari
859 2554 968 2592 posse
995 2542 1224 2592 profitemur,
1252 2542 1390 2579 nullam
1419 2543 1530 2580 etiam
1559 2557 1648 2580 con-

130 2608 349 2647 troversiam
386 2606 541 2644 excitari
574 2618 694 2656 posse,
729 2605 837 2642 facile
873 2605 1029 2655 quisque
1056 2605 1246 2655 intelligit.
1301 2606 1361 2648 Et,
1390 2619 1471 2643 cum
1499 2606 1570 2643 iam
1601 2607 1649 2644 sit

133 2674 441 2715 demonstratum,
478 2685 594 2709 unum
631 2684 709 2708 esse
736 2670 908 2720 idemque
935 2683 977 2707 ac
1005 2674 1195 2708 aeternum
1223 2671 1545 2708 Sacramentorum
1567 2684 1647 2709 0111-

131 2739 235 2777 nium
270 2737 485 2788 mysterium
523 2736 660 2785 pariter
696 2748 739 2772 ac
774 2736 900 2778 finem,
936 2739 1119 2785 quatenus
1149 2748 1236 2773 sane
1262 2749 1359 2772 unus
1387 2740 1441 2773 est
1469 2735 1648 2774 mediator

175 2867 198 2904 ¹)
224 2866 240 2896 1
266 2865 337 2896 Cor.
362 2865 412 2896 10.
