<?xml version="1.0" encoding="UTF-8"?>
<!DOCTYPE html PUBLIC "-//W3C//DTD XHTML 1.0 Transitional//EN"
    "http://www.w3.org/TR/xhtml1/DTD/xhtml1-transitional.dtd">
<html xmlns="http://www.w3.org/1999/xhtml" xml:lang="en" lang="en">
 <head>
  <title>
</title>
<meta http-equiv="Content-Type" content="text/html;charset=utf-8" />
  <meta name='ocr-system' content='tesseract 3.04.00' />
  <meta name='ocr-capabilities' content='ocr_page ocr_carea ocr_par ocr_line ocrx_word'/>
</head>
<body>
  <div class='ocr_page' id='page_1' title='image "./operatameditaqua01lask_0378.png"; bbox 0 0 1818 3178; ppageno 0'>
   <div class='ocr_carea' id='block_1_1' title="bbox 173 101 1186 136">
    <p class='ocr_par' dir='ltr' id='par_1_1' title="bbox 173 101 1186 136">
     <span class='ocr_line' id='line_1_1' title="bbox 173 101 1186 136; baseline -0.004 0"><span class='ocrx_word' id='word_1_1' title='bbox 173 101 245 136; x_wconf 83' lang='grc'><strong>246</strong></span> <span class='ocrx_word' id='word_1_2' title='bbox 674 105 862 132; x_wconf 64' lang='lat' dir='ltr'><strong>amsrom⁴</strong></span> <span class='ocrx_word' id='word_1_3' title='bbox 893 103 1186 132; x_wconf 72' lang='lat' dir='ltr'><strong>DEDICATORIA.</strong></span> 
     </span>
    </p>
   </div>
   <div class='ocr_carea' id='block_1_2' title="bbox 165 205 1698 2896">
    <p class='ocr_par' dir='ltr' id='par_1_2' title="bbox 165 205 1698 1605">
     <span class='ocr_line' id='line_1_2' title="bbox 176 205 1694 261; baseline 0 -14"><span class='ocrx_word' id='word_1_4' title='bbox 176 209 336 261; x_wconf 83' lang='lat' dir='ltr'><strong>Spiritus</strong></span> <span class='ocrx_word' id='word_1_5' title='bbox 363 207 482 246; x_wconf 87' lang='lat' dir='ltr'><strong>sancti</strong></span> <span class='ocrx_word' id='word_1_6' title='bbox 510 205 714 252; x_wconf 86' lang='lat' dir='ltr'><strong>oraculum,</strong></span> <span class='ocrx_word' id='word_1_7' title='bbox 742 205 881 243; x_wconf 85' lang='lat' dir='ltr'>Christi</span> <span class='ocrx_word' id='word_1_8' title='bbox 909 219 1034 245; x_wconf 91' lang='lat' dir='ltr'><strong>servos</strong></span> <span class='ocrx_word' id='word_1_9' title='bbox 1068 206 1120 244; x_wconf 88' lang='lat' dir='ltr'><strong>ita</strong></span> <span class='ocrx_word' id='word_1_10' title='bbox 1147 206 1451 256; x_wconf 82' lang='lat' dir='ltr'><strong>ob-(4)firmatos</strong></span> <span class='ocrx_word' id='word_1_11' title='bbox 1477 221 1557 246; x_wconf 87' lang='lat' dir='ltr'><strong>esse</strong></span> <span class='ocrx_word' id='word_1_12' title='bbox 1583 221 1694 259; x_wconf 92' lang='lat' dir='ltr'><strong>opor·</strong></span> 
     </span>
     <span class='ocr_line' id='line_1_3' title="bbox 175 271 1695 323; baseline 0 -11"><span class='ocrx_word' id='word_1_13' title='bbox 175 279 251 312; x_wconf 88' lang='lat' dir='ltr'><strong>tere</strong></span> <span class='ocrx_word' id='word_1_14' title='bbox 292 274 331 310; x_wconf 93' lang='lat' dir='ltr'><strong>in</strong></span> <span class='ocrx_word' id='word_1_15' title='bbox 368 286 449 309; x_wconf 87' lang='lat' dir='ltr'><strong>vera</strong></span> <span class='ocrx_word' id='word_1_16' title='bbox 484 271 639 322; x_wconf 84' lang='lat' dir='ltr'><strong>pietate,</strong></span> <span class='ocrx_word' id='word_1_17' title='bbox 676 276 715 308; x_wconf 90' lang='lat' dir='ltr'><strong>ut</strong></span> <span class='ocrx_word' id='word_1_18' title='bbox 751 284 772 308; x_wconf 88' lang='lat' dir='ltr'><strong>a</strong></span> <span class='ocrx_word' id='word_1_19' title='bbox 808 284 897 308; x_wconf 88' lang='lat' dir='ltr'><strong>sana</strong></span> <span class='ocrx_word' id='word_1_20' title='bbox 935 271 1106 309; x_wconf 82' lang='lat' dir='ltr'><strong>doctrina</strong></span> <span class='ocrx_word' id='word_1_21' title='bbox 1150 273 1207 310; x_wconf 90' lang='lat' dir='ltr'><strong>vel</strong></span> <span class='ocrx_word' id='word_1_22' title='bbox 1240 278 1340 311; x_wconf 87' lang='lat' dir='ltr'><strong>recta</strong></span> <span class='ocrx_word' id='word_1_23' title='bbox 1376 274 1558 323; x_wconf 82' lang='lat' dir='ltr'><strong>religione</strong></span> <span class='ocrx_word' id='word_1_24' title='bbox 1591 276 1695 313; x_wconf 84' lang='lat' dir='ltr'><strong>nulla</strong></span> 
     </span>
     <span class='ocr_line' id='line_1_4' title="bbox 174 335 1693 388; baseline 0.002 -14"><span class='ocrx_word' id='word_1_25' title='bbox 174 350 324 388; x_wconf 87' lang='lat' dir='ltr'><strong>prorsus</strong></span> <span class='ocrx_word' id='word_1_26' title='bbox 361 336 617 372; x_wconf 78' lang='lat' dir='ltr'><strong>dimoveantur</strong></span> <span class='ocrx_word' id='word_1_27' title='bbox 651 335 827 381; x_wconf 87' lang='lat' dir='ltr'><strong>infamia;</strong></span> <span class='ocrx_word' id='word_1_28' title='bbox 864 338 899 373; x_wconf 87' lang='lat' dir='ltr'><strong>et</strong></span> <span class='ocrx_word' id='word_1_29' title='bbox 927 348 996 373; x_wconf 90' lang='lat' dir='ltr'><strong>nos</strong></span> <span class='ocrx_word' id='word_1_30' title='bbox 1024 349 1112 373; x_wconf 89' lang='lat' dir='ltr'><strong>sane</strong></span> <span class='ocrx_word' id='word_1_31' title='bbox 1137 350 1202 387; x_wconf 90' lang='lat' dir='ltr'><strong>per</strong></span> <span class='ocrx_word' id='word_1_32' title='bbox 1229 336 1300 375; x_wconf 89' lang='lat' dir='ltr'><strong>Dei</strong></span> <span class='ocrx_word' id='word_1_33' title='bbox 1325 338 1485 387; x_wconf 80' lang='lat' dir='ltr'><strong>gratiam</strong></span> <span class='ocrx_word' id='word_1_34' title='bbox 1513 339 1693 378; x_wconf 87' lang='lat' dir='ltr'><strong>hactenus</strong></span> 
     </span>
     <span class='ocr_line' id='line_1_5' title="bbox 174 398 1695 450; baseline 0.003 -13"><span class='ocrx_word' id='word_1_35' title='bbox 174 400 406 450; x_wconf 88' lang='lat' dir='ltr'><strong>Papistarum</strong></span> <span class='ocrx_word' id='word_1_36' title='bbox 442 403 477 436; x_wconf 89' lang='lat' dir='ltr'><strong>et</strong></span> <span class='ocrx_word' id='word_1_37' title='bbox 512 398 642 436; x_wconf 85' lang='lat' dir='ltr'><strong>mundi</strong></span> <span class='ocrx_word' id='word_1_38' title='bbox 674 398 812 449; x_wconf 87' lang='lat' dir='ltr'><strong>probra</strong></span> <span class='ocrx_word' id='word_1_39' title='bbox 849 403 884 436; x_wconf 90' lang='lat' dir='ltr'><strong>et</strong></span> <span class='ocrx_word' id='word_1_40' title='bbox 920 400 1162 437; x_wconf 79' lang='lat' dir='ltr'><strong>contumelias</strong></span> <span class='ocrx_word' id='word_1_41' title='bbox 1191 401 1282 438; x_wconf 86' lang='lat' dir='ltr'><strong>satis</strong></span> <span class='ocrx_word' id='word_1_42' title='bbox 1309 402 1456 440; x_wconf 83' lang='lat' dir='ltr'><strong>fortiter</strong></span> <span class='ocrx_word' id='word_1_43' title='bbox 1485 404 1695 442; x_wconf 89' lang='lat' dir='ltr'><strong>contemni-</strong></span> 
     </span>
     <span class='ocr_line' id='line_1_6' title="bbox 176 463 1694 516; baseline 0.003 -16"><span class='ocrx_word' id='word_1_44' title='bbox 176 464 485 508; x_wconf 87' lang='lat' dir='ltr'><strong>mus,-interea</strong></span> <span class='ocrx_word' id='word_1_45' title='bbox 512 467 636 500; x_wconf 90' lang='lat' dir='ltr'><strong>tamen</strong></span> <span class='ocrx_word' id='word_1_46' title='bbox 664 463 802 500; x_wconf 90' lang='lat' dir='ltr'><strong>bonam</strong></span> <span class='ocrx_word' id='word_1_47' title='bbox 831 464 981 507; x_wconf 88' lang='lat' dir='ltr'><strong>famam,</strong></span> <span class='ocrx_word' id='word_1_48' title='bbox 1008 464 1133 514; x_wconf 85' lang='lat' dir='ltr'><strong>quoad</strong></span> <span class='ocrx_word' id='word_1_49' title='bbox 1160 465 1240 503; x_wconf 88' lang='lat' dir='ltr'><strong>fieri</strong></span> <span class='ocrx_word' id='word_1_50' title='bbox 1266 471 1399 516; x_wconf 83' lang='lat' dir='ltr'><strong>potest,</strong></span> <span class='ocrx_word' id='word_1_51' title='bbox 1427 480 1504 505; x_wconf 91' lang='lat' dir='ltr'><strong>non</strong></span> <span class='ocrx_word' id='word_1_52' title='bbox 1532 468 1694 505; x_wconf 85' lang='lat' dir='ltr'><strong>arbitra-</strong></span> 
     </span>
     <span class='ocr_line' id='line_1_7' title="bbox 174 527 1696 579; baseline 0.003 -14"><span class='ocrx_word' id='word_1_53' title='bbox 174 542 256 565; x_wconf 90' lang='lat' dir='ltr'><strong>mur</strong></span> <span class='ocrx_word' id='word_1_54' title='bbox 292 527 565 577; x_wconf 84' lang='lat' dir='ltr'><strong>negligendam,</strong></span> <span class='ocrx_word' id='word_1_55' title='bbox 601 528 713 565; x_wconf 89' lang='lat' dir='ltr'><strong>etiam</strong></span> <span class='ocrx_word' id='word_1_56' title='bbox 748 528 846 579; x_wconf 88' lang='lat' dir='ltr'><strong>apud</strong></span> <span class='ocrx_word' id='word_1_57' title='bbox 882 528 1051 579; x_wconf 88' lang='lat' dir='ltr'><strong>Papistas</strong></span> <span class='ocrx_word' id='word_1_58' title='bbox 1086 528 1188 579; x_wconf 89' lang='lat' dir='ltr'><strong>ipsos</strong></span> <span class='ocrx_word' id='word_1_59' title='bbox 1225 533 1261 567; x_wconf 88' lang='lat' dir='ltr'><strong>et</strong></span> <span class='ocrx_word' id='word_1_60' title='bbox 1296 531 1389 569; x_wconf 88' lang='lat' dir='ltr'><strong>alios</strong></span> <span class='ocrx_word' id='word_1_61' title='bbox 1428 532 1558 569; x_wconf 88' lang='lat' dir='ltr'><strong>mundi</strong></span> <span class='ocrx_word' id='word_1_62' title='bbox 1585 532 1696 570; x_wconf 90' lang='lat' dir='ltr'><strong>huius</strong></span> 
     </span>
     <span class='ocr_line' id='line_1_8' title="bbox 177 591 1697 646; baseline 0.003 -17"><span class='ocrx_word' id='word_1_63' title='bbox 177 593 365 637; x_wconf 87' lang='lat' dir='ltr'><strong>homines,</strong></span> <span class='ocrx_word' id='word_1_64' title='bbox 400 605 446 630; x_wconf 90' lang='lat' dir='ltr'><strong>ne</strong></span> <span class='ocrx_word' id='word_1_65' title='bbox 480 591 651 629; x_wconf 90' lang='lat' dir='ltr'><strong>videlicet</strong></span> <span class='ocrx_word' id='word_1_66' title='bbox 687 591 862 637; x_wconf 89' lang='lat' dir='ltr'><strong>habeant,</strong></span> <span class='ocrx_word' id='word_1_67' title='bbox 893 592 933 630; x_wconf 87' lang='lat' dir='ltr'><strong>in</strong></span> <span class='ocrx_word' id='word_1_68' title='bbox 969 606 1042 643; x_wconf 91' lang='lat' dir='ltr'><strong>quo</strong></span> <span class='ocrx_word' id='word_1_69' title='bbox 1079 592 1125 630; x_wconf 89' lang='lat' dir='ltr'><strong>de</strong></span> <span class='ocrx_word' id='word_1_70' title='bbox 1161 593 1271 631; x_wconf 91' lang='lat' dir='ltr'><strong>nobis</strong></span> <span class='ocrx_word' id='word_1_71' title='bbox 1306 595 1404 633; x_wconf 89' lang='lat' dir='ltr'><strong>iuste</strong></span> <span class='ocrx_word' id='word_1_72' title='bbox 1429 596 1575 646; x_wconf 83' lang='lat' dir='ltr'><strong>possint</strong></span> <span class='ocrx_word' id='word_1_73' title='bbox 1601 597 1697 634; x_wconf 88' lang='lat' dir='ltr'><strong>male</strong></span> 
     </span>
     <span class='ocr_line' id='line_1_9' title="bbox 174 655 1694 706; baseline 0.003 -13"><span class='ocrx_word' id='word_1_74' title='bbox 174 656 287 706; x_wconf 89' lang='lat' dir='ltr'><strong>loqui.</strong></span> <span class='ocrx_word' id='word_1_75' title='bbox 343 655 457 693; x_wconf 78' lang='lat' dir='ltr'><strong>Quod</strong></span> <span class='ocrx_word' id='word_1_76' title='bbox 493 655 524 693; x_wconf 87' lang='lat' dir='ltr'><strong>si</strong></span> <span class='ocrx_word' id='word_1_77' title='bbox 560 655 694 693; x_wconf 90' lang='lat' dir='ltr'><strong>deinde</strong></span> <span class='ocrx_word' id='word_1_78' title='bbox 729 656 881 702; x_wconf 85' lang='lat' dir='ltr'><strong>faciant,</strong></span> <span class='ocrx_word' id='word_1_79' title='bbox 916 670 983 694; x_wconf 91' lang='lat' dir='ltr'><strong>suo</strong></span> <span class='ocrx_word' id='word_1_80' title='bbox 1020 657 1095 693; x_wconf 85' lang='lat' dir='ltr'><strong>iam</strong></span> <span class='ocrx_word' id='word_1_81' title='bbox 1131 656 1169 694; x_wconf 90' lang='lat' dir='ltr'><strong>id</strong></span> <span class='ocrx_word' id='word_1_82' title='bbox 1205 657 1310 703; x_wconf 88' lang='lat' dir='ltr'><strong>vitio,</strong></span> <span class='ocrx_word' id='word_1_83' title='bbox 1346 672 1423 696; x_wconf 90' lang='lat' dir='ltr'><strong>non</strong></span> <span class='ocrx_word' id='word_1_84' title='bbox 1459 659 1535 697; x_wconf 89' lang='lat' dir='ltr'><strong>ulla</strong></span> <span class='ocrx_word' id='word_1_85' title='bbox 1564 663 1694 698; x_wconf 86' lang='lat' dir='ltr'><strong>nostra</strong></span> 
     </span>
     <span class='ocr_line' id='line_1_10' title="bbox 175 717 1694 774; baseline 0.005 -19"><span class='ocrx_word' id='word_1_86' title='bbox 175 719 280 769; x_wconf 85' lang='lat' dir='ltr'><strong>culpa</strong></span> <span class='ocrx_word' id='word_1_87' title='bbox 307 719 384 756; x_wconf 86' lang='lat' dir='ltr'><strong>fiat.</strong></span> <span class='ocrx_word' id='word_1_88' title='bbox 438 717 582 756; x_wconf 83' lang='lat' dir='ltr'><strong>Deinde</strong></span> <span class='ocrx_word' id='word_1_89' title='bbox 615 718 726 756; x_wconf 86' lang='lat' dir='ltr'><strong>etiam</strong></span> <span class='ocrx_word' id='word_1_90' title='bbox 762 719 881 757; x_wconf 87' lang='lat' dir='ltr'><strong>famae</strong></span> <span class='ocrx_word' id='word_1_91' title='bbox 908 720 1092 757; x_wconf 85' lang='lat' dir='ltr'><strong>rationem</strong></span> <span class='ocrx_word' id='word_1_92' title='bbox 1120 720 1329 759; x_wconf 83' lang='lat' dir='ltr'><strong>habendam</strong></span> <span class='ocrx_word' id='word_1_93' title='bbox 1357 726 1510 774; x_wconf 88' lang='lat' dir='ltr'><strong>propter</strong></span> <span class='ocrx_word' id='word_1_94' title='bbox 1538 724 1694 762; x_wconf 78' lang='lat' dir='ltr'><strong>fratrum</strong></span> 
     </span>
     <span class='ocr_line' id='line_1_11' title="bbox 172 782 1696 838; baseline 0.005 -20"><span class='ocrx_word' id='word_1_95' title='bbox 172 782 469 819; x_wconf 83' lang='lat' dir='ltr'><strong>aedificationem</strong></span> <span class='ocrx_word' id='word_1_96' title='bbox 502 786 689 832; x_wconf 81' lang='lat' dir='ltr'><strong>putamus,</strong></span> <span class='ocrx_word' id='word_1_97' title='bbox 744 783 993 834; x_wconf 78' lang='lat' dir='ltr'><strong>Quapropter,</strong></span> <span class='ocrx_word' id='word_1_98' title='bbox 1019 798 1135 834; x_wconf 89' lang='lat' dir='ltr'><strong>quum</strong></span> <span class='ocrx_word' id='word_1_99' title='bbox 1163 798 1183 821; x_wconf 89' lang='lat' dir='ltr'><strong>a</strong></span> <span class='ocrx_word' id='word_1_100' title='bbox 1211 785 1436 835; x_wconf 86' lang='lat' dir='ltr'><strong>quibusdam</strong></span> <span class='ocrx_word' id='word_1_101' title='bbox 1463 788 1546 838; x_wconf 84' lang='lat' dir='ltr'><strong>(qui</strong></span> <span class='ocrx_word' id='word_1_102' title='bbox 1573 791 1696 826; x_wconf 88' lang='lat' dir='ltr'><strong>tamen</strong></span> 
     </span>
     <span class='ocr_line' id='line_1_12' title="bbox 170 846 1694 901; baseline 0.005 -18"><span class='ocrx_word' id='word_1_103' title='bbox 170 846 328 884; x_wconf 90' lang='lat' dir='ltr'><strong>eundem</strong></span> <span class='ocrx_word' id='word_1_104' title='bbox 363 846 560 884; x_wconf 88' lang='lat' dir='ltr'><strong>nobiscum</strong></span> <span class='ocrx_word' id='word_1_105' title='bbox 590 846 779 884; x_wconf 82' lang='lat' dir='ltr'><strong>Christum</strong></span> <span class='ocrx_word' id='word_1_106' title='bbox 807 852 918 898; x_wconf 89' lang='lat' dir='ltr'><strong>atque</strong></span> <span class='ocrx_word' id='word_1_107' title='bbox 945 848 1045 886; x_wconf 89' lang='lat' dir='ltr'><strong>idem</strong></span> <span class='ocrx_word' id='word_1_108' title='bbox 1073 848 1324 899; x_wconf 83' lang='lat' dir='ltr'><strong>Euangelium</strong></span> <span class='ocrx_word' id='word_1_109' title='bbox 1351 851 1593 901; x_wconf 88' lang='lat' dir='ltr'><strong>profitentur)</strong></span> <span class='ocrx_word' id='word_1_110' title='bbox 1620 852 1694 890; x_wconf 90' lang='lat' dir='ltr'><strong>lin-</strong></span> 
     </span>
     <span class='ocr_line' id='line_1_13' title="bbox 169 910 1698 963; baseline 0.005 -17"><span class='ocrx_word' id='word_1_111' title='bbox 169 910 252 958; x_wconf 73' lang='lat' dir='ltr'><strong>guis</strong></span> <span class='ocrx_word' id='word_1_112' title='bbox 289 913 324 947; x_wconf 91' lang='lat' dir='ltr'><strong>et</strong></span> <span class='ocrx_word' id='word_1_113' title='bbox 361 910 511 947; x_wconf 87' lang='lat' dir='ltr'><strong>calamis</strong></span> <span class='ocrx_word' id='word_1_114' title='bbox 548 923 629 956; x_wconf 93' lang='lat' dir='ltr'><strong>nos,</strong></span> <span class='ocrx_word' id='word_1_115' title='bbox 665 916 814 962; x_wconf 89' lang='lat' dir='ltr'><strong>propter</strong></span> <span class='ocrx_word' id='word_1_116' title='bbox 853 911 1042 949; x_wconf 84' lang='lat' dir='ltr'><strong>Christum</strong></span> <span class='ocrx_word' id='word_1_117' title='bbox 1071 918 1108 950; x_wconf 91' lang='lat' dir='ltr'><strong>et</strong></span> <span class='ocrx_word' id='word_1_118' title='bbox 1133 913 1213 951; x_wconf 89' lang='lat' dir='ltr'><strong>eius</strong></span> <span class='ocrx_word' id='word_1_119' title='bbox 1241 913 1491 963; x_wconf 81' lang='lat' dir='ltr'><strong>Euangelium</strong></span> <span class='ocrx_word' id='word_1_120' title='bbox 1518 922 1698 962; x_wconf 83' lang='lat' dir='ltr'><strong>extorres,</strong></span> 
     </span>
     <span class='ocr_line' id='line_1_14' title="bbox 167 973 1696 1030; baseline 0.005 -20"><span class='ocrx_word' id='word_1_121' title='bbox 167 973 463 1024; x_wconf 87' lang='lat' dir='ltr'><strong>proscindamur,</strong></span> <span class='ocrx_word' id='word_1_122' title='bbox 497 973 609 1025; x_wconf 88' lang='lat' dir='ltr'><strong>idque</strong></span> <span class='ocrx_word' id='word_1_123' title='bbox 636 975 684 1011; x_wconf 93' lang='lat' dir='ltr'><strong>ob</strong></span> <span class='ocrx_word' id='word_1_124' title='bbox 713 975 864 1013; x_wconf 89' lang='lat' dir='ltr'><strong>unicum</strong></span> <span class='ocrx_word' id='word_1_125' title='bbox 891 975 1040 1024; x_wconf 80' lang='lat' dir='ltr'><strong>dogma,</strong></span> <span class='ocrx_word' id='word_1_126' title='bbox 1075 976 1176 1028; x_wconf 88' lang='lat' dir='ltr'><strong>quod</strong></span> <span class='ocrx_word' id='word_1_127' title='bbox 1201 977 1293 1028; x_wconf 86' lang='lat' dir='ltr'><strong>ipsis</strong></span> <span class='ocrx_word' id='word_1_128' title='bbox 1320 979 1418 1016; x_wconf 90' lang='lat' dir='ltr'><strong>tueri</strong></span> <span class='ocrx_word' id='word_1_129' title='bbox 1446 980 1588 1030; x_wconf 86' lang='lat' dir='ltr'><strong>placuit</strong></span> <span class='ocrx_word' id='word_1_130' title='bbox 1615 980 1696 1019; x_wconf 90' lang='lat' dir='ltr'><strong>sine</strong></span> 
     </span>
     <span class='ocr_line' id='line_1_15' title="bbox 169 1038 1692 1092; baseline 0.005 -18"><span class='ocrx_word' id='word_1_131' title='bbox 169 1038 241 1075; x_wconf 86' lang='lat' dir='ltr'><strong>ulla</strong></span> <span class='ocrx_word' id='word_1_132' title='bbox 279 1038 382 1075; x_wconf 88' lang='lat' dir='ltr'><strong>verbi</strong></span> <span class='ocrx_word' id='word_1_133' title='bbox 419 1038 535 1075; x_wconf 90' lang='lat' dir='ltr'><strong>divini</strong></span> <span class='ocrx_word' id='word_1_134' title='bbox 570 1039 780 1086; x_wconf 82' lang='lat' dir='ltr'><strong>autoritate,</strong></span> <span class='ocrx_word' id='word_1_135' title='bbox 816 1053 884 1078; x_wconf 89' lang='lat' dir='ltr'><strong>nos</strong></span> <span class='ocrx_word' id='word_1_136' title='bbox 921 1044 1030 1086; x_wconf 89' lang='lat' dir='ltr'><strong>certe,</strong></span> <span class='ocrx_word' id='word_1_137' title='bbox 1056 1041 1205 1079; x_wconf 89' lang='lat' dir='ltr'><strong>tametsi</strong></span> <span class='ocrx_word' id='word_1_138' title='bbox 1232 1046 1458 1092; x_wconf 84' lang='lat' dir='ltr'><strong>poteramus,</strong></span> <span class='ocrx_word' id='word_1_139' title='bbox 1486 1044 1517 1081; x_wconf 90' lang='lat' dir='ltr'><strong>si</strong></span> <span class='ocrx_word' id='word_1_140' title='bbox 1543 1047 1692 1082; x_wconf 88' lang='lat' dir='ltr'><strong>tantum</strong></span> 
     </span>
     <span class='ocr_line' id='line_1_16' title="bbox 169 1103 1694 1148; baseline 0.005 -8"><span class='ocrx_word' id='word_1_141' title='bbox 169 1103 289 1141; x_wconf 86' lang='lat' dir='ltr'><strong>nostri</strong></span> <span class='ocrx_word' id='word_1_142' title='bbox 323 1103 494 1141; x_wconf 86' lang='lat' dir='ltr'><strong>habenda</strong></span> <span class='ocrx_word' id='word_1_143' title='bbox 529 1107 624 1141; x_wconf 89' lang='lat' dir='ltr'><strong>esset</strong></span> <span class='ocrx_word' id='word_1_144' title='bbox 660 1105 768 1148; x_wconf 90' lang='lat' dir='ltr'><strong>ratio,</strong></span> <span class='ocrx_word' id='word_1_145' title='bbox 801 1104 960 1143; x_wconf 89' lang='lat' dir='ltr'><strong>istorum</strong></span> <span class='ocrx_word' id='word_1_146' title='bbox 996 1106 1190 1144; x_wconf 88' lang='lat' dir='ltr'><strong>hominum</strong></span> <span class='ocrx_word' id='word_1_147' title='bbox 1230 1107 1398 1145; x_wconf 89' lang='lat' dir='ltr'><strong>convicia</strong></span> <span class='ocrx_word' id='word_1_148' title='bbox 1425 1112 1461 1146; x_wconf 88' lang='lat' dir='ltr'><strong>et</strong></span> <span class='ocrx_word' id='word_1_149' title='bbox 1490 1110 1694 1148; x_wconf 86' lang='lat' dir='ltr'><strong>calumnias</strong></span> 
     </span>
     <span class='ocr_line' id='line_1_17' title="bbox 168 1168 1693 1223; baseline 0.005 -19"><span class='ocrx_word' id='word_1_150' title='bbox 168 1172 420 1214; x_wconf 81' lang='lat' dir='ltr'><strong>contemnere,</strong></span> <span class='ocrx_word' id='word_1_151' title='bbox 448 1181 524 1205; x_wconf 90' lang='lat' dir='ltr'><strong>non</strong></span> <span class='ocrx_word' id='word_1_152' title='bbox 550 1168 738 1219; x_wconf 90' lang='lat' dir='ltr'><strong>potuimus</strong></span> <span class='ocrx_word' id='word_1_153' title='bbox 765 1172 891 1207; x_wconf 88' lang='lat' dir='ltr'><strong>tamen</strong></span> <span class='ocrx_word' id='word_1_154' title='bbox 918 1170 1075 1208; x_wconf 82' lang='lat' dir='ltr'><strong>fratrum</strong></span> <span class='ocrx_word' id='word_1_155' title='bbox 1102 1171 1400 1210; x_wconf 87' lang='lat' dir='ltr'><strong>aedificationem</strong></span> <span class='ocrx_word' id='word_1_156' title='bbox 1428 1172 1480 1211; x_wconf 87' lang='lat' dir='ltr'><strong>ita</strong></span> <span class='ocrx_word' id='word_1_157' title='bbox 1509 1174 1693 1223; x_wconf 81' lang='lat' dir='ltr'><strong>negli-(5)</strong></span> 
     </span>
     <span class='ocr_line' id='line_1_18' title="bbox 166 1231 1696 1286; baseline 0.006 -19"><span class='ocrx_word' id='word_1_158' title='bbox 166 1244 265 1280; x_wconf 83' lang='lat' dir='ltr'><strong>gere,</strong></span> <span class='ocrx_word' id='word_1_159' title='bbox 293 1244 410 1282; x_wconf 85' lang='lat' dir='ltr'><strong>neque</strong></span> <span class='ocrx_word' id='word_1_160' title='bbox 436 1231 527 1269; x_wconf 90' lang='lat' dir='ltr'><strong>adeo</strong></span> <span class='ocrx_word' id='word_1_161' title='bbox 555 1232 742 1277; x_wconf 81' lang='lat' dir='ltr'><strong>iniuriam,</strong></span> <span class='ocrx_word' id='word_1_162' title='bbox 770 1246 881 1283; x_wconf 86' lang='lat' dir='ltr'><strong>quam</strong></span> <span class='ocrx_word' id='word_1_163' title='bbox 908 1233 1063 1272; x_wconf 83' lang='lat' dir='ltr'><strong>Vestrae</strong></span> <span class='ocrx_word' id='word_1_164' title='bbox 1089 1235 1342 1286; x_wconf 89' lang='lat' dir='ltr'><strong>Amplitudini</strong></span> <span class='ocrx_word' id='word_1_165' title='bbox 1370 1237 1440 1274; x_wconf 91' lang='lat' dir='ltr'><strong>sub</strong></span> <span class='ocrx_word' id='word_1_166' title='bbox 1467 1241 1597 1275; x_wconf 88' lang='lat' dir='ltr'><strong>nostro</strong></span> <span class='ocrx_word' id='word_1_167' title='bbox 1626 1251 1696 1276; x_wconf 94' lang='lat' dir='ltr'><strong>no-</strong></span> 
     </span>
     <span class='ocr_line' id='line_1_19' title="bbox 166 1295 1697 1351; baseline 0.006 -19"><span class='ocrx_word' id='word_1_168' title='bbox 166 1295 266 1333; x_wconf 88' lang='lat' dir='ltr'><strong>mine</strong></span> <span class='ocrx_word' id='word_1_169' title='bbox 302 1295 443 1333; x_wconf 85' lang='lat' dir='ltr'><strong>faciunt</strong></span> <span class='ocrx_word' id='word_1_170' title='bbox 480 1295 555 1339; x_wconf 83' lang='lat' dir='ltr'><strong>isti,</strong></span> <span class='ocrx_word' id='word_1_171' title='bbox 590 1295 836 1335; x_wconf 84' lang='lat' dir='ltr'><strong>dissimulare.</strong></span> <span class='ocrx_word' id='word_1_172' title='bbox 890 1297 1042 1336; x_wconf 84' lang='lat' dir='ltr'><strong>Etenim</strong></span> <span class='ocrx_word' id='word_1_173' title='bbox 1077 1298 1133 1336; x_wconf 90' lang='lat' dir='ltr'><strong>illi</strong></span> <span class='ocrx_word' id='word_1_174' title='bbox 1170 1313 1246 1338; x_wconf 90' lang='lat' dir='ltr'><strong>non</strong></span> <span class='ocrx_word' id='word_1_175' title='bbox 1284 1301 1404 1338; x_wconf 89' lang='lat' dir='ltr'><strong>solum</strong></span> <span class='ocrx_word' id='word_1_176' title='bbox 1438 1315 1526 1351; x_wconf 88' lang='lat' dir='ltr'><strong>erga</strong></span> <span class='ocrx_word' id='word_1_177' title='bbox 1560 1315 1630 1340; x_wconf 90' lang='lat' dir='ltr'><strong>nos</strong></span> <span class='ocrx_word' id='word_1_178' title='bbox 1657 1316 1697 1342; x_wconf 92' lang='lat' dir='ltr'><strong>se</strong></span> 
     </span>
     <span class='ocr_line' id='line_1_20' title="bbox 165 1360 1697 1418; baseline 0.006 -21"><span class='ocrx_word' id='word_1_179' title='bbox 165 1360 328 1411; x_wconf 89' lang='lat' dir='ltr'><strong>produnt</strong></span> <span class='ocrx_word' id='word_1_180' title='bbox 365 1360 486 1398; x_wconf 84' lang='lat' dir='ltr'><strong>omnis</strong></span> <span class='ocrx_word' id='word_1_181' title='bbox 521 1361 670 1412; x_wconf 86' lang='lat' dir='ltr'><strong>pietatis</strong></span> <span class='ocrx_word' id='word_1_182' title='bbox 705 1366 742 1399; x_wconf 90' lang='lat' dir='ltr'><strong>et</strong></span> <span class='ocrx_word' id='word_1_183' title='bbox 778 1361 970 1401; x_wconf 85' lang='lat' dir='ltr'><strong>charitatis</strong></span> <span class='ocrx_word' id='word_1_184' title='bbox 1009 1363 1244 1403; x_wconf 83' lang='lat' dir='ltr'><strong>Christianae</strong></span> <span class='ocrx_word' id='word_1_185' title='bbox 1280 1370 1468 1417; x_wconf 82' lang='lat' dir='ltr'><strong>expertes,</strong></span> <span class='ocrx_word' id='word_1_186' title='bbox 1509 1367 1573 1405; x_wconf 90' lang='lat' dir='ltr'><strong>sed</strong></span> <span class='ocrx_word' id='word_1_187' title='bbox 1610 1381 1697 1418; x_wconf 80' lang='lat' dir='ltr'><strong>erga</strong></span> 
     </span>
     <span class='ocr_line' id='line_1_21' title="bbox 166 1424 1695 1482; baseline 0.006 -21"><span class='ocrx_word' id='word_1_188' title='bbox 166 1424 245 1462; x_wconf 92' lang='lat' dir='ltr'><strong>Vos</strong></span> <span class='ocrx_word' id='word_1_189' title='bbox 272 1437 432 1475; x_wconf 89' lang='lat' dir='ltr'><strong>quoque,</strong></span> <span class='ocrx_word' id='word_1_190' title='bbox 459 1424 641 1463; x_wconf 90' lang='lat' dir='ltr'><strong>Dominos</strong></span> <span class='ocrx_word' id='word_1_191' title='bbox 669 1429 818 1463; x_wconf 86' lang='lat' dir='ltr'><strong>nostros</strong></span> <span class='ocrx_word' id='word_1_192' title='bbox 840 1427 1087 1472; x_wconf 66' lang='lat' dir='ltr'><strong>Clementiss„</strong></span> <span class='ocrx_word' id='word_1_193' title='bbox 1108 1429 1228 1467; x_wconf 88' lang='lat' dir='ltr'><strong>omnis</strong></span> <span class='ocrx_word' id='word_1_194' title='bbox 1246 1431 1474 1468; x_wconf 86' lang='lat' dir='ltr'><strong>reverentiae</strong></span> <span class='ocrx_word' id='word_1_195' title='bbox 1489 1436 1599 1482; x_wconf 84' lang='lat' dir='ltr'><strong>atque</strong></span> <span class='ocrx_word' id='word_1_196' title='bbox 1625 1432 1695 1470; x_wconf 89' lang='lat' dir='ltr'><strong>oh-</strong></span> 
     </span>
     <span class='ocr_line' id='line_1_22' title="bbox 168 1488 1695 1540; baseline 0.006 -15"><span class='ocrx_word' id='word_1_197' title='bbox 168 1488 374 1526; x_wconf 85' lang='lat' dir='ltr'><strong>servantiae</strong></span> <span class='ocrx_word' id='word_1_198' title='bbox 410 1489 466 1526; x_wconf 85' lang='lat' dir='ltr'><strong>vel</strong></span> <span class='ocrx_word' id='word_1_199' title='bbox 501 1502 652 1539; x_wconf 88' lang='lat' dir='ltr'><strong>prorsus</strong></span> <span class='ocrx_word' id='word_1_200' title='bbox 688 1489 851 1539; x_wconf 83' lang='lat' dir='ltr'><strong>ignaros,</strong></span> <span class='ocrx_word' id='word_1_201' title='bbox 887 1492 944 1528; x_wconf 90' lang='lat' dir='ltr'><strong>vel</strong></span> <span class='ocrx_word' id='word_1_202' title='bbox 972 1492 1102 1529; x_wconf 81' lang='lat' dir='ltr'><strong>saltem</strong></span> <span class='ocrx_word' id='word_1_203' title='bbox 1130 1493 1376 1540; x_wconf 87' lang='lat' dir='ltr'><strong>immemores,</strong></span> <span class='ocrx_word' id='word_1_204' title='bbox 1403 1495 1492 1532; x_wconf 90' lang='lat' dir='ltr'><strong>dum</strong></span> <span class='ocrx_word' id='word_1_205' title='bbox 1519 1495 1695 1534; x_wconf 87' lang='lat' dir='ltr'><strong>Vestrum</strong></span> 
     </span>
     <span class='ocr_line' id='line_1_23' title="bbox 168 1554 1505 1605; baseline 0.007 -17"><span class='ocrx_word' id='word_1_206' title='bbox 168 1565 303 1590; x_wconf 89' lang='lat' dir='ltr'><strong>nomeu</strong></span> <span class='ocrx_word' id='word_1_207' title='bbox 332 1565 403 1589; x_wconf 88' lang='lat' dir='ltr'><strong>una</strong></span> <span class='ocrx_word' id='word_1_208' title='bbox 432 1565 515 1590; x_wconf 86' lang='lat' dir='ltr'><strong>cum</strong></span> <span class='ocrx_word' id='word_1_209' title='bbox 544 1557 673 1590; x_wconf 88' lang='lat' dir='ltr'><strong>nostro</strong></span> <span class='ocrx_word' id='word_1_210' title='bbox 697 1554 837 1604; x_wconf 85' lang='lat' dir='ltr'><strong>passim</strong></span> <span class='ocrx_word' id='word_1_211' title='bbox 863 1555 962 1605; x_wconf 84' lang='lat' dir='ltr'><strong>apud</strong></span> <span class='ocrx_word' id='word_1_212' title='bbox 989 1568 1118 1594; x_wconf 90' lang='lat' dir='ltr'><strong>omnes</strong></span> <span class='ocrx_word' id='word_1_213' title='bbox 1145 1562 1282 1595; x_wconf 88' lang='lat' dir='ltr'><strong>temere</strong></span> <span class='ocrx_word' id='word_1_214' title='bbox 1308 1558 1505 1598; x_wconf 84' lang='lat' dir='ltr'><strong>infamant.</strong></span> 
     </span>
    </p>

    <p class='ocr_par' dir='ltr' id='par_1_3' title="bbox 166 1616 1693 2059">
     <span class='ocr_line' id='line_1_24' title="bbox 220 1616 1693 1673; baseline 0.006 -21"><span class='ocrx_word' id='word_1_215' title='bbox 220 1616 310 1653; x_wconf 91' lang='lat' dir='ltr'><strong>Non</strong></span> <span class='ocrx_word' id='word_1_216' title='bbox 344 1616 495 1665; x_wconf 85' lang='lat' dir='ltr'><strong>ignorat</strong></span> <span class='ocrx_word' id='word_1_217' title='bbox 531 1617 681 1668; x_wconf 86' lang='lat' dir='ltr'><strong>Europa</strong></span> <span class='ocrx_word' id='word_1_218' title='bbox 716 1631 810 1668; x_wconf 89' lang='lat' dir='ltr'><strong>pene</strong></span> <span class='ocrx_word' id='word_1_219' title='bbox 845 1623 936 1662; x_wconf 82' lang='lat' dir='ltr'><strong>tota,</strong></span> <span class='ocrx_word' id='word_1_220' title='bbox 962 1624 1143 1670; x_wconf 86' lang='lat' dir='ltr'><strong>quantum</strong></span> <span class='ocrx_word' id='word_1_221' title='bbox 1169 1620 1327 1659; x_wconf 86' lang='lat' dir='ltr'><strong>Vestrae</strong></span> <span class='ocrx_word' id='word_1_222' title='bbox 1353 1623 1483 1673; x_wconf 87' lang='lat' dir='ltr'><strong>pietati</strong></span> <span class='ocrx_word' id='word_1_223' title='bbox 1511 1636 1592 1666; x_wconf 81' lang='lat' dir='ltr'><strong>nos,</strong></span> <span class='ocrx_word' id='word_1_224' title='bbox 1617 1624 1693 1662; x_wconf 87' lang='lat' dir='ltr'><strong>imo</strong></span> 
     </span>
     <span class='ocr_line' id='line_1_25' title="bbox 166 1681 1693 1735; baseline 0.007 -19"><span class='ocrx_word' id='word_1_225' title='bbox 166 1693 253 1717; x_wconf 88' lang='lat' dir='ltr'><strong>vero</strong></span> <span class='ocrx_word' id='word_1_226' title='bbox 294 1681 345 1731; x_wconf 87' lang='lat' dir='ltr'><strong>pii</strong></span> <span class='ocrx_word' id='word_1_227' title='bbox 388 1681 527 1732; x_wconf 86' lang='lat' dir='ltr'><strong>ubique</strong></span> <span class='ocrx_word' id='word_1_228' title='bbox 563 1695 691 1719; x_wconf 87' lang='lat' dir='ltr'><strong>omnes</strong></span> <span class='ocrx_word' id='word_1_229' title='bbox 728 1683 899 1727; x_wconf 88' lang='lat' dir='ltr'><strong>debeant,</strong></span> <span class='ocrx_word' id='word_1_230' title='bbox 934 1685 980 1721; x_wconf 88' lang='lat' dir='ltr'><strong>ab</strong></span> <span class='ocrx_word' id='word_1_231' title='bbox 1016 1685 1236 1735; x_wconf 88' lang='lat' dir='ltr'><strong>praestitum</strong></span> <span class='ocrx_word' id='word_1_232' title='bbox 1274 1686 1335 1724; x_wconf 87' lang='lat' dir='ltr'><strong>hio</strong></span> <span class='ocrx_word' id='word_1_233' title='bbox 1370 1688 1508 1725; x_wconf 89' lang='lat' dir='ltr'><strong>nostris</strong></span> <span class='ocrx_word' id='word_1_234' title='bbox 1547 1689 1693 1727; x_wconf 87' lang='lat' dir='ltr'><strong>afflictis</strong></span> 
     </span>
     <span class='ocr_line' id='line_1_26' title="bbox 168 1743 1693 1804; baseline 0.007 -24"><span class='ocrx_word' id='word_1_235' title='bbox 168 1743 346 1781; x_wconf 87' lang='lat' dir='ltr'><strong>Ecclesiis</strong></span> <span class='ocrx_word' id='word_1_236' title='bbox 375 1744 579 1794; x_wconf 84' lang='lat' dir='ltr'><strong>benignum</strong></span> <span class='ocrx_word' id='word_1_237' title='bbox 607 1746 824 1796; x_wconf 87' lang='lat' dir='ltr'><strong>hospitium.</strong></span> <span class='ocrx_word' id='word_1_238' title='bbox 877 1748 1047 1786; x_wconf 88' lang='lat' dir='ltr'><strong>Nimium</strong></span> <span class='ocrx_word' id='word_1_239' title='bbox 1077 1754 1174 1787; x_wconf 90' lang='lat' dir='ltr'><strong>certe</strong></span> <span class='ocrx_word' id='word_1_240' title='bbox 1200 1751 1340 1800; x_wconf 81' lang='lat' dir='ltr'><strong>ingrati</strong></span> <span class='ocrx_word' id='word_1_241' title='bbox 1367 1765 1543 1797; x_wconf 82' lang='lat' dir='ltr'><strong>essemuS,</strong></span> <span class='ocrx_word' id='word_1_242' title='bbox 1570 1753 1601 1790; x_wconf 89' lang='lat' dir='ltr'><strong>si</strong></span> <span class='ocrx_word' id='word_1_243' title='bbox 1626 1766 1693 1804; x_wconf 87' lang='lat' dir='ltr'><strong>per</strong></span> 
     </span>
     <span class='ocr_line' id='line_1_27' title="bbox 168 1809 1693 1867; baseline 0.007 -22"><span class='ocrx_word' id='word_1_244' title='bbox 168 1821 249 1850; x_wconf 83' lang='lat' dir='ltr'><strong>nos.</strong></span> <span class='ocrx_word' id='word_1_245' title='bbox 285 1813 348 1846; x_wconf 88' lang='lat' dir='ltr'><strong>aut</strong></span> <span class='ocrx_word' id='word_1_246' title='bbox 385 1809 493 1846; x_wconf 91' lang='lat' dir='ltr'><strong>nobis</strong></span> <span class='ocrx_word' id='word_1_247' title='bbox 527 1809 637 1847; x_wconf 87' lang='lat' dir='ltr'><strong>etiam</strong></span> <span class='ocrx_word' id='word_1_248' title='bbox 667 1810 1003 1857; x_wconf 85' lang='lat' dir='ltr'><strong>dissimulantibus,</strong></span> <span class='ocrx_word' id='word_1_249' title='bbox 1031 1814 1089 1851; x_wconf 88' lang='lat' dir='ltr'><strong>vel</strong></span> <span class='ocrx_word' id='word_1_250' title='bbox 1115 1815 1305 1852; x_wconf 87' lang='lat' dir='ltr'><strong>tantillum</strong></span> <span class='ocrx_word' id='word_1_251' title='bbox 1333 1816 1489 1854; x_wconf 89' lang='lat' dir='ltr'><strong>Vestrae</strong></span> <span class='ocrx_word' id='word_1_252' title='bbox 1518 1817 1693 1867; x_wconf 87' lang='lat' dir='ltr'><strong>dignitati</strong></span> 
     </span>
     <span class='ocr_line' id='line_1_28' title="bbox 169 1872 1693 1931; baseline 0.007 -22"><span class='ocrx_word' id='word_1_253' title='bbox 169 1872 433 1911; x_wconf 85' lang='lat' dir='ltr'><strong>detraheretur.</strong></span> <span class='ocrx_word' id='word_1_254' title='bbox 487 1874 558 1911; x_wconf 79' lang='lat' dir='ltr'><strong>Isti</strong></span> <span class='ocrx_word' id='word_1_255' title='bbox 598 1888 694 1921; x_wconf 82' lang='lat' dir='ltr'><strong>vero,</strong></span> <span class='ocrx_word' id='word_1_256' title='bbox 723 1889 804 1913; x_wconf 87' lang='lat' dir='ltr'><strong>cum</strong></span> <span class='ocrx_word' id='word_1_257' title='bbox 833 1889 909 1914; x_wconf 88' lang='lat' dir='ltr'><strong>non</strong></span> <span class='ocrx_word' id='word_1_258' title='bbox 939 1877 1100 1916; x_wconf 86' lang='lat' dir='ltr'><strong>habeant</strong></span> <span class='ocrx_word' id='word_1_259' title='bbox 1127 1879 1241 1917; x_wconf 89' lang='lat' dir='ltr'><strong>ullam</strong></span> <span class='ocrx_word' id='word_1_260' title='bbox 1268 1880 1307 1918; x_wconf 90' lang='lat' dir='ltr'><strong>in</strong></span> <span class='ocrx_word' id='word_1_261' title='bbox 1334 1881 1414 1931; x_wconf 86' lang='lat' dir='ltr'><strong>ipsa</strong></span> <span class='ocrx_word' id='word_1_262' title='bbox 1443 1894 1550 1919; x_wconf 87' lang='lat' dir='ltr'><strong>causa</strong></span> <span class='ocrx_word' id='word_1_263' title='bbox 1577 1883 1693 1920; x_wconf 89' lang='lat' dir='ltr'><strong>ratio-</strong></span> 
     </span>
     <span class='ocr_line' id='line_1_29' title="bbox 168 1935 1693 1997; baseline 0.008 -25"><span class='ocrx_word' id='word_1_264' title='bbox 168 1949 251 1973; x_wconf 89' lang='lat' dir='ltr'><strong>nem</strong></span> <span class='ocrx_word' id='word_1_265' title='bbox 286 1935 458 1974; x_wconf 87' lang='lat' dir='ltr'><strong>idoneam</strong></span> <span class='ocrx_word' id='word_1_266' title='bbox 494 1950 539 1974; x_wconf 85' lang='lat' dir='ltr'><strong>ex</strong></span> <span class='ocrx_word' id='word_1_267' title='bbox 577 1939 687 1976; x_wconf 90' lang='lat' dir='ltr'><strong>verbo</strong></span> <span class='ocrx_word' id='word_1_268' title='bbox 726 1939 808 1985; x_wconf 88' lang='lat' dir='ltr'><strong>Dei,</strong></span> <span class='ocrx_word' id='word_1_269' title='bbox 834 1940 909 1978; x_wconf 89' lang='lat' dir='ltr'><strong>iam</strong></span> <span class='ocrx_word' id='word_1_270' title='bbox 936 1942 1008 1978; x_wconf 87' lang='lat' dir='ltr'><strong>alia</strong></span> <span class='ocrx_word' id='word_1_271' title='bbox 1036 1943 1320 1991; x_wconf 71' lang='lat' dir='ltr'><strong>aggrediuntur,</strong></span> <span class='ocrx_word' id='word_1_272' title='bbox 1355 1949 1394 1983; x_wconf 86' lang='lat' dir='ltr'><strong>ut</strong></span> <span class='ocrx_word' id='word_1_273' title='bbox 1421 1944 1540 1983; x_wconf 90' lang='lat' dir='ltr'><strong>Vobis</strong></span> <span class='ocrx_word' id='word_1_274' title='bbox 1567 1946 1693 1997; x_wconf 88' lang='lat' dir='ltr'><strong>potius</strong></span> 
     </span>
     <span class='ocr_line' id='line_1_30' title="bbox 168 2001 1691 2059; baseline 0.009 -23"><span class='ocrx_word' id='word_1_275' title='bbox 168 2014 280 2050; x_wconf 90' lang='lat' dir='ltr'><strong>quam</strong></span> <span class='ocrx_word' id='word_1_276' title='bbox 307 2001 417 2039; x_wconf 90' lang='lat' dir='ltr'><strong>nobis</strong></span> <span class='ocrx_word' id='word_1_277' title='bbox 443 2002 623 2040; x_wconf 86' lang='lat' dir='ltr'><strong>invidiam</strong></span> <span class='ocrx_word' id='word_1_278' title='bbox 650 2008 687 2040; x_wconf 88' lang='lat' dir='ltr'><strong>et</strong></span> <span class='ocrx_word' id='word_1_279' title='bbox 714 2004 840 2042; x_wconf 89' lang='lat' dir='ltr'><strong>odium</strong></span> <span class='ocrx_word' id='word_1_280' title='bbox 859 2006 956 2056; x_wconf 87' lang='lat' dir='ltr'><strong>apud</strong></span> <span class='ocrx_word' id='word_1_281' title='bbox 977 2019 1104 2045; x_wconf 90' lang='lat' dir='ltr'><strong>omnes</strong></span> <span class='ocrx_word' id='word_1_282' title='bbox 1125 2008 1278 2059; x_wconf 88' lang='lat' dir='ltr'><strong>Imperii</strong></span> <span class='ocrx_word' id='word_1_283' title='bbox 1297 2009 1458 2048; x_wconf 90' lang='lat' dir='ltr'><strong>Ordines</strong></span> <span class='ocrx_word' id='word_1_284' title='bbox 1479 2011 1691 2050; x_wconf 87' lang='lat' dir='ltr'><strong>concilient.</strong></span> 
     </span>
    </p>

    <p class='ocr_par' dir='ltr' id='par_1_4' title="bbox 168 2065 1694 2699">
     <span class='ocr_line' id='line_1_31' title="bbox 220 2065 1694 2127; baseline 0.009 -26"><span class='ocrx_word' id='word_1_285' title='bbox 220 2065 270 2103; x_wconf 87' lang='lat' dir='ltr'><strong>Et</strong></span> <span class='ocrx_word' id='word_1_286' title='bbox 306 2065 437 2103; x_wconf 89' lang='lat' dir='ltr'><strong>callide</strong></span> <span class='ocrx_word' id='word_1_287' title='bbox 464 2066 521 2103; x_wconf 88' lang='lat' dir='ltr'><strong>illi</strong></span> <span class='ocrx_word' id='word_1_288' title='bbox 547 2067 696 2117; x_wconf 85' lang='lat' dir='ltr'><strong>quidem</strong></span> <span class='ocrx_word' id='word_1_289' title='bbox 725 2082 859 2107; x_wconf 86' lang='lat' dir='ltr'><strong>novam</strong></span> <span class='ocrx_word' id='word_1_290' title='bbox 889 2071 1113 2110; x_wconf 88' lang='lat' dir='ltr'><strong>calumniam</strong></span> <span class='ocrx_word' id='word_1_291' title='bbox 1140 2073 1435 2121; x_wconf 87' lang='lat' dir='ltr'><strong>adinvenerunt;</strong></span> <span class='ocrx_word' id='word_1_292' title='bbox 1479 2089 1559 2119; x_wconf 80' lang='lat' dir='ltr'><strong>nos,</strong></span> <span class='ocrx_word' id='word_1_293' title='bbox 1591 2081 1694 2127; x_wconf 88' lang='lat' dir='ltr'><strong>puta,</strong></span> 
     </span>
     <span class='ocr_line' id='line_1_32' title="bbox 170 2130 1691 2191; baseline 0.009 -26"><span class='ocrx_word' id='word_1_294' title='bbox 170 2142 253 2166; x_wconf 89' lang='lat' dir='ltr'><strong>cum</strong></span> <span class='ocrx_word' id='word_1_295' title='bbox 288 2130 531 2168; x_wconf 86' lang='lat' dir='ltr'><strong>Confessione</strong></span> <span class='ocrx_word' id='word_1_296' title='bbox 567 2133 787 2181; x_wconf 81' lang='lat' dir='ltr'><strong>Augustana</strong></span> <span class='ocrx_word' id='word_1_297' title='bbox 822 2148 1002 2184; x_wconf 75' lang='lat' dir='ltr'><strong>pugnare.</strong></span> <span class='ocrx_word' id='word_1_298' title='bbox 1055 2136 1103 2174; x_wconf 94' lang='lat' dir='ltr'><strong>In</strong></span> <span class='ocrx_word' id='word_1_299' title='bbox 1130 2150 1203 2187; x_wconf 88' lang='lat' dir='ltr'><strong>quo</strong></span> <span class='ocrx_word' id='word_1_300' title='bbox 1233 2140 1293 2186; x_wconf 83' lang='lat'><strong>(6)</strong></span> <span class='ocrx_word' id='word_1_301' title='bbox 1324 2138 1476 2177; x_wconf 86' lang='lat' dir='ltr'><strong>Vestrae</strong></span> <span class='ocrx_word' id='word_1_302' title='bbox 1502 2140 1691 2191; x_wconf 87' lang='lat' dir='ltr'><strong>Amplitu-</strong></span> 
     </span>
     <span class='ocr_line' id='line_1_33' title="bbox 169 2194 1692 2254; baseline 0.008 -24"><span class='ocrx_word' id='word_1_303' title='bbox 169 2194 247 2231; x_wconf 91' lang='lat' dir='ltr'><strong>dini</strong></span> <span class='ocrx_word' id='word_1_304' title='bbox 275 2198 402 2232; x_wconf 80' lang='lat' dir='ltr'><strong>notam</strong></span> <span class='ocrx_word' id='word_1_305' title='bbox 431 2195 526 2232; x_wconf 88' lang='lat' dir='ltr'><strong>hanc</strong></span> <span class='ocrx_word' id='word_1_306' title='bbox 553 2196 701 2234; x_wconf 84' lang='lat' dir='ltr'><strong>inurere</strong></span> <span class='ocrx_word' id='word_1_307' title='bbox 729 2203 922 2242; x_wconf 86' lang='lat' dir='ltr'><strong>conantur,</strong></span> <span class='ocrx_word' id='word_1_308' title='bbox 951 2200 1058 2250; x_wconf 87' lang='lat' dir='ltr'><strong>quasi</strong></span> <span class='ocrx_word' id='word_1_309' title='bbox 1075 2201 1165 2246; x_wconf 93' lang='lat' dir='ltr'><strong>Vos,</strong></span> <span class='ocrx_word' id='word_1_310' title='bbox 1194 2202 1331 2240; x_wconf 90' lang='lat' dir='ltr'><strong>violato</strong></span> <span class='ocrx_word' id='word_1_311' title='bbox 1359 2203 1512 2254; x_wconf 88' lang='lat' dir='ltr'><strong>Imperii</strong></span> <span class='ocrx_word' id='word_1_312' title='bbox 1531 2205 1692 2250; x_wconf 88' lang='lat' dir='ltr'><strong>foedere,</strong></span> 
     </span>
     <span class='ocr_line' id='line_1_34' title="bbox 170 2257 1689 2314; baseline 0.009 -21"><span class='ocrx_word' id='word_1_313' title='bbox 170 2257 293 2295; x_wconf 87' lang='lat' dir='ltr'><strong>hostes</strong></span> <span class='ocrx_word' id='word_1_314' title='bbox 327 2258 427 2296; x_wconf 82' lang='lat' dir='ltr'><strong>illius</strong></span> <span class='ocrx_word' id='word_1_315' title='bbox 456 2259 491 2296; x_wconf 91' lang='lat' dir='ltr'><strong>in</strong></span> <span class='ocrx_word' id='word_1_316' title='bbox 523 2264 684 2297; x_wconf 79' lang='lat' dir='ltr'><strong>vestrum</strong></span> <span class='ocrx_word' id='word_1_317' title='bbox 712 2261 836 2299; x_wconf 88' lang='lat' dir='ltr'><strong>sinum</strong></span> <span class='ocrx_word' id='word_1_318' title='bbox 862 2264 1106 2314; x_wconf 89' lang='lat' dir='ltr'><strong>recepissetis.</strong></span> <span class='ocrx_word' id='word_1_319' title='bbox 1160 2266 1322 2304; x_wconf 89' lang='lat' dir='ltr'><strong>Proinde</strong></span> <span class='ocrx_word' id='word_1_320' title='bbox 1351 2268 1470 2305; x_wconf 89' lang='lat' dir='ltr'><strong>visum</strong></span> <span class='ocrx_word' id='word_1_321' title='bbox 1496 2271 1551 2305; x_wconf 91' lang='lat' dir='ltr'><strong>est</strong></span> <span class='ocrx_word' id='word_1_322' title='bbox 1579 2268 1689 2306; x_wconf 92' lang='lat' dir='ltr'><strong>nobis</strong></span> 
     </span>
     <span class='ocr_line' id='line_1_35' title="bbox 168 2325 1689 2379; baseline 0.009 -22"><span class='ocrx_word' id='word_1_323' title='bbox 168 2334 343 2371; x_wconf 85' lang='lat' dir='ltr'><strong>perquam</strong></span> <span class='ocrx_word' id='word_1_324' title='bbox 379 2325 638 2369; x_wconf 76' lang='lat' dir='ltr'><strong>necessarium,</strong></span> <span class='ocrx_word' id='word_1_325' title='bbox 675 2325 777 2362; x_wconf 89' lang='lat' dir='ltr'><strong>brevi</strong></span> <span class='ocrx_word' id='word_1_326' title='bbox 813 2326 938 2377; x_wconf 88' lang='lat' dir='ltr'><strong>aliquo</strong></span> <span class='ocrx_word' id='word_1_327' title='bbox 976 2328 1113 2379; x_wconf 87' lang='lat' dir='ltr'><strong>scripto</strong></span> <span class='ocrx_word' id='word_1_328' title='bbox 1150 2329 1232 2367; x_wconf 90' lang='lat' dir='ltr'><strong>istis</strong></span> <span class='ocrx_word' id='word_1_329' title='bbox 1270 2330 1485 2369; x_wconf 88' lang='lat' dir='ltr'><strong>hominibus</strong></span> <span class='ocrx_word' id='word_1_330' title='bbox 1520 2344 1584 2368; x_wconf 88' lang='lat' dir='ltr'><strong>ora</strong></span> <span class='ocrx_word' id='word_1_331' title='bbox 1620 2332 1689 2369; x_wconf 94' lang='lat' dir='ltr'><strong>ob-</strong></span> 
     </span>
     <span class='ocr_line' id='line_1_36' title="bbox 168 2387 1689 2446; baseline 0.009 -26"><span class='ocrx_word' id='word_1_332' title='bbox 168 2388 305 2428; x_wconf 89' lang='lat' dir='ltr'><strong>turare,</strong></span> <span class='ocrx_word' id='word_1_333' title='bbox 339 2391 414 2429; x_wconf 88' lang='lat' dir='ltr'><strong>aut,</strong></span> <span class='ocrx_word' id='word_1_334' title='bbox 451 2387 481 2424; x_wconf 89' lang='lat' dir='ltr'><strong>si</strong></span> <span class='ocrx_word' id='word_1_335' title='bbox 516 2387 554 2424; x_wconf 87' lang='lat' dir='ltr'><strong>id</strong></span> <span class='ocrx_word' id='word_1_336' title='bbox 583 2401 658 2426; x_wconf 92' lang='lat' dir='ltr'><strong>non</strong></span> <span class='ocrx_word' id='word_1_337' title='bbox 686 2393 819 2439; x_wconf 84' lang='lat' dir='ltr'><strong>potest,</strong></span> <span class='ocrx_word' id='word_1_338' title='bbox 855 2391 941 2440; x_wconf 85' lang='lat' dir='ltr'><strong>quia</strong></span> <span class='ocrx_word' id='word_1_339' title='bbox 976 2393 1261 2442; x_wconf 87' lang='lat' dir='ltr'><strong>praefractiores</strong></span> <span class='ocrx_word' id='word_1_340' title='bbox 1297 2398 1398 2440; x_wconf 90' lang='lat' dir='ltr'><strong>sunt,</strong></span> <span class='ocrx_word' id='word_1_341' title='bbox 1433 2395 1564 2432; x_wconf 88' lang='lat' dir='ltr'><strong>saltem</strong></span> <span class='ocrx_word' id='word_1_342' title='bbox 1590 2395 1689 2446; x_wconf 84' lang='lat' dir='ltr'><strong>apud</strong></span> 
     </span>
     <span class='ocr_line' id='line_1_37' title="bbox 168 2449 1690 2510; baseline 0.009 -25"><span class='ocrx_word' id='word_1_343' title='bbox 168 2462 296 2486; x_wconf 89' lang='lat' dir='ltr'><strong>omnes</strong></span> <span class='ocrx_word' id='word_1_344' title='bbox 332 2449 451 2488; x_wconf 90' lang='lat' dir='ltr'><strong>bonos</strong></span> <span class='ocrx_word' id='word_1_345' title='bbox 487 2456 523 2489; x_wconf 89' lang='lat' dir='ltr'><strong>et</strong></span> <span class='ocrx_word' id='word_1_346' title='bbox 559 2454 639 2503; x_wconf 92' lang='lat' dir='ltr'><strong>pios</strong></span> <span class='ocrx_word' id='word_1_347' title='bbox 666 2454 857 2506; x_wconf 85' lang='lat' dir='ltr'><strong>Principes</strong></span> <span class='ocrx_word' id='word_1_348' title='bbox 891 2460 1069 2495; x_wconf 86' lang='lat' dir='ltr'><strong>testatum</strong></span> <span class='ocrx_word' id='word_1_349' title='bbox 1105 2458 1296 2505; x_wconf 86' lang='lat' dir='ltr'><strong>faciemus,</strong></span> <span class='ocrx_word' id='word_1_350' title='bbox 1328 2459 1582 2510; x_wconf 83' lang='lat' dir='ltr'><strong>putidissimas</strong></span> <span class='ocrx_word' id='word_1_351' title='bbox 1610 2474 1690 2498; x_wconf 91' lang='lat' dir='ltr'><strong>esse</strong></span> 
     </span>
     <span class='ocr_line' id='line_1_38' title="bbox 168 2513 1689 2573; baseline 0.008 -23"><span class='ocrx_word' id='word_1_352' title='bbox 168 2513 318 2552; x_wconf 86' lang='lat' dir='ltr'><strong>illorum</strong></span> <span class='ocrx_word' id='word_1_353' title='bbox 355 2515 545 2554; x_wconf 86' lang='lat' dir='ltr'><strong>hominum</strong></span> <span class='ocrx_word' id='word_1_354' title='bbox 574 2518 788 2565; x_wconf 84' lang='lat' dir='ltr'><strong>calumnias,</strong></span> <span class='ocrx_word' id='word_1_355' title='bbox 815 2520 949 2570; x_wconf 87' lang='lat' dir='ltr'><strong>quibus</strong></span> <span class='ocrx_word' id='word_1_356' title='bbox 978 2534 1046 2559; x_wconf 89' lang='lat' dir='ltr'><strong>nos</strong></span> <span class='ocrx_word' id='word_1_357' title='bbox 1074 2523 1248 2573; x_wconf 87' lang='lat' dir='ltr'><strong>primum,</strong></span> <span class='ocrx_word' id='word_1_358' title='bbox 1275 2537 1361 2562; x_wconf 91' lang='lat' dir='ltr'><strong>suos</strong></span> <span class='ocrx_word' id='word_1_359' title='bbox 1384 2525 1529 2569; x_wconf 86' lang='lat' dir='ltr'><strong>fratres,</strong></span> <span class='ocrx_word' id='word_1_360' title='bbox 1556 2524 1689 2562; x_wconf 88' lang='lat' dir='ltr'><strong>deinde</strong></span> 
     </span>
     <span class='ocr_line' id='line_1_39' title="bbox 169 2579 1688 2635; baseline 0.007 -19"><span class='ocrx_word' id='word_1_361' title='bbox 169 2579 279 2616; x_wconf 85' lang='lat' dir='ltr'><strong>etiam</strong></span> <span class='ocrx_word' id='word_1_362' title='bbox 307 2579 481 2616; x_wconf 82' lang='lat' dir='ltr'><strong>Vestrum</strong></span> <span class='ocrx_word' id='word_1_363' title='bbox 509 2583 816 2632; x_wconf 86' lang='lat' dir='ltr'><strong>Amplitudinem‚</strong></span> <span class='ocrx_word' id='word_1_364' title='bbox 844 2585 1026 2624; x_wconf 87' lang='lat' dir='ltr'><strong>Dominos</strong></span> <span class='ocrx_word' id='word_1_365' title='bbox 1054 2592 1204 2626; x_wconf 89' lang='lat' dir='ltr'><strong>nostros</strong></span> <span class='ocrx_word' id='word_1_366' title='bbox 1228 2589 1475 2635; x_wconf 85' lang='lat' dir='ltr'><strong>Clementiss.,</strong></span> <span class='ocrx_word' id='word_1_367' title='bbox 1504 2593 1688 2627; x_wconf 88' lang='lat' dir='ltr'><strong>conantur</strong></span> 
     </span>
     <span class='ocr_line' id='line_1_40' title="bbox 169 2643 1156 2699; baseline 0.012 -21"><span class='ocrx_word' id='word_1_368' title='bbox 169 2643 266 2694; x_wconf 85' lang='lat' dir='ltr'><strong>apud</strong></span> <span class='ocrx_word' id='word_1_369' title='bbox 295 2656 423 2680; x_wconf 86' lang='lat' dir='ltr'><strong>omnes</strong></span> <span class='ocrx_word' id='word_1_370' title='bbox 451 2644 603 2694; x_wconf 86' lang='lat' dir='ltr'><strong>Imperii</strong></span> <span class='ocrx_word' id='word_1_371' title='bbox 632 2645 794 2685; x_wconf 86' lang='lat' dir='ltr'><strong>Ordines</strong></span> <span class='ocrx_word' id='word_1_372' title='bbox 822 2649 964 2687; x_wconf 86' lang='lat' dir='ltr'><strong>invidia</strong></span> <span class='ocrx_word' id='word_1_373' title='bbox 990 2664 1156 2699; x_wconf 86' lang='lat' dir='ltr'><strong>gravare.</strong></span> 
     </span>
    </p>

    <p class='ocr_par' dir='ltr' id='par_1_5' title="bbox 168 2707 1687 2896">
     <span class='ocr_line' id='line_1_41' title="bbox 220 2707 1687 2767; baseline 0.009 -24"><span class='ocrx_word' id='word_1_374' title='bbox 220 2707 407 2745; x_wconf 89' lang='lat' dir='ltr'><strong>Nolumus</strong></span> <span class='ocrx_word' id='word_1_375' title='bbox 449 2708 508 2745; x_wconf 87' lang='lat' dir='ltr'><strong>hic</strong></span> <span class='ocrx_word' id='word_1_376' title='bbox 543 2709 583 2746; x_wconf 89' lang='lat' dir='ltr'><strong>in</strong></span> <span class='ocrx_word' id='word_1_377' title='bbox 610 2710 693 2748; x_wconf 89' lang='lat' dir='ltr'><strong>illos</strong></span> <span class='ocrx_word' id='word_1_378' title='bbox 720 2724 899 2760; x_wconf 82' lang='lat' dir='ltr'><strong>regerere,</strong></span> <span class='ocrx_word' id='word_1_379' title='bbox 925 2728 1037 2764; x_wconf 87' lang='lat' dir='ltr'><strong>quam</strong></span> <span class='ocrx_word' id='word_1_380' title='bbox 1067 2716 1309 2760; x_wconf 89' lang='lat' dir='ltr'><strong>confidenter,</strong></span> <span class='ocrx_word' id='word_1_381' title='bbox 1337 2717 1425 2754; x_wconf 91' lang='lat' dir='ltr'><strong>dum</strong></span> <span class='ocrx_word' id='word_1_382' title='bbox 1452 2717 1543 2767; x_wconf 89' lang='lat' dir='ltr'><strong>ipsis</strong></span> <span class='ocrx_word' id='word_1_383' title='bbox 1571 2718 1687 2763; x_wconf 83' lang='lat' dir='ltr'><strong>lubet,</strong></span> 
     </span>
     <span class='ocr_line' id='line_1_42' title="bbox 170 2771 1686 2832; baseline 0.009 -25"><span class='ocrx_word' id='word_1_384' title='bbox 170 2771 450 2809; x_wconf 87' lang='lat' dir='ltr'><strong>Confessionem</strong></span> <span class='ocrx_word' id='word_1_385' title='bbox 486 2774 744 2821; x_wconf 78' lang='lat' dir='ltr'><strong>Augustanam</strong></span> <span class='ocrx_word' id='word_1_386' title='bbox 787 2782 1040 2818; x_wconf 83' lang='lat' dir='ltr'><strong>contemnant.</strong></span> <span class='ocrx_word' id='word_1_387' title='bbox 1095 2781 1228 2832; x_wconf 90' lang='lat' dir='ltr'><strong>Neque</strong></span> <span class='ocrx_word' id='word_1_388' title='bbox 1263 2782 1374 2819; x_wconf 89' lang='lat' dir='ltr'><strong>etiam</strong></span> <span class='ocrx_word' id='word_1_389' title='bbox 1408 2782 1484 2819; x_wconf 91' lang='lat' dir='ltr'><strong>illis</strong></span> <span class='ocrx_word' id='word_1_390' title='bbox 1512 2782 1686 2820; x_wconf 90' lang='lat' dir='ltr'><strong>obtendi-</strong></span> 
     </span>
     <span class='ocr_line' id='line_1_43' title="bbox 168 2835 1686 2896; baseline 0.009 -25"><span class='ocrx_word' id='word_1_391' title='bbox 168 2847 250 2873; x_wconf 90' lang='lat' dir='ltr'><strong>mus</strong></span> <span class='ocrx_word' id='word_1_392' title='bbox 285 2835 342 2883; x_wconf 90' lang='lat' dir='ltr'><strong>(id</strong></span> <span class='ocrx_word' id='word_1_393' title='bbox 377 2835 477 2887; x_wconf 89' lang='lat' dir='ltr'><strong>quod</strong></span> <span class='ocrx_word' id='word_1_394' title='bbox 511 2840 635 2875; x_wconf 84' lang='lat' dir='ltr'><strong>tamen</strong></span> <span class='ocrx_word' id='word_1_395' title='bbox 670 2837 750 2876; x_wconf 88' lang='lat' dir='ltr'><strong>iure</strong></span> <span class='ocrx_word' id='word_1_396' title='bbox 786 2845 913 2879; x_wconf 91' lang='lat' dir='ltr'><strong>nostro</strong></span> <span class='ocrx_word' id='word_1_397' title='bbox 943 2843 1083 2893; x_wconf 90' lang='lat' dir='ltr'><strong>optimo</strong></span> <span class='ocrx_word' id='word_1_398' title='bbox 1112 2846 1337 2895; x_wconf 89' lang='lat' dir='ltr'><strong>possemus),</strong></span> <span class='ocrx_word' id='word_1_399' title='bbox 1363 2845 1464 2896; x_wconf 89' lang='lat' dir='ltr'><strong>quod</strong></span> <span class='ocrx_word' id='word_1_400' title='bbox 1492 2845 1686 2885; x_wconf 86' lang='lat' dir='ltr'><strong>hominum</strong></span> 
     </span>
    </p>
   </div>
  </div>
 </body>
</html>
