1818 3178
570 142 786 172 Responsm
815 147 909 175 Anv,
942 148 1108 178 nosmM.
1536 147 1608 183 441

74 242 187 289 atque
224 240 355 285 officio,
392 245 432 279 ut
469 244 713 293 apostaticam
748 247 869 298 Papae
906 253 940 286 et
965 250 1154 289 larvarum
1183 266 1334 291 suarum
1362 256 1602 306 impietatem,

71 302 325 342 idololatriam
370 319 414 343 ac
459 309 709 356 tyrannidem,
755 325 828 350 non
874 314 997 363 palam
1035 328 1249 355 accusemus
1285 332 1328 355 ac
1364 320 1601 366 detestemur,

68 370 285 418 praesertim
314 383 398 408 cum
426 371 529 409 illam
559 387 634 412 non
665 376 786 414 solum
816 379 918 416 nulla
948 393 991 417 ex
1021 382 1133 418 verbo
1162 382 1232 420 Dei
1260 384 1454 422 admittere
1481 399 1600 424 reme-

67 431 142 473 dia.
169 433 232 470 sed
261 435 359 471 facta
388 435 499 473 etiam
529 439 670 476 nefaria
700 441 969 488 coniuratione,
1004 458 1069 482 sua
1108 459 1188 483 eam
1224 448 1350 486 omnia
1388 451 1598 489 carceribus

65 497 165 533 ferro
202 502 237 535 et
273 498 432 537 flammis
479 502 734 543 crudelissime
779 519 1016 557 propugnare
1053 511 1256 551 videamus.
1313 514 1496 565 Equidem
1532 517 1597 566 qui

65 562 293 612 conspirant,
330 565 475 604 caelant
513 574 694 618 quantum
733 576 889 621 possunt
925 587 993 610 sua
1030 576 1198 620 consilia,
1236 592 1354 628 neque
1384 580 1454 617 nisi
1485 583 1595 630 (136)

59 626 170 664 inviti
204 628 268 665 illa
306 631 549 679 patefaciunt.
605 635 761 673 Constat
798 641 920 675 autem
960 645 1090 677 nostra
1118 655 1186 678 nos
1214 642 1252 680 in
1282 644 1454 694 Papisnio
1483 660 1594 684 accu-

60 689 176 726 sando
224 691 393 737 consilia,
437 698 522 744 post
559 697 725 744 agnitam
762 699 901 750 alioqui
941 701 1081 739 Christi
1118 702 1271 742 Domini
1306 706 1344 743 in
1392 708 1594 758 Scriptnris

59 753 200 791 sanctis
239 754 462 802 doctrinam,
498 759 590 796 adeo
629 761 794 799 noluisse
824 764 965 801 caelare
991 778 1169 816 unquam,
1198 772 1248 814 ut,
1276 783 1344 819 pro
1371 784 1414 808 eo
1442 785 1486 808 ac
1514 772 1592 809 Do-

57 817 181 855 minus
219 819 353 869 cuique
391 827 562 860 nostrum
601 824 715 868 dedit,
743 831 868 876 aperte
897 828 1002 866 illum
1031 830 1376 881 impugnaverimus
1404 849 1448 872 cx
1478 837 1590 874 verbo

60 880 142 926 Dei,
160 904 209 910 —
239 884 377 933 Papam
401 898 485 923 vero
507 899 589 924 cum
606 889 686 926 'suis
708 891 896 936 omnibus,
919 897 955 930 ut
976 899 1176 932 conatuum
1198 910 1349 935 suorum
1364 899 1590 949 impietatem

56 947 226 992 caelaret,
255 949 381 986 fucum
410 950 486 988 illis
513 952 625 1001 longe
653 955 972 1004 speciosissimum
1000 961 1200 998 ementitae
1221 962 1411 1000 cuiusdam
1434 966 1592 1004 vicariae

56 1009 196 1048 Christi
226 1012 381 1051 Domini
409 1016 656 1055 successionis
685 1019 939 1058 fraudulenter
968 1022 1196 1063 obtendisse.
1234 1026 1363 1064 Quare
1390 1041 1463 1065 non
1483 1029 1591 1079 cqui-

54 1074 136 1111 dem
175 1088 242 1113 nos
282 1077 460 1116 adversus
490 1080 713 1131 Papisticam
743 1083 1062 1124 abominationem
1092 1088 1386 1139 conspiravimus
1415 1105 1592 1142 unquam,

50 1139 112 1176 sed
151 1141 396 1191 apostaticam
425 1144 545 1195 Papae
574 1146 704 1197 suique
744 1149 859 1186 totius
896 1151 1076 1195 satellitii,
1112 1153 1345 1192 admirabilis
1382 1156 1492 1194 etiam
1530 1158 1588 1195 iu-

50 1204 254 1243 risiurandi
280 1208 426 1245 fascino
456 1209 718 1256 dementatam,
747 1213 924 1252 adversus
953 1215 1144 1254 Christum
1173 1218 1378 1257 Dominum
1396 1217 1587 1272 conspira-

49 1268 190 1306 tionem
219 1272 423 1310 secundum
453 1274 664 1324 Scripturas
692 1290 910 1316 accusamus
939 1279 1105 1330 adeoque
1134 1287 1168 1319 et
1189 1282 1321 1332 digitO,
1348 1285 1446 1334 quod
1469 1285 1586 1333 aiunt,

49 1340 401 1381 commonstramus,
434 1342 564 1388 estque
600 1341 849 1390 perspicuum,
885 1356 961 1380 non
999 1357 1087 1381 sane
1126 1359 1206 1390 nos,
1234 1347 1297 1384 sed
1326 1348 1488 1386 Hosium
1518 1363 1585 1398 po-

48 1397 122 1435 tius
150 1398 273 1449 ipsum
304 1406 339 1438 et
369 1415 455 1439 suos
484 1403 582 1440 insto
612 1405 713 1449 olim,
742 1406 813 1444 nisi
840 1408 1075 1459 resipiscant,
1102 1409 1173 1447 Dei
1201 1411 1341 1449 iudicio
1371 1414 1586 1454 coniuratae

44 1463 222 1502 adversus
261 1465 454 1505 Christum
488 1468 786 1522 Doctrinamquc
822 1477 856 1510 et
893 1473 1100 1511 Ecclesiam
1138 1476 1436 1529 dc-(l37)nique
1473 1493 1577 1518 suam

45 1528 335 1578 conspirationis
364 1532 612 1581 proculdubio
643 1535 876 1574 damnandos
903 1551 994 1577 esse.

95 1593 175 1630 Iam
207 1600 247 1632 ut
273 1595 321 1632 ad
350 1597 497 1634 Coenae
526 1598 745 1638 Dominieae
775 1602 984 1649 dissidium,
1011 1606 1112 1656 quod
1146 1611 1337 1658 tantopere
1364 1618 1579 1661 exaggerat,

44 1657 326 1703 descendamus,
356 1662 467 1699 audio
498 1677 565 1701 nos
596 1666 750 1715 culpari,
778 1668 878 1718 quod
907 1668 1008 1707 illius
1024 1676 1172 1709 autores
1195 1674 1321 1712 simus.
1352 1675 1574 1727 Respondeo

45 1737 114 1760 nos
152 1725 254 1762 nullo
290 1726 407 1764 ullius
444 1727 513 1765 hac
540 1729 577 1765 in
608 1736 711 1780 parte
741 1732 886 1770 dissidii
915 1735 1021 1785 culpa
1050 1737 1181 1781 teneri,
1209 1751 1290 1776 cum
1321 1741 1461 1779 nullius
1490 1744 1578 1781 novi

43 1788 228 1837 dogmatis
275 1790 372 1828 eirca
419 1793 579 1831 Coenam
628 1795 782 1834 Domini
828 1798 938 1836 nobis
984 1802 1124 1839 conscii
1161 1803 1290 1842 simus.
1346 1809 1423 1844 Aut
1457 1808 1575 1857 igitur

42 1852 214 1890 ostendat
253 1853 411 1899 Hosius,
448 1869 517 1893 nos
556 1858 643 1894 novi
681 1859 740 1896 hic
776 1861 936 1900 alicuius
974 1863 1161 1914 dogmatis
1198 1872 1347 1907 autores
1384 1884 1476 1915 esse,
1512 1878 1575 1911 aut

42 1916 214 1962 fateatur,
251 1931 289 1955 se
324 1918 446 1969 ipsum
483 1928 518 1958 et
556 1935 643 1959 suos
680 1924 718 1961 in
752 1938 794 1962 ea
828 1926 907 1976 ipsa
939 1929 1046 1980 culpa
1075 1943 1164 1975 esse,
1193 1934 1298 1971 cuius
1326 1937 1477 1975 nomine
1506 1952 1574 1977 nos

39 1986 202 2020 accusat.
233 1983 315 2021 Nos
344 1984 444 2023 enim
472 1990 507 2024 et
535 1987 674 2038 Papam
702 1994 870 2028 autorem
899 2000 934 2030 et
961 1993 1126 2032 Hosium
1153 2004 1468 2049 propugnatorem
1487 2004 1574 2041 novi

38 2046 84 2083 de
112 2047 531 2089 Transnbstantiatione
559 2052 747 2102 dogmatis
768 2069 1001 2102 accusamus,
1020 2073 1114 2110 quae
1134 2062 1282 2100 demum
1302 2065 1413 2103 nobis
1431 2069 1575 2118 peperit

37 2111 145 2160 panis
174 2113 299 2150 nescio
327 2127 439 2164 quam
469 2117 700 2167 apotheosim
731 2124 766 2157 et
794 2120 1061 2163 idololatriam.
1108 2126 1237 2173 Docet,
1265 2130 1462 2169 maximam
1493 2147 1573 2171 esse

37 2175 136 2213 inter
165 2190 233 2214 nos
261 2183 296 2215 et
326 2178 565 2219 Lutheranos
596 2183 640 2220 de
669 2185 794 2222 Coena
825 2185 980 2225 Domini
1000 2192 1306 2232 controversiam.
1336 2195 1573 2246 Respondeo,

37 2240 148 2277 nobis
176 2241 326 2291 quidem
358 2244 493 2291 dolere,
523 2247 622 2296 quod
652 2261 695 2285 co
725 2262 841 2300 usque
869 2251 916 2288 sit
945 2265 1155 2302 progressa,
1182 2262 1223 2293 ut
1251 2257 1466 2298 societatem
1494 2262 1569 2300 Ec-

36 2303 170 2341 clesiae
208 2305 334 2349 violet,
372 2308 434 2345 sed
472 2314 642 2348 nostrum
680 2326 755 2350 non
794 2327 884 2360 esse,
913 2317 1061 2367 culpam
1088 2319 1240 2358 illorum
1266 2328 1465 2373 praestare.
1493 2327 1572 2377 qui,

35 2367 122 2405 dum
160 2382 204 2406 ex
243 2383 381 2416 musca,
418 2378 458 2410 ut
498 2379 554 2412 est
584 2375 619 2412 in
650 2378 862 2426 proverbio,
891 2382 1005 2428 (138)
1033 2383 1271 2434 elephantum
1302 2393 1486 2428 conantur
1513 2392 1570 2429 fa·

35 2444 127 2477 cere,
155 2433 364 2472 Ecclesiam
393 2438 627 2487 perturbant.
659 2440 740 2478 Nos
770 2455 859 2480 sane
888 2457 1033 2496 semper
1060 2449 1189 2486 testati
1218 2463 1355 2498 sumus,
1386 2454 1567 2494 minorem

32 2509 113 2534 esse
141 2497 186 2535 de
215 2499 361 2538 Coenae
389 2501 595 2541 Elementis
626 2508 936 2555 controversiam,
963 2511 1029 2548 ubi
1057 2515 1276 2562 praesertim
1303 2516 1346 2554 de
1374 2518 1451 2556 eius
1482 2520 1568 2571 My-

32 2560 143 2598 sterio
172 2564 359 2608 convenit,
387 2579 499 2616 quam
528 2573 569 2605 ut
597 2575 750 2620 propter
776 2571 879 2610 illam
909 2574 1131 2614 scindantur
1158 2578 1363 2620 Ecclesiae.
1419 2584 1569 2624 Quodsi

33 2626 94 2663 hic
130 2640 205 2665 non
242 2630 426 2675 audimur,
455 2633 600 2671 etiamsi
629 2636 750 2673 audiri
777 2639 1024 2688 postulemus,
1051 2642 1142 2692 quid
1171 2649 1284 2684 restat
1311 2647 1426 2695 aliud,
1453 2664 1565 2700 quam

32 2694 73 2726 ut
109 2689 203 2728 bene
238 2693 378 2744 alioqui
413 2696 524 2734 nobis
561 2699 702 2736 conscii
741 2713 891 2740 eausam
918 2703 1037 2754 ipsam
1067 2706 1230 2746 Domino
1260 2713 1564 2752 committamus?

31 2754 138 2791 Certe
165 2755 275 2797 nobis
304 2758 497 2797 doctrinae
525 2763 767 2811 Apostolicae
795 2766 938 2815 puritas
967 2769 1157 2818 prodenda
1187 2786 1262 2810 non
1291 2779 1346 2812 est
1373 2776 1411 2813 in
1441 2777 1562 2814 homi·

32 2831 120 2864 num
148 2821 320 2868 gratiam,
346 2825 465 2862 multo
496 2826 618 2864 minus
646 2833 767 2866 autem
795 2818 859 2880 per
888 2832 1076 2871 silentium
1108 2835 1392 2884 dissimulanda,
1417 2842 1563 2879 etiamsi

32 2882 93 2920 hic
129 2885 327 2935 pessimam
365 2887 436 2925 hoc
474 2890 624 2928 nomine
659 2893 819 2940 gratiam
853 2895 1006 2944 passim,
1042 2902 1083 2935 ut
1119 2905 1173 2936 est
1202 2902 1332 2938 mundi
1359 2902 1569 2952 ingenium,
