1818 3178
1583 93 1656 132 287

133 223 243 261 fidiae
286 235 308 259 a
354 218 571 269 westphalo
609 220 717 254 autor
753 216 831 265 ipse
860 213 1000 250 scilicet
1029 208 1193 248 accusari
1222 220 1330 259 posse
1357 206 1537 244 videatur.
1590 204 1665 242 Po-

134 292 271 326 stremo
309 285 382 323 huc
410 286 563 334 spectat,
588 286 642 328 ut,
671 281 702 318 si
729 285 836 318 autor
862 278 901 315 in
931 275 1128 315 scribenda
1157 272 1404 311 confessione
1429 271 1482 308 ita
1509 269 1558 308 sit
1585 282 1665 306 mo-

136 353 284 390 deratus
321 349 434 387 verba
462 360 538 392 sua,
566 345 666 397 quod
692 345 733 382 in
761 344 840 395 ipso
869 340 1020 393 quidct‘n
1046 344 1138 385 erat,
1164 342 1218 383 ut,
1246 350 1322 375 non
1348 336 1497 388 prodita
1525 334 1668 384 alioqui

137 416 329 455 doctrinae
362 412 597 463 synna-itate,
634 414 824 461 amputare
851 407 1096 447 nihilominus
1124 403 1307 442 studuerit
1336 413 1463 439 omnes
1492 399 1667 438 dissidio·

138 495 221 519 rum
255 492 387 530 parum
424 477 719 516 necessariorum
755 473 984 513 occasiones,
1018 471 1247 520 imposturae
1285 480 1364 504 cum
1403 478 1550 516 quoque
1576 464 1669 501 insi·

139 545 268 588 mulet,
301 543 402 594 quod
442 541 581 590 Cinglii
609 553 733 578 errore
758 539 898 575 inserto
927 536 1068 574 scilicet
1095 539 1131 571 et
1158 533 1326 583 Papistus
1354 536 1389 568 ct
1416 530 1671 567 Protestantes

141 608 265 646 verbis
310 606 497 655 ambiguis
543 604 703 643 eluserit.
756 602 950 640 Praeclara
985 600 1153 650 profecto
1193 595 1402 647 Westphali
1439 593 1672 644 simplicitas,

141 673 210 710 tali
238 671 335 709 haud
365 671 477 708 dubie
503 669 689 720 Propheta
718 668 844 716 digna,
872 664 978 715 quasi
1005 676 1081 700 non
1107 662 1182 699 iam
1207 660 1355 698 abunde
1376 662 1531 704 constet,
1554 657 1672 695 Mart-

143 735 342 787 purgensis
378 735 490 773 etiam
527 732 710 783 colloquii
744 729 972 773 testimonio,
1008 727 1187 775 zwinglio
1222 730 1301 763 tum
1336 724 1523 774 adscripta
1560 723 1674 760 fuisse

144 802 273 845 multa,
302 800 346 837 de
373 800 508 850 quibus
538 798 593 835 vir
622 798 685 834 ille
712 807 905 845 nunquam
932 792 1085 830 omnino
1116 789 1306 839 cogitavit.
1359 789 1413 826 Ut
1439 787 1587 825 interim
1615 791 1673 824 ta-

144 867 229 914 (fol.
267 867 451 912 27)ceam‚
487 877 508 900 a
545 860 777 912 Westphalo,
815 859 902 895 dum
941 856 1114 906 Philippo
1153 861 1261 891 notas
1287 853 1502 890 istiusmodi
1527 852 1675 889 inurere

147 934 315 973 conatur,
343 928 470 966 eadem
499 925 611 964 simul
638 937 750 975 opera
777 923 889 960 etiam
917 924 953 958 et
981 919 1171 969 Principes
1192 918 1289 963 illos,
1309 917 1372 967 qui
1393 916 1674 954 Confessionem

148 993 397 1032 exhibuerunt
430 991 569 1042 quique
609 1002 647 1027 se
673 988 725 1026 eis
753 986 817 1025 alii
843 990 972 1037 postea
1000 984 1267 1032 adjunxerunt,
1293 986 1327 1018 et
1355 994 1482 1018 eornm
1512 980 1674 1017 Theolo—

147 1072 216 1108 gos
251 1070 392 1102 omneS,
429 1054 614 1093 eiusmodi
650 1053 709 1090 vel
736 1050 900 1102 stuporis
928 1049 986 1087 vel
1012 1047 1269 1096 indiligentiae
1296 1046 1474 1091 accusari,
1501 1049 1542 1082 ut
1569 1049 1676 1082 auto-

151 1124 202 1161 ris
230 1121 471 1173 hypocrisim,
506 1133 527 1157 a
566 1117 783 1168 Westphalo
813 1116 956 1153 scilicet
983 1114 1231 1158 observatam,
1259 1124 1460 1160 agnoscere
1487 1123 1563 1148 non
1591 1123 1677 1161 pos-

153 1192 247 1232 sent,
283 1191 345 1224 aut
381 1186 414 1223 si
450 1190 696 1234 agnoverunt,
732 1193 927 1219 occurrere
963 1179 1134 1230 protinus
1162 1190 1239 1215 non
1267 1180 1448 1214 curarent.
1503 1175 1563 1212 Ita
1592 1188 1680 1212 sane

150 1254 214 1292 isti
250 1264 378 1290 omnes
416 1264 436 1288 a
464 1248 683 1299 Westphalo
713 1260 785 1284 una
816 1259 899 1282 cum
930 1243 1105 1294 Philippo
1133 1245 1368 1283 accusantur,
1395 1244 1458 1278 aut
1485 1239 1679 1290 Philippus

152 1331 230 1356 una
265 1330 347 1354 eum
383 1315 459 1352 illis
496 1312 611 1357 omni,
648 1312 718 1349 hac
752 1310 792 1348 in
818 1313 934 1360 parte,
962 1307 1198 1346 accusatione
1225 1306 1417 1343 liberatur.
1474 1303 1545 1341 Sed
1572 1308 1681 1341 autor

152 1383 244 1434 ipse,
280 1381 311 1419 si
351 1381 399 1418 sit
435 1392 540 1430 opus,
576 1377 732 1415 nebulas
767 1377 859 1413 istas
888 1373 1159 1425 Westphalicas
1187 1371 1296 1409 facile
1324 1369 1503 1420 dispellet.
1558 1368 1680 1406 Nobis

152 1447 242 1485 satis
269 1449 324 1484 est
350 1445 537 1483 indicasse
565 1442 751 1493 specimen
779 1439 971 1490 egregium
999 1436 1274 1487 Westphalicae
1290 1433 1552 1485 simplicitatis,
1569 1446 1681 1484 quam

151 1512 277 1550 iactat.

660 1574 723 1610 15.
1306 1564 1439 1602 Ioan.
1466 1562 1488 1601 ὲ
1515 1562 1680 1601 Lasco.

519 1635 852 1686 Westphalus.
1370 1627 1497 1676 Pergit
1561 1626 1683 1663 adhuc

212 1706 364 1744 Constat
398 1709 532 1748 autem,
568 1701 834 1749 confessionem
872 1699 974 1735 illam
1005 1709 1077 1733 non
1104 1695 1215 1733 unius
1268 1691 1506 1742 Westphalus
1556 1693 1683 1727 osten-

157 1784 248 1817 esse,
285 1770 351 1819 qui
384 1768 547 1816 scripsit,
583 1766 649 1803 secl
683 1765 916 1812 Principum,
954 1762 1021 1811 qui
1045 1774 1127 1798 eam
1155 1772 1217 1796 esc-
1269 1760 1349 1794 tare
1410 1754 1684 1806 simplicitatem

158 1836 352 1874 tabuerunt
395 1830 623 1879 Imperatori
655 1835 687 1865 et
724 1839 862 1870 eorum,
901 1826 965 1874 qui
990 1825 1046 1861 illi
1073 1824 1219 1871 confes·
1274 1833 1392 1865 suam,
1415 1832 1493 1856 non
1515 1818 1686 1855 solumut

160 1900 257 1938 sioni
289 1911 327 1936 se
364 1896 639 1937 adiunxerunt;
674 1904 721 1929 ac
753 1891 912 1939 proinde
949 1888 1222 1936 interpretatio·
1277 1883 1398 1922 autori
1414 1882 1686 1920 fideminCon-

160 1977 242 2002 nem
277 1973 403 2000 veram
439 1966 550 2007 atque
577 1957 823 1994 indubitatam
852 1954 899 1991 ab
928 1954 1018 2002 ipsis
1046 1951 1224 1996 omnibus,
1276 1948 1438 1986 sessione
1455 1960 1602 1984 omnem
1619 1946 1687 1984 ab·

162 2041 237 2065 non
272 2027 320 2063 ab
357 2037 429 2061 uno
465 2029 576 2070 atque
603 2022 721 2058 altero
750 2032 825 2056 esse
845 2018 1046 2066 petendam
1075 2027 1230 2063 eamque
1281 2015 1399 2061 roget,
1427 2010 1490 2048 sed
1519 2014 1562 2047 ut
1582 2010 1689 2048 furiis

163 2093 378 2131 sententiam
414 2101 496 2125 vere
534 2087 698 2132 defendi,
735 2091 918 2132 tanquam
945 2087 1229 2119 consentaneam
1283 2076 1489 2114 denuosuis
1502 2076 1692 2113 concutiat

163 2159 220 2195 illi
255 2153 494 2201 confessioni,
531 2164 643 2200 quam
677 2149 890 2190 Ecclesiae,
919 2159 1014 2195 quae
1041 2146 1143 2182 illam
1171 2156 1230 2181 re·
1283 2141 1421 2185 omnia,
1440 2140 1591 2185 honest,
1605 2143 1692 2178 utet

165 2224 350 2269 ceperunt,
371 2230 444 2265 per
470 2217 612 2264 aliquot
638 2225 757 2251 annos
779 2212 927 2262 publice
955 2208 1040 2257 (fol.
1069 2209 1136 2255 28)
1164 2209 1230 2244 do·
1282 2204 1474 2254 Principes
1493 2208 1529 2241 et
1541 2203 1696 2250 Doctos,

169 2291 323 2323 cuerunt
350 2288 383 2320 et
410 2280 666 2330 defenderunt.
1283 2272 1319 2306 et
1357 2268 1543 2306 Ecclesias
1572 2268 1691 2306 denuo

1278 2332 1439 2370 invicem
1477 2333 1696 2377 committat,

1281 2396 1462 2447 novisque
1480 2410 1627 2434 rursum
1637 2402 1696 2435 tu-

1282 2461 1465 2499 multibus
1483 2462 1608 2498 omnia
1626 2462 1697 2499 im-

1287 2526 1400 2577 pleat.
1448 2526 1549 2563 Dicit
1574 2527 1700 2576 igitur,

179 2605 461 2646 Confessiouem
500 2613 575 2639 non
613 2610 691 2636 csse
717 2595 829 2634 unius
856 2594 969 2639 illius,
997 2591 1062 2642 qui
1087 2605 1168 2629 eam
1196 2590 1356 2641 scripsit,
1382 2590 1447 2628 sed
1473 2591 1702 2641 Principum,

177 2673 241 2723 qui
277 2683 358 2709 eam
396 2669 500 2706 Caes.
539 2662 728 2713 Majestati
755 2660 1016 2702 exbibuerunt,
1042 2661 1078 2694 et
1104 2656 1168 2706 qui
1196 2668 1234 2693 se
1261 2655 1294 2692 ei
1323 2654 1468 2692 demum
1497 2655 1606 2692 ctiam
1634 2655 1701 2692 ad-

172 2738 394 2787 junxerunt.
447 2730 542 2769 Inde
578 2732 700 2766 autem
738 2725 810 2763 duo
849 2735 935 2761 mox
964 2720 1108 2770 colligit
1135 2718 1342 2757 Profeticae
1369 2732 1456 2756 suae
1482 2718 1702 2757 Dialectices

177 2799 348 2839 artificio.
403 2796 588 2838 Alterum,
622 2803 747 2829 veram
783 2793 892 2838 atque
919 2784 1171 2823 indubitatam
1200 2782 1456 2821 Confessionis
1482 2783 1702 2834 interpreta-

176 2865 318 2904 tionem
351 2874 428 2900 non
461 2859 507 2898 ab
544 2869 617 2895 uno
656 2855 722 2892 illo
750 2853 829 2892 eius
856 2854 999 2897 autore,
1027 2848 1091 2887 sed
1118 2848 1165 2886 ab
1194 2847 1367 2886 omnibus
1397 2846 1505 2884 simul
1532 2851 1568 2884 ct
1595 2847 1703 2887 Prin-
