<?xml version="1.0" encoding="UTF-8"?>
<!DOCTYPE html PUBLIC "-//W3C//DTD XHTML 1.0 Transitional//EN"
    "http://www.w3.org/TR/xhtml1/DTD/xhtml1-transitional.dtd">
<html xmlns="http://www.w3.org/1999/xhtml" xml:lang="en" lang="en">
 <head>
  <title>
</title>
<meta http-equiv="Content-Type" content="text/html;charset=utf-8" />
  <meta name='ocr-system' content='tesseract 3.04.00' />
  <meta name='ocr-capabilities' content='ocr_page ocr_carea ocr_par ocr_line ocrx_word'/>
</head>
<body>
  <div class='ocr_page' id='page_1' title='image "./operatameditaqua01lask_0155.png"; bbox 0 0 1818 3178; ppageno 0'>
   <div class='ocr_carea' id='block_1_1' title="bbox 557 115 1598 155">
    <p class='ocr_par' dir='ltr' id='par_1_1' title="bbox 557 115 1598 155">
     <span class='ocr_line' id='line_1_1' title="bbox 557 115 1598 155; baseline 0.009 -6"><span class='ocrx_word' id='word_1_1' title='bbox 557 124 609 150; x_wconf 80' lang='lat' dir='ltr'>DE</span> <span class='ocrx_word' id='word_1_2' title='bbox 638 125 801 152; x_wconf 75' lang='lat' dir='ltr'>cnmsri</span> <span class='ocrx_word' id='word_1_3' title='bbox 829 127 1144 155; x_wconf 69' lang='lat' dir='ltr'>1NcARNAT1oNE.</span> <span class='ocrx_word' id='word_1_4' title='bbox 1553 115 1598 151; x_wconf 79' lang='lat'>23</span> 
     </span>
    </p>
   </div>
   <div class='ocr_carea' id='block_1_2' title="bbox 45 223 1608 2891">
    <p class='ocr_par' dir='ltr' id='par_1_2' title="bbox 45 223 1608 2891">
     <span class='ocr_line' id='line_1_2' title="bbox 94 223 1597 278; baseline -0.001 -16"><span class='ocrx_word' id='word_1_5' title='bbox 94 224 230 263; x_wconf 90' lang='lat' dir='ltr'>nedum</span> <span class='ocrx_word' id='word_1_6' title='bbox 256 228 299 263; x_wconf 91' lang='lat' dir='ltr'>ut</span> <span class='ocrx_word' id='word_1_7' title='bbox 325 223 588 275; x_wconf 89' lang='lat' dir='ltr'>quoquomodo</span> <span class='ocrx_word' id='word_1_8' title='bbox 615 224 826 276; x_wconf 80' lang='lat' dir='ltr'>impugnet3</span> <span class='ocrx_word' id='word_1_9' title='bbox 853 227 1002 278; x_wconf 83' lang='lat' dir='ltr'>plurimi</span> <span class='ocrx_word' id='word_1_10' title='bbox 1029 231 1162 273; x_wconf 86' lang='lat' dir='ltr'>autem,</span> <span class='ocrx_word' id='word_1_11' title='bbox 1188 227 1253 278; x_wconf 93' lang='lat' dir='ltr'>qui</span> <span class='ocrx_word' id='word_1_12' title='bbox 1269 226 1308 264; x_wconf 90' lang='lat' dir='ltr'>id</span> <span class='ocrx_word' id='word_1_13' title='bbox 1325 226 1542 264; x_wconf 79' lang='lat' dir='ltr'><strong>attestentur</strong></span> <span class='ocrx_word' id='word_1_14' title='bbox 1561 226 1597 261; x_wconf 91' lang='lat' dir='ltr'>et</span> 
     </span>
     <span class='ocr_line' id='line_1_3' title="bbox 95 287 1594 342; baseline 0 -16"><span class='ocrx_word' id='word_1_15' title='bbox 95 290 330 335; x_wconf 87' lang='lat' dir='ltr'>confirment,</span> <span class='ocrx_word' id='word_1_16' title='bbox 355 292 609 339; x_wconf 78' lang='lat' dir='ltr'><strong>praeterquam</strong></span> <span class='ocrx_word' id='word_1_17' title='bbox 638 291 736 340; x_wconf 91' lang='lat' dir='ltr'>quod</span> <span class='ocrx_word' id='word_1_18' title='bbox 764 291 843 328; x_wconf 91' lang='lat' dir='ltr'>viro</span> <span class='ocrx_word' id='word_1_19' title='bbox 871 304 947 329; x_wconf 89' lang='lat' dir='ltr'>non</span> <span class='ocrx_word' id='word_1_20' title='bbox 976 292 1126 341; x_wconf 87' lang='lat' dir='ltr'>cognito</span> <span class='ocrx_word' id='word_1_21' title='bbox 1153 296 1188 329; x_wconf 88' lang='lat' dir='ltr'>et</span> <span class='ocrx_word' id='word_1_22' title='bbox 1207 290 1346 342; x_wconf 80' lang='lat' dir='ltr'>peperit</span> <span class='ocrx_word' id='word_1_23' title='bbox 1362 293 1397 327; x_wconf 91' lang='lat' dir='ltr'>et</span> <span class='ocrx_word' id='word_1_24' title='bbox 1415 287 1594 338; x_wconf 80' lang='lat' dir='ltr'>concepit.</span> 
     </span>
     <span class='ocr_line' id='line_1_4' title="bbox 93 351 1595 404; baseline -0.003 -13"><span class='ocrx_word' id='word_1_25' title='bbox 93 353 141 391; x_wconf 81' lang='lat' dir='ltr'>Et</span> <span class='ocrx_word' id='word_1_26' title='bbox 174 354 349 404; x_wconf 87' lang='lat' dir='ltr'>quoniam</span> <span class='ocrx_word' id='word_1_27' title='bbox 384 365 528 390; x_wconf 87' lang='lat' dir='ltr'>summa</span> <span class='ocrx_word' id='word_1_28' title='bbox 562 353 675 391; x_wconf 88' lang='lat' dir='ltr'>totius</span> <span class='ocrx_word' id='word_1_29' title='bbox 704 359 850 393; x_wconf 89' lang='lat' dir='ltr'>nostrae</span> <span class='ocrx_word' id='word_1_30' title='bbox 876 355 1146 393; x_wconf 86' lang='lat' dir='ltr'>controversiae</span> <span class='ocrx_word' id='word_1_31' title='bbox 1173 368 1193 392; x_wconf 92' lang='lat' dir='ltr'>a</span> <span class='ocrx_word' id='word_1_32' title='bbox 1222 354 1333 392; x_wconf 89' lang='lat' dir='ltr'>verbo</span> <span class='ocrx_word' id='word_1_33' title='bbox 1363 351 1595 403; x_wconf 87' lang='lat' dir='ltr'>concipiendi</span> 
     </span>
     <span class='ocr_line' id='line_1_5' title="bbox 90 416 1596 468; baseline -0.002 -13"><span class='ocrx_word' id='word_1_34' title='bbox 90 418 249 467; x_wconf 87' lang='lat' dir='ltr'>pendere</span> <span class='ocrx_word' id='word_1_35' title='bbox 291 417 435 455; x_wconf 86' lang='lat' dir='ltr'>videtur</span> <span class='ocrx_word' id='word_1_36' title='bbox 477 419 564 464; x_wconf 89' lang='lat' dir='ltr'>(nos</span> <span class='ocrx_word' id='word_1_37' title='bbox 605 419 703 455; x_wconf 88' lang='lat' dir='ltr'>enim</span> <span class='ocrx_word' id='word_1_38' title='bbox 738 432 782 456; x_wconf 82' lang='lat' dir='ltr'>ex</span> <span class='ocrx_word' id='word_1_39' title='bbox 818 419 973 468; x_wconf 85' lang='lat' dir='ltr'>virginis</span> <span class='ocrx_word' id='word_1_40' title='bbox 1008 420 1135 457; x_wconf 86' lang='lat' dir='ltr'>matris</span> <span class='ocrx_word' id='word_1_41' title='bbox 1170 418 1375 457; x_wconf 85' lang='lat' dir='ltr'>substantia</span> <span class='ocrx_word' id='word_1_42' title='bbox 1410 416 1596 454; x_wconf 84' lang='lat' dir='ltr'><strong>Christum</strong></span> 
     </span>
     <span class='ocr_line' id='line_1_6' title="bbox 93 480 1596 532; baseline -0.001 -14"><span class='ocrx_word' id='word_1_43' title='bbox 93 481 294 518; x_wconf 91' lang='lat' dir='ltr'>Dominum</span> <span class='ocrx_word' id='word_1_44' title='bbox 330 480 433 517; x_wconf 83' lang='lat' dir='ltr'>iuxta</span> <span class='ocrx_word' id='word_1_45' title='bbox 470 493 614 518; x_wconf 89' lang='lat' dir='ltr'>carnem</span> <span class='ocrx_word' id='word_1_46' title='bbox 653 487 871 532; x_wconf 87' lang='lat' dir='ltr'>conceptum</span> <span class='ocrx_word' id='word_1_47' title='bbox 907 495 986 519; x_wconf 89' lang='lat' dir='ltr'>esse</span> <span class='ocrx_word' id='word_1_48' title='bbox 1014 481 1206 528; x_wconf 87' lang='lat' dir='ltr'>docemus;</span> <span class='ocrx_word' id='word_1_49' title='bbox 1235 486 1276 519; x_wconf 91' lang='lat' dir='ltr'>tu</span> <span class='ocrx_word' id='word_1_50' title='bbox 1301 484 1422 518; x_wconf 88' lang='lat' dir='ltr'>autem</span> <span class='ocrx_word' id='word_1_51' title='bbox 1449 492 1525 517; x_wconf 90' lang='lat' dir='ltr'>non</span> <span class='ocrx_word' id='word_1_52' title='bbox 1551 491 1596 516; x_wconf 82' lang='lat' dir='ltr'>ex</span> 
     </span>
     <span class='ocr_line' id='line_1_7' title="bbox 92 541 1598 595; baseline -0.002 -14"><span class='ocrx_word' id='word_1_53' title='bbox 92 544 233 593; x_wconf 87' lang='lat' dir='ltr'>virgine</span> <span class='ocrx_word' id='word_1_54' title='bbox 260 543 321 582; x_wconf 88' lang='lat' dir='ltr'>sed</span> <span class='ocrx_word' id='word_1_55' title='bbox 348 556 392 580; x_wconf 83' lang='lat' dir='ltr'>ex</span> <span class='ocrx_word' id='word_1_56' title='bbox 421 544 562 594; x_wconf 80' lang='lat' dir='ltr'>Spiritu</span> <span class='ocrx_word' id='word_1_57' title='bbox 589 550 716 582; x_wconf 88' lang='lat' dir='ltr'>sancto</span> <span class='ocrx_word' id='word_1_58' title='bbox 745 549 963 595; x_wconf 88' lang='lat' dir='ltr'>conceptum</span> <span class='ocrx_word' id='word_1_59' title='bbox 989 545 1189 595; x_wconf 89' lang='lat' dir='ltr'>profiteris)</span> <span class='ocrx_word' id='word_1_60' title='bbox 1217 544 1269 592; x_wconf 93' lang='lat' dir='ltr'>(D</span> <span class='ocrx_word' id='word_1_61' title='bbox 1284 544 1347 592; x_wconf 74' lang='lat' dir='ltr'>ib),</span> <span class='ocrx_word' id='word_1_62' title='bbox 1367 541 1598 593; x_wconf 88' lang='lat' dir='ltr'>concipiendi</span> 
     </span>
     <span class='ocr_line' id='line_1_8' title="bbox 91 606 1597 658; baseline -0.003 -12"><span class='ocrx_word' id='word_1_63' title='bbox 91 608 200 646; x_wconf 90' lang='lat' dir='ltr'>nobis</span> <span class='ocrx_word' id='word_1_64' title='bbox 234 607 328 644; x_wconf 87' lang='lat' dir='ltr'>ratio</span> <span class='ocrx_word' id='word_1_65' title='bbox 367 608 538 644; x_wconf 88' lang='lat' dir='ltr'>nonnihil</span> <span class='ocrx_word' id='word_1_66' title='bbox 574 608 791 658; x_wconf 81' lang='lat' dir='ltr'>explicanda</span> <span class='ocrx_word' id='word_1_67' title='bbox 827 608 907 653; x_wconf 90' lang='lat' dir='ltr'>erit,</span> <span class='ocrx_word' id='word_1_68' title='bbox 941 611 982 645; x_wconf 92' lang='lat' dir='ltr'>ut</span> <span class='ocrx_word' id='word_1_69' title='bbox 1015 608 1217 658; x_wconf 83' lang='lat' dir='ltr'>simplicem</span> <span class='ocrx_word' id='word_1_70' title='bbox 1253 620 1296 645; x_wconf 86' lang='lat' dir='ltr'>ac</span> <span class='ocrx_word' id='word_1_71' title='bbox 1322 607 1523 645; x_wconf 79' lang='lat' dir='ltr'><strong>naturalem</strong></span> <span class='ocrx_word' id='word_1_72' title='bbox 1551 606 1597 643; x_wconf 93' lang='lat' dir='ltr'>il-</span> 
     </span>
     <span class='ocr_line' id='line_1_9' title="bbox 89 669 1598 721; baseline -0.001 -13"><span class='ocrx_word' id='word_1_73' title='bbox 89 671 161 709; x_wconf 91' lang='lat' dir='ltr'>lius</span> <span class='ocrx_word' id='word_1_74' title='bbox 197 670 506 720; x_wconf 87' lang='lat' dir='ltr'>significationem</span> <span class='ocrx_word' id='word_1_75' title='bbox 546 671 757 717; x_wconf 88' lang='lat' dir='ltr'>habeamus,</span> <span class='ocrx_word' id='word_1_76' title='bbox 783 685 804 709; x_wconf 87' lang='lat' dir='ltr'>a</span> <span class='ocrx_word' id='word_1_77' title='bbox 832 685 903 721; x_wconf 88' lang='lat' dir='ltr'>qua</span> <span class='ocrx_word' id='word_1_78' title='bbox 931 671 1040 708; x_wconf 88' lang='lat' dir='ltr'>nobis</span> <span class='ocrx_word' id='word_1_79' title='bbox 1068 671 1313 708; x_wconf 88' lang='lat' dir='ltr'>recedendum</span> <span class='ocrx_word' id='word_1_80' title='bbox 1340 683 1416 708; x_wconf 90' lang='lat' dir='ltr'>non</span> <span class='ocrx_word' id='word_1_81' title='bbox 1442 674 1495 708; x_wconf 89' lang='lat' dir='ltr'>est</span> <span class='ocrx_word' id='word_1_82' title='bbox 1520 669 1598 706; x_wconf 87' lang='lat' dir='ltr'>ullo</span> 
     </span>
     <span class='ocr_line' id='line_1_10' title="bbox 91 734 1601 786; baseline -0.001 -14"><span class='ocrx_word' id='word_1_83' title='bbox 91 737 214 782; x_wconf 90' lang='lat' dir='ltr'>modo,</span> <span class='ocrx_word' id='word_1_84' title='bbox 238 740 280 773; x_wconf 91' lang='lat' dir='ltr'>ut</span> <span class='ocrx_word' id='word_1_85' title='bbox 306 736 569 784; x_wconf 83' lang='lat' dir='ltr'>intelligamus,</span> <span class='ocrx_word' id='word_1_86' title='bbox 596 741 777 786; x_wconf 82' lang='lat' dir='ltr'>quatenus</span> <span class='ocrx_word' id='word_1_87' title='bbox 805 736 909 784; x_wconf 83' lang='lat' dir='ltr'>virgo</span> <span class='ocrx_word' id='word_1_88' title='bbox 938 735 1170 773; x_wconf 86' lang='lat' dir='ltr'>sanctissima</span> <span class='ocrx_word' id='word_1_89' title='bbox 1200 735 1373 773; x_wconf 87' lang='lat' dir='ltr'>defuncta</span> <span class='ocrx_word' id='word_1_90' title='bbox 1400 735 1447 773; x_wconf 90' lang='lat' dir='ltr'>sit</span> <span class='ocrx_word' id='word_1_91' title='bbox 1473 734 1601 772; x_wconf 85' lang='lat' dir='ltr'>matris</span> 
     </span>
     <span class='ocr_line' id='line_1_11' title="bbox 45 799 1598 850; baseline -0.001 -13"><span class='ocrx_word' id='word_1_92' title='bbox 45 804 47 807; x_wconf 86' lang='lat'>&#39;</span> <span class='ocrx_word' id='word_1_93' title='bbox 91 800 208 838; x_wconf 83' lang='lat' dir='ltr'>officio</span> <span class='ocrx_word' id='word_1_94' title='bbox 235 800 273 837; x_wconf 87' lang='lat' dir='ltr'>in</span> <span class='ocrx_word' id='word_1_95' title='bbox 303 800 370 837; x_wconf 89' lang='lat' dir='ltr'>filii</span> <span class='ocrx_word' id='word_1_96' title='bbox 399 801 455 838; x_wconf 91' lang='lat' dir='ltr'>sui</span> <span class='ocrx_word' id='word_1_97' title='bbox 483 801 662 838; x_wconf 83' lang='lat' dir='ltr'>naturalis</span> <span class='ocrx_word' id='word_1_98' title='bbox 690 801 793 837; x_wconf 75' lang='lat' dir='ltr'>iuxta</span> <span class='ocrx_word' id='word_1_99' title='bbox 822 813 969 837; x_wconf 86' lang='lat' dir='ltr'>carnem</span> <span class='ocrx_word' id='word_1_100' title='bbox 997 800 1251 850; x_wconf 81' lang='lat' dir='ltr'>conceptione.</span> <span class='ocrx_word' id='word_1_101' title='bbox 1296 799 1449 836; x_wconf 88' lang='lat' dir='ltr'>Patieris</span> <span class='ocrx_word' id='word_1_102' title='bbox 1476 802 1598 836; x_wconf 89' lang='lat' dir='ltr'>autem</span> 
     </span>
     <span class='ocr_line' id='line_1_12' title="bbox 91 863 1599 915; baseline -0.001 -15"><span class='ocrx_word' id='word_1_103' title='bbox 91 864 151 900; x_wconf 88' lang='lat' dir='ltr'>hic</span> <span class='ocrx_word' id='word_1_104' title='bbox 177 877 246 901; x_wconf 89' lang='lat' dir='ltr'>nos</span> <span class='ocrx_word' id='word_1_105' title='bbox 273 877 293 901; x_wconf 87' lang='lat' dir='ltr'>a</span> <span class='ocrx_word' id='word_1_106' title='bbox 321 864 568 914; x_wconf 87' lang='lat' dir='ltr'>Philosophis,</span> <span class='ocrx_word' id='word_1_107' title='bbox 595 865 660 915; x_wconf 89' lang='lat' dir='ltr'>qui</span> <span class='ocrx_word' id='word_1_108' title='bbox 681 864 862 901; x_wconf 84' lang='lat' dir='ltr'>naturalia</span> <span class='ocrx_word' id='word_1_109' title='bbox 880 867 1086 900; x_wconf 84' lang='lat' dir='ltr'>tractarunt</span> <span class='ocrx_word' id='word_1_110' title='bbox 1104 867 1225 913; x_wconf 88' lang='lat' dir='ltr'>petere</span> <span class='ocrx_word' id='word_1_111' title='bbox 1244 863 1494 913; x_wconf 86' lang='lat' dir='ltr'>conceptionis</span> <span class='ocrx_word' id='word_1_112' title='bbox 1512 876 1599 900; x_wconf 91' lang='lat' dir='ltr'>nos-</span> 
     </span>
     <span class='ocr_line' id='line_1_13' title="bbox 89 926 1599 978; baseline -0.001 -14"><span class='ocrx_word' id='word_1_113' title='bbox 89 931 168 964; x_wconf 88' lang='lat' dir='ltr'>trae</span> <span class='ocrx_word' id='word_1_114' title='bbox 200 927 371 973; x_wconf 87' lang='lat' dir='ltr'>modum3</span> <span class='ocrx_word' id='word_1_115' title='bbox 409 941 528 978; x_wconf 89' lang='lat' dir='ltr'>neque</span> <span class='ocrx_word' id='word_1_116' title='bbox 564 928 661 965; x_wconf 90' lang='lat' dir='ltr'>enim</span> <span class='ocrx_word' id='word_1_117' title='bbox 699 940 720 963; x_wconf 88' lang='lat' dir='ltr'>a</span> <span class='ocrx_word' id='word_1_118' title='bbox 756 927 943 975; x_wconf 82' lang='lat' dir='ltr'>theologia</span> <span class='ocrx_word' id='word_1_119' title='bbox 970 926 1031 963; x_wconf 87' lang='lat' dir='ltr'>hic</span> <span class='ocrx_word' id='word_1_120' title='bbox 1059 926 1293 968; x_wconf 84' lang='lat' dir='ltr'>discedimus,</span> <span class='ocrx_word' id='word_1_121' title='bbox 1321 926 1408 963; x_wconf 88' lang='lat' dir='ltr'>dum</span> <span class='ocrx_word' id='word_1_122' title='bbox 1434 929 1599 963; x_wconf 92' lang='lat' dir='ltr'>nostram</span> 
     </span>
     <span class='ocr_line' id='line_1_14' title="bbox 89 989 1601 1041; baseline -0.001 -13"><span class='ocrx_word' id='word_1_123' title='bbox 89 990 254 1040; x_wconf 86' lang='lat' dir='ltr'>ipsorum</span> <span class='ocrx_word' id='word_1_124' title='bbox 288 996 470 1035; x_wconf 88' lang='lat' dir='ltr'>naturam,</span> <span class='ocrx_word' id='word_1_125' title='bbox 497 1004 590 1041; x_wconf 91' lang='lat' dir='ltr'>quae</span> <span class='ocrx_word' id='word_1_126' title='bbox 617 990 804 1038; x_wconf 87' lang='lat' dir='ltr'>singulare</span> <span class='ocrx_word' id='word_1_127' title='bbox 832 989 900 1027; x_wconf 91' lang='lat' dir='ltr'>Dei</span> <span class='ocrx_word' id='word_1_128' title='bbox 927 1002 1019 1039; x_wconf 91' lang='lat' dir='ltr'>opus</span> <span class='ocrx_word' id='word_1_129' title='bbox 1046 995 1112 1033; x_wconf 90' lang='lat' dir='ltr'>est,</span> <span class='ocrx_word' id='word_1_130' title='bbox 1139 994 1360 1034; x_wconf 81' lang='lat' dir='ltr'>scrutamur,</span> <span class='ocrx_word' id='word_1_131' title='bbox 1386 989 1601 1040; x_wconf 87' lang='lat' dir='ltr'>praesertim</span> 
     </span>
     <span class='ocr_line' id='line_1_15' title="bbox 90 1053 1602 1104; baseline -0.001 -13"><span class='ocrx_word' id='word_1_132' title='bbox 90 1055 121 1091; x_wconf 88' lang='lat' dir='ltr'>si</span> <span class='ocrx_word' id='word_1_133' title='bbox 148 1054 186 1092; x_wconf 90' lang='lat' dir='ltr'>in</span> <span class='ocrx_word' id='word_1_134' title='bbox 214 1054 277 1092; x_wconf 87' lang='lat' dir='ltr'>illa</span> <span class='ocrx_word' id='word_1_135' title='bbox 305 1054 373 1091; x_wconf 88' lang='lat' dir='ltr'>Dei</span> <span class='ocrx_word' id='word_1_136' title='bbox 402 1055 604 1091; x_wconf 87' lang='lat' dir='ltr'>bonitatem</span> <span class='ocrx_word' id='word_1_137' title='bbox 631 1058 666 1091; x_wconf 90' lang='lat' dir='ltr'>et</span> <span class='ocrx_word' id='word_1_138' title='bbox 693 1053 895 1104; x_wconf 87' lang='lat' dir='ltr'>potentiam</span> <span class='ocrx_word' id='word_1_139' title='bbox 923 1053 1171 1091; x_wconf 87' lang='lat' dir='ltr'>observemus.</span> <span class='ocrx_word' id='word_1_140' title='bbox 1199 1053 1364 1090; x_wconf 88' lang='lat' dir='ltr'>Primum</span> <span class='ocrx_word' id='word_1_141' title='bbox 1389 1053 1503 1101; x_wconf 80' lang='lat' dir='ltr'>igitur</span> <span class='ocrx_word' id='word_1_142' title='bbox 1529 1054 1602 1090; x_wconf 87' lang='lat' dir='ltr'>sci-</span> 
     </span>
     <span class='ocr_line' id='line_1_16' title="bbox 91 1117 1604 1168; baseline -0.001 -13"><span class='ocrx_word' id='word_1_143' title='bbox 91 1132 172 1155; x_wconf 86' lang='lat' dir='ltr'>mus</span> <span class='ocrx_word' id='word_1_144' title='bbox 202 1118 338 1155; x_wconf 89' lang='lat' dir='ltr'>Divina</span> <span class='ocrx_word' id='word_1_145' title='bbox 367 1119 437 1155; x_wconf 88' lang='lat' dir='ltr'>hoe</span> <span class='ocrx_word' id='word_1_146' title='bbox 464 1118 695 1168; x_wconf 87' lang='lat' dir='ltr'>providentia</span> <span class='ocrx_word' id='word_1_147' title='bbox 724 1118 968 1154; x_wconf 87' lang='lat' dir='ltr'>constitutum</span> <span class='ocrx_word' id='word_1_148' title='bbox 996 1130 1086 1162; x_wconf 91' lang='lat' dir='ltr'>esse,</span> <span class='ocrx_word' id='word_1_149' title='bbox 1112 1122 1153 1154; x_wconf 93' lang='lat' dir='ltr'>ut</span> <span class='ocrx_word' id='word_1_150' title='bbox 1180 1117 1348 1155; x_wconf 90' lang='lat' dir='ltr'>homines</span> <span class='ocrx_word' id='word_1_151' title='bbox 1375 1130 1418 1154; x_wconf 86' lang='lat' dir='ltr'>ex</span> <span class='ocrx_word' id='word_1_152' title='bbox 1441 1117 1604 1154; x_wconf 87' lang='lat' dir='ltr'>homini-</span> 
     </span>
     <span class='ocr_line' id='line_1_17' title="bbox 91 1181 1608 1232; baseline -0.001 -13"><span class='ocrx_word' id='word_1_153' title='bbox 91 1183 161 1220; x_wconf 88' lang='lat' dir='ltr'>bus</span> <span class='ocrx_word' id='word_1_154' title='bbox 188 1182 402 1231; x_wconf 84' lang='lat' dir='ltr'>gignantur,</span> <span class='ocrx_word' id='word_1_155' title='bbox 429 1195 547 1232; x_wconf 89' lang='lat' dir='ltr'>neque</span> <span class='ocrx_word' id='word_1_156' title='bbox 574 1181 761 1218; x_wconf 90' lang='lat' dir='ltr'>hominem</span> <span class='ocrx_word' id='word_1_157' title='bbox 792 1194 873 1218; x_wconf 88' lang='lat' dir='ltr'>vere</span> <span class='ocrx_word' id='word_1_158' title='bbox 901 1181 974 1218; x_wconf 90' lang='lat' dir='ltr'>dici</span> <span class='ocrx_word' id='word_1_159' title='bbox 1001 1194 1120 1231; x_wconf 90' lang='lat' dir='ltr'>posse,</span> <span class='ocrx_word' id='word_1_160' title='bbox 1148 1182 1351 1219; x_wconf 83' lang='lat' dir='ltr'>naturalem</span> <span class='ocrx_word' id='word_1_161' title='bbox 1379 1181 1608 1231; x_wconf 88' lang='lat' dir='ltr'>praesertim,</span> 
     </span>
     <span class='ocr_line' id='line_1_18' title="bbox 91 1243 1604 1297; baseline -0.002 -13"><span class='ocrx_word' id='word_1_162' title='bbox 91 1247 154 1297; x_wconf 86' lang='lat' dir='ltr'>qui</span> <span class='ocrx_word' id='word_1_163' title='bbox 182 1260 257 1284; x_wconf 90' lang='lat' dir='ltr'>non</span> <span class='ocrx_word' id='word_1_164' title='bbox 284 1260 328 1284; x_wconf 78' lang='lat' dir='ltr'>ex</span> <span class='ocrx_word' id='word_1_165' title='bbox 357 1246 506 1283; x_wconf 88' lang='lat' dir='ltr'>homine</span> <span class='ocrx_word' id='word_1_166' title='bbox 531 1246 718 1294; x_wconf 77' lang='lat' dir='ltr'>gignatur.</span> <span class='ocrx_word' id='word_1_167' title='bbox 749 1245 907 1283; x_wconf 88' lang='lat' dir='ltr'>Obtinet</span> <span class='ocrx_word' id='word_1_168' title='bbox 933 1246 1031 1282; x_wconf 88' lang='lat' dir='ltr'>enim</span> <span class='ocrx_word' id='word_1_169' title='bbox 1059 1245 1134 1282; x_wconf 91' lang='lat' dir='ltr'>vim</span> <span class='ocrx_word' id='word_1_170' title='bbox 1161 1258 1265 1282; x_wconf 87' lang='lat' dir='ltr'>suam</span> <span class='ocrx_word' id='word_1_171' title='bbox 1292 1244 1414 1281; x_wconf 86' lang='lat' dir='ltr'>adhuc</span> <span class='ocrx_word' id='word_1_172' title='bbox 1439 1257 1512 1281; x_wconf 83' lang='lat' dir='ltr'>vox</span> <span class='ocrx_word' id='word_1_173' title='bbox 1538 1243 1604 1281; x_wconf 86' lang='lat' dir='ltr'>illa</span> 
     </span>
     <span class='ocr_line' id='line_1_19' title="bbox 92 1308 1605 1360; baseline -0.001 -13"><span class='ocrx_word' id='word_1_174' title='bbox 92 1310 180 1348; x_wconf 90' lang='lat' dir='ltr'>Dei:</span> <span class='ocrx_word' id='word_1_175' title='bbox 218 1310 378 1347; x_wconf 88' lang='lat' dir='ltr'>Crescite</span> <span class='ocrx_word' id='word_1_176' title='bbox 413 1314 449 1346; x_wconf 93' lang='lat' dir='ltr'>et</span> <span class='ocrx_word' id='word_1_177' title='bbox 483 1309 797 1360; x_wconf 83' lang='lat' dir='ltr'>multiplicamini,</span> <span class='ocrx_word' id='word_1_178' title='bbox 832 1314 868 1346; x_wconf 93' lang='lat' dir='ltr'>et</span> <span class='ocrx_word' id='word_1_179' title='bbox 903 1322 1049 1347; x_wconf 91' lang='lat' dir='ltr'>omnem</span> <span class='ocrx_word' id='word_1_180' title='bbox 1084 1309 1263 1358; x_wconf 87' lang='lat' dir='ltr'>gignendi</span> <span class='ocrx_word' id='word_1_181' title='bbox 1289 1308 1408 1347; x_wconf 88' lang='lat' dir='ltr'>nostri</span> <span class='ocrx_word' id='word_1_182' title='bbox 1435 1312 1605 1346; x_wconf 88' lang='lat' dir='ltr'>naturam</span> 
     </span>
     <span class='ocr_line' id='line_1_20' title="bbox 92 1372 1603 1424; baseline -0.001 -12"><span class='ocrx_word' id='word_1_183' title='bbox 92 1375 142 1412; x_wconf 81' lang='lat' dir='ltr'>ita</span> <span class='ocrx_word' id='word_1_184' title='bbox 177 1373 373 1423; x_wconf 85' lang='lat' dir='ltr'>gubernat,</span> <span class='ocrx_word' id='word_1_185' title='bbox 403 1382 446 1411; x_wconf 87' lang='lat' dir='ltr'>ut</span> <span class='ocrx_word' id='word_1_186' title='bbox 479 1373 580 1424; x_wconf 91' lang='lat' dir='ltr'>quod</span> <span class='ocrx_word' id='word_1_187' title='bbox 616 1373 663 1411; x_wconf 86' lang='lat' dir='ltr'>ad</span> <span class='ocrx_word' id='word_1_188' title='bbox 688 1377 877 1424; x_wconf 91' lang='lat' dir='ltr'>utrunque</span> <span class='ocrx_word' id='word_1_189' title='bbox 904 1373 1014 1411; x_wconf 89' lang='lat' dir='ltr'>simul</span> <span class='ocrx_word' id='word_1_190' title='bbox 1041 1374 1265 1421; x_wconf 86' lang='lat' dir='ltr'>(masculum</span> <span class='ocrx_word' id='word_1_191' title='bbox 1292 1373 1462 1410; x_wconf 86' lang='lat' dir='ltr'>videlieet</span> <span class='ocrx_word' id='word_1_192' title='bbox 1489 1376 1525 1410; x_wconf 86' lang='lat' dir='ltr'>et</span> <span class='ocrx_word' id='word_1_193' title='bbox 1551 1372 1603 1410; x_wconf 83' lang='lat' dir='ltr'>fe-</span> 
     </span>
     <span class='ocr_line' id='line_1_21' title="bbox 90 1436 1605 1487; baseline 0 -13"><span class='ocrx_word' id='word_1_194' title='bbox 90 1437 247 1485; x_wconf 89' lang='lat' dir='ltr'>minam)</span> <span class='ocrx_word' id='word_1_195' title='bbox 287 1437 428 1474; x_wconf 86' lang='lat' dir='ltr'>dietum</span> <span class='ocrx_word' id='word_1_196' title='bbox 463 1441 530 1482; x_wconf 89' lang='lat' dir='ltr'>est,</span> <span class='ocrx_word' id='word_1_197' title='bbox 566 1436 613 1474; x_wconf 88' lang='lat' dir='ltr'>ad</span> <span class='ocrx_word' id='word_1_198' title='bbox 648 1441 835 1487; x_wconf 88' lang='lat' dir='ltr'>utrunque</span> <span class='ocrx_word' id='word_1_199' title='bbox 870 1437 980 1475; x_wconf 90' lang='lat' dir='ltr'>simul</span> <span class='ocrx_word' id='word_1_200' title='bbox 1015 1437 1123 1474; x_wconf 89' lang='lat' dir='ltr'>etiam</span> <span class='ocrx_word' id='word_1_201' title='bbox 1158 1437 1198 1473; x_wconf 90' lang='lat' dir='ltr'>id</span> <span class='ocrx_word' id='word_1_202' title='bbox 1232 1440 1387 1475; x_wconf 87' lang='lat' dir='ltr'>testetur</span> <span class='ocrx_word' id='word_1_203' title='bbox 1412 1436 1605 1487; x_wconf 87' lang='lat' dir='ltr'>pertinere.</span> 
     </span>
     <span class='ocr_line' id='line_1_22' title="bbox 91 1501 1606 1552; baseline -0.001 -14"><span class='ocrx_word' id='word_1_204' title='bbox 91 1501 224 1552; x_wconf 81' lang='lat' dir='ltr'>Neque</span> <span class='ocrx_word' id='word_1_205' title='bbox 269 1514 354 1538; x_wconf 89' lang='lat' dir='ltr'>vero</span> <span class='ocrx_word' id='word_1_206' title='bbox 389 1501 558 1550; x_wconf 83' lang='lat' dir='ltr'>negabis,</span> <span class='ocrx_word' id='word_1_207' title='bbox 594 1501 740 1549; x_wconf 88' lang='lat' dir='ltr'>opinor,</span> <span class='ocrx_word' id='word_1_208' title='bbox 775 1501 844 1538; x_wconf 88' lang='lat' dir='ltr'>sub</span> <span class='ocrx_word' id='word_1_209' title='bbox 881 1501 1069 1538; x_wconf 89' lang='lat' dir='ltr'>crescendi</span> <span class='ocrx_word' id='word_1_210' title='bbox 1105 1505 1140 1539; x_wconf 92' lang='lat' dir='ltr'>et</span> <span class='ocrx_word' id='word_1_211' title='bbox 1175 1501 1448 1551; x_wconf 88' lang='lat' dir='ltr'>multiplicandi</span> <span class='ocrx_word' id='word_1_212' title='bbox 1484 1501 1606 1538; x_wconf 90' lang='lat' dir='ltr'>verbis</span> 
     </span>
     <span class='ocr_line' id='line_1_23' title="bbox 91 1564 1606 1615; baseline 0.001 -14"><span class='ocrx_word' id='word_1_213' title='bbox 91 1565 394 1615; x_wconf 88' lang='lat' dir='ltr'>comprehensam</span> <span class='ocrx_word' id='word_1_214' title='bbox 421 1577 570 1615; x_wconf 91' lang='lat' dir='ltr'>quoque</span> <span class='ocrx_word' id='word_1_215' title='bbox 595 1564 775 1614; x_wconf 82' lang='lat' dir='ltr'>gignendi</span> <span class='ocrx_word' id='word_1_216' title='bbox 802 1565 875 1601; x_wconf 88' lang='lat' dir='ltr'>vim</span> <span class='ocrx_word' id='word_1_217' title='bbox 903 1577 1000 1611; x_wconf 82' lang='lat' dir='ltr'>esse3</span> <span class='ocrx_word' id='word_1_218' title='bbox 1031 1578 1212 1615; x_wconf 88' lang='lat' dir='ltr'>nusquam</span> <span class='ocrx_word' id='word_1_219' title='bbox 1238 1565 1336 1603; x_wconf 90' lang='lat' dir='ltr'>enim</span> <span class='ocrx_word' id='word_1_220' title='bbox 1353 1564 1406 1613; x_wconf 90' lang='lat' dir='ltr'>(D</span> <span class='ocrx_word' id='word_1_221' title='bbox 1425 1564 1487 1613; x_wconf 76' lang='lat' dir='ltr'>iia)</span> <span class='ocrx_word' id='word_1_222' title='bbox 1505 1564 1606 1602; x_wconf 85' lang='lat' dir='ltr'>aliud</span> 
     </span>
     <span class='ocr_line' id='line_1_24' title="bbox 92 1628 1607 1679; baseline 0 -15"><span class='ocrx_word' id='word_1_223' title='bbox 92 1628 250 1666; x_wconf 87' lang='lat' dir='ltr'>habetur</span> <span class='ocrx_word' id='word_1_224' title='bbox 284 1629 538 1666; x_wconf 88' lang='lat' dir='ltr'>testimonium</span> <span class='ocrx_word' id='word_1_225' title='bbox 586 1629 630 1666; x_wconf 92' lang='lat' dir='ltr'>de</span> <span class='ocrx_word' id='word_1_226' title='bbox 663 1628 809 1677; x_wconf 88' lang='lat' dir='ltr'>generis</span> <span class='ocrx_word' id='word_1_227' title='bbox 845 1628 999 1665; x_wconf 89' lang='lat' dir='ltr'>humani</span> <span class='ocrx_word' id='word_1_228' title='bbox 1034 1628 1311 1679; x_wconf 86' lang='lat' dir='ltr'>propagatione.</span> <span class='ocrx_word' id='word_1_229' title='bbox 1366 1628 1455 1665; x_wconf 92' lang='lat' dir='ltr'>Non</span> <span class='ocrx_word' id='word_1_230' title='bbox 1490 1628 1607 1677; x_wconf 85' lang='lat' dir='ltr'>igitur</span> 
     </span>
     <span class='ocr_line' id='line_1_25' title="bbox 90 1692 1606 1742; baseline -0.001 -13"><span class='ocrx_word' id='word_1_231' title='bbox 90 1705 225 1741; x_wconf 88' lang='lat' dir='ltr'>negare</span> <span class='ocrx_word' id='word_1_232' title='bbox 259 1692 397 1742; x_wconf 89' lang='lat' dir='ltr'>poteris</span> <span class='ocrx_word' id='word_1_233' title='bbox 433 1692 614 1741; x_wconf 81' lang='lat' dir='ltr'>gignendi</span> <span class='ocrx_word' id='word_1_234' title='bbox 651 1693 722 1729; x_wconf 89' lang='lat' dir='ltr'>vim</span> <span class='ocrx_word' id='word_1_235' title='bbox 762 1705 837 1729; x_wconf 91' lang='lat' dir='ltr'>non</span> <span class='ocrx_word' id='word_1_236' title='bbox 874 1692 921 1729; x_wconf 83' lang='lat' dir='ltr'>ad</span> <span class='ocrx_word' id='word_1_237' title='bbox 948 1693 1150 1730; x_wconf 87' lang='lat' dir='ltr'>masculum</span> <span class='ocrx_word' id='word_1_238' title='bbox 1177 1696 1336 1738; x_wconf 86' lang='lat' dir='ltr'>tantum,</span> <span class='ocrx_word' id='word_1_239' title='bbox 1363 1692 1426 1729; x_wconf 84' lang='lat' dir='ltr'>sed</span> <span class='ocrx_word' id='word_1_240' title='bbox 1453 1692 1500 1729; x_wconf 87' lang='lat' dir='ltr'>ad</span> <span class='ocrx_word' id='word_1_241' title='bbox 1526 1705 1606 1729; x_wconf 85' lang='lat' dir='ltr'>ma·</span> 
     </span>
     <span class='ocr_line' id='line_1_26' title="bbox 89 1755 1607 1806; baseline 0 -14"><span class='ocrx_word' id='word_1_242' title='bbox 89 1761 182 1793; x_wconf 89' lang='lat' dir='ltr'>trem</span> <span class='ocrx_word' id='word_1_243' title='bbox 210 1768 357 1806; x_wconf 88' lang='lat' dir='ltr'>quoque</span> <span class='ocrx_word' id='word_1_244' title='bbox 383 1755 435 1793; x_wconf 88' lang='lat' dir='ltr'>ita</span> <span class='ocrx_word' id='word_1_245' title='bbox 462 1756 658 1806; x_wconf 88' lang='lat' dir='ltr'>pertinere,</span> <span class='ocrx_word' id='word_1_246' title='bbox 684 1755 994 1806; x_wconf 86' lang='lat' dir='ltr'>quemadmodum</span> <span class='ocrx_word' id='word_1_247' title='bbox 1023 1769 1093 1793; x_wconf 85' lang='lat' dir='ltr'>vox</span> <span class='ocrx_word' id='word_1_248' title='bbox 1119 1756 1183 1793; x_wconf 87' lang='lat' dir='ltr'>illa</span> <span class='ocrx_word' id='word_1_249' title='bbox 1213 1756 1421 1793; x_wconf 78' lang='lat' dir='ltr'>acrescite&#39;&#39;</span> <span class='ocrx_word' id='word_1_250' title='bbox 1446 1756 1607 1806; x_wconf 87' lang='lat' dir='ltr'>pertinet</span> 
     </span>
     <span class='ocr_line' id='line_1_27' title="bbox 94 1818 1600 1870; baseline -0.001 -14"><span class='ocrx_word' id='word_1_251' title='bbox 94 1825 169 1856; x_wconf 90' lang='lat' dir='ltr'>tam</span> <span class='ocrx_word' id='word_1_252' title='bbox 197 1819 243 1856; x_wconf 89' lang='lat' dir='ltr'>ad</span> <span class='ocrx_word' id='word_1_253' title='bbox 271 1819 401 1862; x_wconf 84' lang='lat' dir='ltr'>Evam,</span> <span class='ocrx_word' id='word_1_254' title='bbox 428 1833 538 1870; x_wconf 89' lang='lat' dir='ltr'>quam</span> <span class='ocrx_word' id='word_1_255' title='bbox 567 1820 612 1856; x_wconf 90' lang='lat' dir='ltr'>ad</span> <span class='ocrx_word' id='word_1_256' title='bbox 641 1820 838 1858; x_wconf 90' lang='lat' dir='ltr'>Adamum.</span> <span class='ocrx_word' id='word_1_257' title='bbox 877 1820 981 1857; x_wconf 88' lang='lat' dir='ltr'>Idem</span> <span class='ocrx_word' id='word_1_258' title='bbox 1007 1832 1118 1870; x_wconf 91' lang='lat' dir='ltr'>porro</span> <span class='ocrx_word' id='word_1_259' title='bbox 1146 1832 1215 1857; x_wconf 87' lang='lat' dir='ltr'>nos</span> <span class='ocrx_word' id='word_1_260' title='bbox 1232 1820 1364 1857; x_wconf 91' lang='lat' dir='ltr'>docent</span> <span class='ocrx_word' id='word_1_261' title='bbox 1382 1818 1600 1869; x_wconf 87' lang='lat' dir='ltr'>Philosophi</span> 
     </span>
     <span class='ocr_line' id='line_1_28' title="bbox 93 1882 1604 1933; baseline -0.001 -13"><span class='ocrx_word' id='word_1_262' title='bbox 93 1884 170 1920; x_wconf 84' lang='lat' dir='ltr'>fere</span> <span class='ocrx_word' id='word_1_263' title='bbox 197 1896 338 1927; x_wconf 79' lang='lat' dir='ltr'>omneS,</span> <span class='ocrx_word' id='word_1_264' title='bbox 364 1882 522 1920; x_wconf 84' lang='lat' dir='ltr'>Divinae</span> <span class='ocrx_word' id='word_1_265' title='bbox 547 1883 586 1919; x_wconf 89' lang='lat' dir='ltr'>in</span> <span class='ocrx_word' id='word_1_266' title='bbox 615 1883 683 1920; x_wconf 88' lang='lat' dir='ltr'>hac</span> <span class='ocrx_word' id='word_1_267' title='bbox 710 1887 812 1933; x_wconf 87' lang='lat' dir='ltr'>parte</span> <span class='ocrx_word' id='word_1_268' title='bbox 839 1883 1088 1920; x_wconf 88' lang='lat' dir='ltr'>ordinationis</span> <span class='ocrx_word' id='word_1_269' title='bbox 1114 1883 1332 1933; x_wconf 85' lang='lat' dir='ltr'>interpretes</span> <span class='ocrx_word' id='word_1_270' title='bbox 1359 1895 1402 1919; x_wconf 90' lang='lat' dir='ltr'>ac</span> <span class='ocrx_word' id='word_1_271' title='bbox 1421 1886 1604 1919; x_wconf 90' lang='lat' dir='ltr'>scrutato-</span> 
     </span>
     <span class='ocr_line' id='line_1_29' title="bbox 92 1945 1605 1996; baseline -0.002 -12"><span class='ocrx_word' id='word_1_272' title='bbox 92 1960 164 1991; x_wconf 88' lang='lat' dir='ltr'>res,</span> <span class='ocrx_word' id='word_1_273' title='bbox 190 1946 397 1996; x_wconf 89' lang='lat' dir='ltr'>diserteque</span> <span class='ocrx_word' id='word_1_274' title='bbox 423 1951 617 1990; x_wconf 86' lang='lat' dir='ltr'>testantur,</span> <span class='ocrx_word' id='word_1_275' title='bbox 643 1948 783 1984; x_wconf 84' lang='lat' dir='ltr'>foetum</span> <span class='ocrx_word' id='word_1_276' title='bbox 812 1959 886 1983; x_wconf 88' lang='lat' dir='ltr'>non</span> <span class='ocrx_word' id='word_1_277' title='bbox 914 1959 959 1984; x_wconf 82' lang='lat' dir='ltr'>ex</span> <span class='ocrx_word' id='word_1_278' title='bbox 984 1950 1088 1996; x_wconf 89' lang='lat' dir='ltr'>patre</span> <span class='ocrx_word' id='word_1_279' title='bbox 1113 1950 1258 1983; x_wconf 84' lang='lat' dir='ltr'>tantum</span> <span class='ocrx_word' id='word_1_280' title='bbox 1287 1945 1443 1995; x_wconf 90' lang='lat' dir='ltr'>concipi,</span> <span class='ocrx_word' id='word_1_281' title='bbox 1470 1945 1534 1982; x_wconf 86' lang='lat' dir='ltr'>sed</span> <span class='ocrx_word' id='word_1_282' title='bbox 1560 1957 1605 1981; x_wconf 80' lang='lat' dir='ltr'>ex</span> 
     </span>
     <span class='ocr_line' id='line_1_30' title="bbox 98 2008 1604 2058; baseline -0.002 -11"><span class='ocrx_word' id='word_1_283' title='bbox 98 2014 213 2048; x_wconf 83' lang='lat' dir='ltr'>matre</span> <span class='ocrx_word' id='word_1_284' title='bbox 248 2009 371 2054; x_wconf 87' lang='lat' dir='ltr'>etiam,</span> <span class='ocrx_word' id='word_1_285' title='bbox 406 2014 443 2046; x_wconf 80' lang='lat' dir='ltr'>et</span> <span class='ocrx_word' id='word_1_286' title='bbox 479 2011 701 2047; x_wconf 87' lang='lat' dir='ltr'>confirmant</span> <span class='ocrx_word' id='word_1_287' title='bbox 738 2010 807 2046; x_wconf 89' lang='lat' dir='ltr'>hoc</span> <span class='ocrx_word' id='word_1_288' title='bbox 842 2010 1042 2047; x_wconf 89' lang='lat' dir='ltr'>multorum</span> <span class='ocrx_word' id='word_1_289' title='bbox 1079 2014 1115 2047; x_wconf 84' lang='lat' dir='ltr'>et</span> <span class='ocrx_word' id='word_1_290' title='bbox 1142 2010 1325 2047; x_wconf 85' lang='lat' dir='ltr'>variorum</span> <span class='ocrx_word' id='word_1_291' title='bbox 1352 2008 1604 2058; x_wconf 77' lang='lat' dir='ltr'>exemplorum</span> 
     </span>
     <span class='ocr_line' id='line_1_31' title="bbox 93 2072 1605 2125; baseline -0.002 -14"><span class='ocrx_word' id='word_1_292' title='bbox 93 2075 332 2125; x_wconf 89' lang='lat' dir='ltr'>experientia,</span> <span class='ocrx_word' id='word_1_293' title='bbox 367 2087 461 2124; x_wconf 89' lang='lat' dir='ltr'>quae</span> <span class='ocrx_word' id='word_1_294' title='bbox 497 2074 557 2110; x_wconf 86' lang='lat' dir='ltr'>hic</span> <span class='ocrx_word' id='word_1_295' title='bbox 592 2087 667 2111; x_wconf 89' lang='lat' dir='ltr'>non</span> <span class='ocrx_word' id='word_1_296' title='bbox 703 2074 835 2111; x_wconf 87' lang='lat' dir='ltr'>attinet</span> <span class='ocrx_word' id='word_1_297' title='bbox 871 2086 1156 2110; x_wconf 89' lang='lat' dir='ltr'>commemorare</span> <span class='ocrx_word' id='word_1_298' title='bbox 1168 2088 1178 2119; x_wconf 89' lang='lat'>;</span> <span class='ocrx_word' id='word_1_299' title='bbox 1207 2073 1427 2110; x_wconf 86' lang='lat' dir='ltr'>confirmant</span> <span class='ocrx_word' id='word_1_300' title='bbox 1453 2072 1540 2109; x_wconf 87' lang='lat' dir='ltr'>item</span> <span class='ocrx_word' id='word_1_301' title='bbox 1568 2077 1605 2109; x_wconf 87' lang='lat' dir='ltr'>et</span> 
     </span>
     <span class='ocr_line' id='line_1_32' title="bbox 91 2136 1604 2186; baseline -0.002 -11"><span class='ocrx_word' id='word_1_302' title='bbox 91 2139 301 2176; x_wconf 86' lang='lat' dir='ltr'>rationibus</span> <span class='ocrx_word' id='word_1_303' title='bbox 340 2137 586 2175; x_wconf 85' lang='lat' dir='ltr'>naturalibus.</span> <span class='ocrx_word' id='word_1_304' title='bbox 641 2138 729 2175; x_wconf 91' lang='lat' dir='ltr'>Non</span> <span class='ocrx_word' id='word_1_305' title='bbox 766 2138 846 2175; x_wconf 88' lang='lat' dir='ltr'>sine</span> <span class='ocrx_word' id='word_1_306' title='bbox 882 2150 990 2174; x_wconf 88' lang='lat' dir='ltr'>causa</span> <span class='ocrx_word' id='word_1_307' title='bbox 1016 2137 1055 2174; x_wconf 91' lang='lat' dir='ltr'>id</span> <span class='ocrx_word' id='word_1_308' title='bbox 1081 2137 1173 2182; x_wconf 91' lang='lat' dir='ltr'>fieri,</span> <span class='ocrx_word' id='word_1_309' title='bbox 1199 2142 1240 2174; x_wconf 91' lang='lat' dir='ltr'>ut</span> <span class='ocrx_word' id='word_1_310' title='bbox 1267 2136 1330 2173; x_wconf 92' lang='lat' dir='ltr'>alii</span> <span class='ocrx_word' id='word_1_311' title='bbox 1355 2140 1477 2186; x_wconf 86' lang='lat' dir='ltr'>patres</span> <span class='ocrx_word' id='word_1_312' title='bbox 1505 2148 1604 2180; x_wconf 91' lang='lat' dir='ltr'>suos,</span> 
     </span>
     <span class='ocr_line' id='line_1_33' title="bbox 92 2200 1604 2250; baseline -0.002 -10"><span class='ocrx_word' id='word_1_313' title='bbox 92 2204 157 2241; x_wconf 91' lang='lat' dir='ltr'>alii</span> <span class='ocrx_word' id='word_1_314' title='bbox 185 2216 269 2241; x_wconf 89' lang='lat' dir='ltr'>vero</span> <span class='ocrx_word' id='word_1_315' title='bbox 297 2207 443 2246; x_wconf 87' lang='lat' dir='ltr'>matres,</span> <span class='ocrx_word' id='word_1_316' title='bbox 470 2215 547 2239; x_wconf 91' lang='lat' dir='ltr'>non</span> <span class='ocrx_word' id='word_1_317' title='bbox 573 2203 692 2239; x_wconf 85' lang='lat' dir='ltr'>forma</span> <span class='ocrx_word' id='word_1_318' title='bbox 719 2202 838 2239; x_wconf 87' lang='lat' dir='ltr'>solum</span> <span class='ocrx_word' id='word_1_319' title='bbox 865 2208 927 2239; x_wconf 84' lang='lat' dir='ltr'>aut</span> <span class='ocrx_word' id='word_1_320' title='bbox 954 2202 1175 2245; x_wconf 83' lang='lat' dir='ltr'>valetudine,</span> <span class='ocrx_word' id='word_1_321' title='bbox 1202 2201 1263 2238; x_wconf 87' lang='lat' dir='ltr'>sed</span> <span class='ocrx_word' id='word_1_322' title='bbox 1289 2200 1441 2249; x_wconf 88' lang='lat' dir='ltr'>ingenio</span> <span class='ocrx_word' id='word_1_323' title='bbox 1457 2212 1604 2250; x_wconf 88' lang='lat' dir='ltr'>quoque</span> 
     </span>
     <span class='ocr_line' id='line_1_34' title="bbox 93 2264 1603 2319; baseline -0.003 -14"><span class='ocrx_word' id='word_1_324' title='bbox 93 2281 157 2319; x_wconf 90' lang='lat' dir='ltr'>per</span> <span class='ocrx_word' id='word_1_325' title='bbox 192 2280 336 2305; x_wconf 88' lang='lat' dir='ltr'>omnem</span> <span class='ocrx_word' id='word_1_326' title='bbox 374 2267 488 2304; x_wconf 90' lang='lat' dir='ltr'>vitam</span> <span class='ocrx_word' id='word_1_327' title='bbox 528 2279 630 2303; x_wconf 89' lang='lat' dir='ltr'>suam</span> <span class='ocrx_word' id='word_1_328' title='bbox 667 2267 845 2312; x_wconf 87' lang='lat' dir='ltr'>referant;</span> <span class='ocrx_word' id='word_1_329' title='bbox 882 2266 921 2303; x_wconf 91' lang='lat' dir='ltr'>id</span> <span class='ocrx_word' id='word_1_330' title='bbox 956 2279 975 2303; x_wconf 90' lang='lat' dir='ltr'>e</span> <span class='ocrx_word' id='word_1_331' title='bbox 1001 2267 1079 2303; x_wconf 89' lang='lat' dir='ltr'>sola</span> <span class='ocrx_word' id='word_1_332' title='bbox 1106 2264 1281 2302; x_wconf 89' lang='lat' dir='ltr'>alimonia</span> <span class='ocrx_word' id='word_1_333' title='bbox 1306 2264 1500 2315; x_wconf 90' lang='lat' dir='ltr'>provenire</span> <span class='ocrx_word' id='word_1_334' title='bbox 1527 2276 1603 2301; x_wconf 85' lang='lat' dir='ltr'>non</span> 
     </span>
     <span class='ocr_line' id='line_1_35' title="bbox 92 2329 1604 2383; baseline -0.003 -13"><span class='ocrx_word' id='word_1_335' title='bbox 92 2346 212 2383; x_wconf 89' lang='lat' dir='ltr'>posse,</span> <span class='ocrx_word' id='word_1_336' title='bbox 246 2345 266 2370; x_wconf 93' lang='lat' dir='ltr'>e</span> <span class='ocrx_word' id='word_1_337' title='bbox 300 2345 372 2382; x_wconf 89' lang='lat' dir='ltr'>qua</span> <span class='ocrx_word' id='word_1_338' title='bbox 409 2331 440 2368; x_wconf 90' lang='lat' dir='ltr'>si</span> <span class='ocrx_word' id='word_1_339' title='bbox 475 2331 566 2381; x_wconf 85' lang='lat' dir='ltr'>quid</span> <span class='ocrx_word' id='word_1_340' title='bbox 594 2330 702 2367; x_wconf 88' lang='lat' dir='ltr'>huius</span> <span class='ocrx_word' id='word_1_341' title='bbox 729 2331 950 2380; x_wconf 80' lang='lat' dir='ltr'>proveniret,</span> <span class='ocrx_word' id='word_1_342' title='bbox 976 2335 1040 2367; x_wconf 89' lang='lat' dir='ltr'>aut</span> <span class='ocrx_word' id='word_1_343' title='bbox 1065 2343 1192 2367; x_wconf 88' lang='lat' dir='ltr'>omnes</span> <span class='ocrx_word' id='word_1_344' title='bbox 1220 2334 1377 2366; x_wconf 90' lang='lat' dir='ltr'>matrum</span> <span class='ocrx_word' id='word_1_345' title='bbox 1404 2332 1526 2366; x_wconf 86' lang='lat' dir='ltr'>essent</span> <span class='ocrx_word' id='word_1_346' title='bbox 1553 2329 1604 2365; x_wconf 90' lang='lat' dir='ltr'>si-</span> 
     </span>
     <span class='ocr_line' id='line_1_36' title="bbox 94 2392 1603 2443; baseline -0.003 -9"><span class='ocrx_word' id='word_1_347' title='bbox 94 2398 212 2440; x_wconf 91' lang='lat' dir='ltr'>miles,</span> <span class='ocrx_word' id='word_1_348' title='bbox 246 2402 309 2434; x_wconf 90' lang='lat' dir='ltr'>aut</span> <span class='ocrx_word' id='word_1_349' title='bbox 345 2399 484 2433; x_wconf 88' lang='lat' dir='ltr'>mutato</span> <span class='ocrx_word' id='word_1_350' title='bbox 522 2395 718 2432; x_wconf 87' lang='lat' dir='ltr'>alimoniae</span> <span class='ocrx_word' id='word_1_351' title='bbox 752 2408 885 2443; x_wconf 84' lang='lat' dir='ltr'>genere</span> <span class='ocrx_word' id='word_1_352' title='bbox 921 2395 957 2432; x_wconf 75' lang='lat' dir='ltr'>et</span> <span class='ocrx_word' id='word_1_353' title='bbox 990 2396 1146 2432; x_wconf 82' lang='lat' dir='ltr'>sormam</span> <span class='ocrx_word' id='word_1_354' title='bbox 1182 2393 1395 2431; x_wconf 83' lang='lat' dir='ltr'>hauddubie</span> <span class='ocrx_word' id='word_1_355' title='bbox 1429 2394 1538 2431; x_wconf 87' lang='lat' dir='ltr'>etiam</span> <span class='ocrx_word' id='word_1_356' title='bbox 1566 2392 1603 2430; x_wconf 73' lang='lat' dir='ltr'>et</span> 
     </span>
     <span class='ocr_line' id='line_1_37' title="bbox 97 2457 1604 2508; baseline -0.003 -11"><span class='ocrx_word' id='word_1_357' title='bbox 97 2460 358 2504; x_wconf 89' lang='lat' dir='ltr'>valetudinem,</span> <span class='ocrx_word' id='word_1_358' title='bbox 396 2459 515 2496; x_wconf 89' lang='lat' dir='ltr'>multo</span> <span class='ocrx_word' id='word_1_359' title='bbox 552 2459 670 2506; x_wconf 79' lang='lat' dir='ltr'>magis</span> <span class='ocrx_word' id='word_1_360' title='bbox 706 2463 827 2495; x_wconf 90' lang='lat' dir='ltr'>autem</span> <span class='ocrx_word' id='word_1_361' title='bbox 862 2458 1054 2507; x_wconf 85' lang='lat' dir='ltr'>ingenium</span> <span class='ocrx_word' id='word_1_362' title='bbox 1089 2458 1208 2508; x_wconf 84' lang='lat' dir='ltr'>ipsum</span> <span class='ocrx_word' id='word_1_363' title='bbox 1245 2457 1440 2494; x_wconf 89' lang='lat' dir='ltr'>infantiam</span> <span class='ocrx_word' id='word_1_364' title='bbox 1478 2469 1604 2506; x_wconf 88' lang='lat' dir='ltr'>super-</span> 
     </span>
     <span class='ocr_line' id='line_1_38' title="bbox 94 2521 1604 2572; baseline -0.003 -11"><span class='ocrx_word' id='word_1_365' title='bbox 94 2524 233 2572; x_wconf 85' lang='lat' dir='ltr'>egressi</span> <span class='ocrx_word' id='word_1_366' title='bbox 268 2527 476 2569; x_wconf 84' lang='lat' dir='ltr'>mutarent;</span> <span class='ocrx_word' id='word_1_367' title='bbox 513 2534 613 2559; x_wconf 91' lang='lat' dir='ltr'>nunc</span> <span class='ocrx_word' id='word_1_368' title='bbox 641 2534 723 2558; x_wconf 92' lang='lat' dir='ltr'>cum</span> <span class='ocrx_word' id='word_1_369' title='bbox 751 2527 786 2558; x_wconf 92' lang='lat' dir='ltr'>et</span> <span class='ocrx_word' id='word_1_370' title='bbox 813 2522 963 2559; x_wconf 88' lang='lat' dir='ltr'>morbos</span> <span class='ocrx_word' id='word_1_371' title='bbox 990 2535 1010 2558; x_wconf 90' lang='lat' dir='ltr'>a</span> <span class='ocrx_word' id='word_1_372' title='bbox 1037 2521 1251 2571; x_wconf 86' lang='lat' dir='ltr'>parentibus</span> <span class='ocrx_word' id='word_1_373' title='bbox 1278 2525 1500 2571; x_wconf 85' lang='lat' dir='ltr'>propagatos</span> <span class='ocrx_word' id='word_1_374' title='bbox 1528 2532 1604 2556; x_wconf 90' lang='lat' dir='ltr'>non</span> 
     </span>
     <span class='ocr_line' id='line_1_39' title="bbox 96 2581 1602 2631; baseline -0.003 -6"><span class='ocrx_word' id='word_1_375' title='bbox 96 2594 182 2626; x_wconf 86' lang='lat' dir='ltr'>ante</span> <span class='ocrx_word' id='word_1_376' title='bbox 207 2587 371 2625; x_wconf 86' lang='lat' dir='ltr'>adultam</span> <span class='ocrx_word' id='word_1_377' title='bbox 399 2592 554 2624; x_wconf 86' lang='lat' dir='ltr'>aetatem</span> <span class='ocrx_word' id='word_1_378' title='bbox 582 2599 659 2623; x_wconf 88' lang='lat' dir='ltr'>sese</span> <span class='ocrx_word' id='word_1_379' title='bbox 686 2586 724 2622; x_wconf 90' lang='lat' dir='ltr'>in</span> <span class='ocrx_word' id='word_1_380' title='bbox 752 2586 877 2623; x_wconf 89' lang='lat' dir='ltr'>liberis</span> <span class='ocrx_word' id='word_1_381' title='bbox 904 2598 1049 2623; x_wconf 87' lang='lat' dir='ltr'>exerere</span> <span class='ocrx_word' id='word_1_382' title='bbox 1075 2585 1275 2627; x_wconf 90' lang='lat' dir='ltr'>videamus,</span> <span class='ocrx_word' id='word_1_383' title='bbox 1299 2584 1366 2621; x_wconf 91' lang='lat' dir='ltr'>ubi</span> <span class='ocrx_word' id='word_1_384' title='bbox 1382 2584 1455 2621; x_wconf 85' lang='lat' dir='ltr'>iam</span> <span class='ocrx_word' id='word_1_385' title='bbox 1472 2581 1602 2631; x_wconf 73' lang='lat' dir='ltr'>(Diib)</span> 
     </span>
     <span class='ocr_line' id='line_1_40' title="bbox 97 2647 1605 2698; baseline -0.004 -9"><span class='ocrx_word' id='word_1_386' title='bbox 97 2656 283 2689; x_wconf 88' lang='lat' dir='ltr'>maternae</span> <span class='ocrx_word' id='word_1_387' title='bbox 317 2651 514 2688; x_wconf 86' lang='lat' dir='ltr'>alimoniae</span> <span class='ocrx_word' id='word_1_388' title='bbox 548 2651 652 2687; x_wconf 91' lang='lat' dir='ltr'>locus</span> <span class='ocrx_word' id='word_1_389' title='bbox 688 2662 761 2686; x_wconf 89' lang='lat' dir='ltr'>non</span> <span class='ocrx_word' id='word_1_390' title='bbox 801 2655 855 2686; x_wconf 89' lang='lat' dir='ltr'>est</span> <span class='ocrx_word' id='word_1_391' title='bbox 882 2650 1000 2695; x_wconf 77' lang='lat' dir='ltr'>ullus3</span> <span class='ocrx_word' id='word_1_392' title='bbox 1027 2653 1063 2686; x_wconf 91' lang='lat' dir='ltr'>et</span> <span class='ocrx_word' id='word_1_393' title='bbox 1088 2649 1238 2698; x_wconf 87' lang='lat' dir='ltr'>ingenia</span> <span class='ocrx_word' id='word_1_394' title='bbox 1266 2648 1376 2685; x_wconf 91' lang='lat' dir='ltr'>semel</span> <span class='ocrx_word' id='word_1_395' title='bbox 1401 2648 1441 2684; x_wconf 88' lang='lat' dir='ltr'>in</span> <span class='ocrx_word' id='word_1_396' title='bbox 1468 2647 1605 2684; x_wconf 85' lang='lat' dir='ltr'>liberos</span> 
     </span>
     <span class='ocr_line' id='line_1_41' title="bbox 95 2710 1604 2765; baseline -0.004 -12"><span class='ocrx_word' id='word_1_397' title='bbox 95 2728 115 2753; x_wconf 87' lang='lat' dir='ltr'>e</span> <span class='ocrx_word' id='word_1_398' title='bbox 150 2715 365 2765; x_wconf 88' lang='lat' dir='ltr'>parentibus</span> <span class='ocrx_word' id='word_1_399' title='bbox 401 2714 564 2752; x_wconf 85' lang='lat' dir='ltr'>derivata</span> <span class='ocrx_word' id='word_1_400' title='bbox 600 2725 791 2763; x_wconf 89' lang='lat' dir='ltr'>nunquam</span> <span class='ocrx_word' id='word_1_401' title='bbox 825 2713 972 2756; x_wconf 88' lang='lat' dir='ltr'>mutari,</span> <span class='ocrx_word' id='word_1_402' title='bbox 1002 2734 1053 2740; x_wconf 98' lang='lat'><strong>—</strong></span> <span class='ocrx_word' id='word_1_403' title='bbox 1086 2712 1319 2763; x_wconf 90' lang='lat' dir='ltr'>perspicuum</span> <span class='ocrx_word' id='word_1_404' title='bbox 1356 2715 1422 2754; x_wconf 89' lang='lat' dir='ltr'>est,</span> <span class='ocrx_word' id='word_1_405' title='bbox 1464 2710 1552 2747; x_wconf 87' lang='lat' dir='ltr'>haec</span> <span class='ocrx_word' id='word_1_406' title='bbox 1585 2723 1604 2746; x_wconf 87' lang='lat' dir='ltr'>e</span> 
     </span>
     <span class='ocr_line' id='line_1_42' title="bbox 97 2773 1602 2826; baseline -0.004 -11"><span class='ocrx_word' id='word_1_407' title='bbox 97 2778 175 2816; x_wconf 89' lang='lat' dir='ltr'>sola</span> <span class='ocrx_word' id='word_1_408' title='bbox 209 2778 338 2815; x_wconf 88' lang='lat' dir='ltr'>matris</span> <span class='ocrx_word' id='word_1_409' title='bbox 381 2777 570 2821; x_wconf 86' lang='lat' dir='ltr'>alimonia,</span> <span class='ocrx_word' id='word_1_410' title='bbox 610 2781 653 2813; x_wconf 93' lang='lat' dir='ltr'>ut</span> <span class='ocrx_word' id='word_1_411' title='bbox 695 2789 758 2826; x_wconf 91' lang='lat' dir='ltr'>per</span> <span class='ocrx_word' id='word_1_412' title='bbox 794 2788 942 2814; x_wconf 88' lang='lat' dir='ltr'>omnem</span> <span class='ocrx_word' id='word_1_413' title='bbox 985 2775 1097 2813; x_wconf 89' lang='lat' dir='ltr'>vitam</span> <span class='ocrx_word' id='word_1_414' title='bbox 1133 2780 1297 2813; x_wconf 87' lang='lat' dir='ltr'>nostram</span> <span class='ocrx_word' id='word_1_415' title='bbox 1324 2774 1434 2812; x_wconf 88' lang='lat' dir='ltr'>nobis</span> <span class='ocrx_word' id='word_1_416' title='bbox 1466 2773 1602 2810; x_wconf 88' lang='lat' dir='ltr'>adhae-</span> 
     </span>
     <span class='ocr_line' id='line_1_43' title="bbox 97 2835 1603 2891; baseline -0.004 -11"><span class='ocrx_word' id='word_1_417' title='bbox 97 2849 214 2888; x_wconf 82' lang='lat' dir='ltr'>reant,</span> <span class='ocrx_word' id='word_1_418' title='bbox 251 2842 460 2890; x_wconf 81' lang='lat' dir='ltr'>ingenerari</span> <span class='ocrx_word' id='word_1_419' title='bbox 495 2853 571 2878; x_wconf 88' lang='lat' dir='ltr'>non</span> <span class='ocrx_word' id='word_1_420' title='bbox 606 2853 732 2890; x_wconf 83' lang='lat' dir='ltr'>possc3</span> <span class='ocrx_word' id='word_1_421' title='bbox 769 2839 831 2877; x_wconf 88' lang='lat' dir='ltr'>scd</span> <span class='ocrx_word' id='word_1_422' title='bbox 865 2852 908 2876; x_wconf 82' lang='lat' dir='ltr'>ex</span> <span class='ocrx_word' id='word_1_423' title='bbox 947 2839 1026 2889; x_wconf 87' lang='lat' dir='ltr'>ipsa</span> <span class='ocrx_word' id='word_1_424' title='bbox 1052 2842 1244 2891; x_wconf 86' lang='lat' dir='ltr'>parentum</span> <span class='ocrx_word' id='word_1_425' title='bbox 1273 2837 1479 2875; x_wconf 85' lang='lat' dir='ltr'>substantia</span> <span class='ocrx_word' id='word_1_426' title='bbox 1508 2835 1603 2874; x_wconf 81' lang='lat' dir='ltr'>deri-</span> 
     </span>
    </p>
   </div>
  </div>
 </body>
</html>
