1818 3178
728 148 787 175 ΕΡ.
816 148 958 175 DOCTR.
1541 139 1615 175 485

79 265 98 290 e
126 249 321 302 scripturis
347 248 586 301 potissimum
613 251 651 287 et
679 261 756 288 non
783 250 934 288 aliunde
960 253 1142 301 petamus.
1190 250 1310 287 Coeca
1335 253 1392 287 est
1418 249 1517 286 enim
1546 249 1609 287 hie

78 328 232 368 prorsus
258 318 338 353 tota
366 313 531 351 hominis
559 313 657 351 ratio
693 327 816 365 neque
841 314 1030 366 percipere
1058 317 1182 365 potest
1208 327 1263 359 ea,
1290 327 1386 365 quae
1412 317 1501 351 sunt
1527 312 1612 358 Dei,

78 384 115 418 et
152 379 324 417 Christus
360 378 546 416 Dominus
583 391 661 417 non
696 378 765 417 abs
801 391 841 417 re
877 378 1057 430 praedicit
1092 378 1186 423 fore,
1220 381 1264 417 ut
1295 377 1460 416 mundus
1496 391 1517 416 a
1546 378 1611 428 Sp.

77 459 108 484 s.
144 448 324 494 arguatur
361 443 406 480 de
442 448 610 494 peccato,
647 443 692 482 de
726 443 871 482 iustitia
897 447 935 482 et
961 443 1116 489 iudicio,
1144 443 1181 482 h.
1210 456 1256 491 e.‚
1283 443 1329 481 de
1353 443 1528 481 universa
1556 442 1610 480 si-

79 510 157 547 mul
194 514 231 547 et
267 509 338 547 Dei
365 514 402 547 et
430 508 552 547 nostri
581 508 812 558 cognitione,
839 521 951 560 quam
978 510 1144 547 mundus
1171 509 1305 547 falsam
1331 521 1399 560 pro
1427 521 1512 546 vera
1541 520 1612 546 no-

77 574 135 612 bis
171 578 350 626 perpetuo
390 573 562 611 obtendit
598 573 795 625 Deumque
822 587 867 612 ex
896 587 976 612 sese
1012 574 1178 613 metitur.
1232 574 1316 611 Nos
1342 573 1460 623 igitur
1486 574 1523 612 in
1553 573 1613 611 lu-

79 639 179 677 mine
206 652 406 690 queremus
436 638 563 676 lumen
602 637 708 676 iuxta
734 638 939 690 prophetae
966 638 1176 676 doctrinam
1203 642 1240 676 et
1267 651 1344 676 non
1371 637 1524 676 aliunde
1550 650 1613 675 ve-

79 716 158 740 ram
197 702 269 740 Dei
297 702 567 751 cognitionem.
601 715 714 753 quam
750 715 796 740 ex
832 703 947 740 verbo
983 702 1111 740 divino
1139 702 1271 754 ipsius,
1306 702 1407 754 quod
1435 702 1616 740 Christus

76 772 147 812 est,
174 771 357 818 petemuS.
413 767 560 805 Scimus
597 771 724 805 autem
759 767 983 818 permissum
1010 780 1087 805 non
1115 767 1231 804 fuisse
1260 766 1360 805 Mosi
1386 771 1428 806 ut
1455 767 1614 805 sormam

79 843 144 869 seu
179 831 314 869 faeiem
349 831 431 874 Dei,
466 831 503 870 h.
541 844 586 874 e.‚
621 831 905 870 subsistentiam
941 831 1021 869 eius
1057 844 1078 869 a
1114 831 1239 869 fronte
1274 832 1431 876 videret,
1466 836 1502 870 et
1529 845 1608 870 eam

76 909 158 935 esse
183 896 440 934 infirmitatem
469 901 650 942 nostram,
677 901 719 934 ut
743 900 888 935 tantam
916 897 1038 934 lucem
1065 895 1206 934 intueri
1234 910 1312 935 non
1338 897 1469 948 possit.
1519 898 1610 936 Non

80 974 138 999 me
173 961 329 1004 videbit,
363 961 500 1012 inquit,
541 961 655 999 homo
690 965 727 999 et
762 961 873 1000 vivet.
927 961 1092 1000 Proinde
1128 965 1301 1000 nostrum
1335 962 1406 1000 erit
1442 963 1614 1014 inprimis

79 1038 164 1063 cum
193 1029 324 1063 sancta
353 1025 548 1063 Catholiea
575 1029 613 1064 et
640 1026 861 1077 Apostolica
890 1025 1061 1064 Ecclesia
1087 1039 1303 1076 agnoscere,
1323 1026 1440 1065 Deum
1458 1032 1615 1079 patrem,

82 1090 204 1128 Deum
231 1090 364 1136 filium,
393 1090 459 1142 qui
485 1091 584 1128 idem
611 1091 661 1129 sit
687 1095 724 1129 et
751 1091 874 1137 homo,
902 1090 1023 1129 Deum
1040 1091 1221 1142 Spiritum
1241 1096 1422 1138 sanctum,
1437 1093 1616 1143 quoniam

81 1154 130 1192 ab
167 1154 227 1192 his
263 1154 482 1193 nominibus
521 1155 747 1206 baptismum
781 1158 953 1193 nostrum
984 1155 1127 1193 Christi
1154 1156 1333 1194 mandato
1363 1157 1613 1208 auspicamur.

80 1218 225 1257 Deinde
261 1219 411 1257 abunde
447 1219 558 1257 nobis
595 1219 814 1264 satissuerit,
851 1231 936 1256 cum
972 1218 1081 1257 Mose
1119 1219 1273 1257 dorsum
1301 1220 1378 1259 sive
1406 1222 1614 1272 posteriora

82 1283 152 1321 Dei
188 1296 334 1321 summa
370 1284 553 1334 religione
590 1283 821 1329 observasse,
854 1283 892 1322 h.
921 1296 968 1329 e.‚
1006 1288 1117 1321 notas
1153 1284 1337 1335 quasdam
1365 1298 1431 1323 seu
1458 1286 1617 1336 vestigia

80 1361 168 1386 suae
205 1348 427 1394 divinitatis,
463 1348 578 1386 verbo
613 1361 680 1386 suo
716 1348 828 1387 nobis
863 1348 1024 1400 prodita,
1052 1349 1190 1400 quibus
1227 1349 1375 1388 demum
1403 1351 1620 1402 perspectis,

81 1413 190 1452 facile
223 1414 271 1452 ad
309 1413 423 1451 vitam
458 1418 647 1452 aeternam
682 1413 802 1465 ipsius
830 1413 1013 1452 beneficio
1050 1413 1322 1465 perveniemus,
1374 1414 1493 1453 Porro
1521 1415 1618 1453 inter

82 1478 168 1523 alia,
210 1478 248 1516 id
286 1492 307 1515 a
344 1479 454 1516 nobis
491 1479 732 1529 potissimum
769 1478 974 1529 scripturae
1009 1479 1158 1528 exigere
1195 1479 1382 1520 videntur.
1417 1484 1460 1517 ut
1496 1479 1619 1518 Deum

84 1548 254 1581 nostrum
300 1544 395 1581 coeli
432 1547 468 1581 et
505 1549 626 1582 terrae
662 1543 868 1581 Dominum
905 1556 949 1581 ac
986 1543 1232 1587 conditorem,
1268 1543 1333 1595 qui
1369 1544 1489 1595 possit
1522 1558 1618 1596 quae

83 1609 172 1646 velit
209 1609 336 1647 omnia
374 1613 409 1646 et
434 1622 626 1659 nunquam
656 1608 758 1654 velit,
784 1608 858 1646 nisi
886 1608 988 1660 quod
1016 1609 1064 1647 sit
1093 1609 1289 1660 optimum,
1317 1609 1452 1647 deinde
1479 1609 1620 1648 iustum

82 1686 127 1711 ac
171 1687 353 1717 veracem,
396 1679 587 1725 postremo
622 1673 901 1711 misericordem
940 1686 1090 1725 quoque
1122 1687 1215 1719 esse,
1248 1687 1323 1712 non
1362 1674 1618 1725 intelligamus

83 1738 208 1784 modo,
233 1751 362 1777 verum
389 1739 501 1777 etiam
528 1743 609 1777 toto
639 1738 750 1777 corde
776 1751 820 1777 ac
846 1742 997 1790 pectore
1023 1743 1155 1777 nostro
1185 1739 1393 1779 credamus.

372 1870 387 1920 §
414 1872 451 1909 4.
505 1871 621 1908 Deum
648 1874 689 1908 ub
718 1869 913 1908 Dominum
941 1870 1115 1921 coqnosci
1144 1875 1328 1921 oportere.

138 1998 260 2038 Multa
298 2002 386 2038 sunt
421 1999 638 2037 testimonia.
673 1998 811 2051 quibus
848 2013 886 2038 se
922 2000 1024 2039 Deus
1062 2000 1280 2047 Dominum,
1308 2001 1454 2054 hocque
1481 2017 1620 2043 nomen

85 2064 234 2115 proprie
269 2078 379 2102 suum
414 2077 497 2103 esse
533 2069 702 2110 testatur,
738 2069 775 2103 et
809 2069 971 2104 testatur
1008 2065 1226 2105 hauddubie
1261 2080 1339 2105 non
1375 2069 1527 2116 frustra,
1556 2072 1622 2110 sed

85 2133 137 2176 ut,
163 2130 311 2181 qualem
342 2143 380 2168 se
406 2130 564 2181 ipsemet
591 2130 797 2181 praedicat,
823 2131 936 2169 talem
963 2144 1046 2169 eum
1075 2131 1187 2169 etiam
1205 2145 1470 2182 agnoscamuS‚
1489 2148 1624 2187 nempe

89 2194 292 2233 Dominum
320 2195 613 2246 omnipotentem
643 2199 678 2233 et
707 2195 771 2246 qui
800 2196 1010 2234 condiderit
1038 2201 1295 2249 sustentetque
1323 2199 1450 2237 omnia
1477 2199 1525 2238 ad
1553 2213 1623 2239 no-

87 2258 199 2297 minis
237 2259 357 2297 divini
385 2260 442 2297 sui
468 2259 643 2309 gloriam,
671 2274 782 2311 quam
812 2274 850 2299 se
878 2261 1051 2313 equidem
1079 2262 1175 2300 nulli
1202 2263 1311 2301 alteri
1339 2263 1514 2303 daturum
1545 2278 1627 2304 esse

85 2323 319 2374 apertissime
343 2325 554 2375 profitetur.
583 2323 771 2362 Docemur
797 2324 887 2363 item
915 2329 952 2364 et
979 2326 1167 2365 Sathanae
1194 2328 1364 2380 exemplo
1396 2328 1513 2368 Deum
1546 2343 1624 2370 non

85 2400 195 2438 posse
229 2388 326 2426 ferre
360 2401 598 2440 quemquam,
635 2389 700 2441 qui
739 2389 864 2442 ipsum
891 2404 958 2442 pro
988 2390 1152 2430 Domino
1182 2405 1249 2430 suo
1278 2393 1376 2431 nolit
1405 2407 1626 2444 agnoscere.

86 2450 222 2503 Neque
257 2451 357 2490 enim
393 2452 480 2490 tulit
513 2466 643 2491 vocem
679 2453 783 2492 illam
823 2454 930 2492 'Ero
969 2469 1037 2507 par
1073 2456 1297 2504 altissimo,”
1333 2458 1396 2496 sed
1425 2472 1505 2497 eam
1535 2473 1625 2499 mox

88 2529 164 2554 una
198 2529 282 2554 cum
321 2521 452 2556 autore
479 2517 561 2569 ipso
590 2517 635 2556 ad
665 2522 806 2557 tartara
832 2532 953 2571 usque
981 2521 1151 2560 detrusit.
1207 2521 1257 2561 Et
1284 2523 1425 2562 Paulus
1453 2523 1526 2562 hoc
1556 2538 1628 2563 no-

91 2580 192 2619 mine
237 2580 464 2619 condemnat
498 2586 642 2631 gentes,
679 2583 778 2635 quod
817 2583 938 2622 Deum
976 2597 1052 2623 non
1094 2590 1136 2624 ut
1170 2586 1291 2625 Deum
1327 2587 1630 2638 glorificassent.

94 2644 211 2683 Tradi
248 2645 365 2696 igitur
401 2646 441 2684 in
470 2646 639 2685 Ecclesia
667 2661 748 2686 eam
777 2648 989 2687 doctrinam
1016 2654 1179 2701 oportet,
1205 2655 1247 2689 ut
1274 2664 1382 2703 quem
1412 2652 1533 2691 Deum
1561 2666 1630 2691 no-

94 2716 211 2747 strum
239 2723 321 2749 esse
349 2711 551 2757 credimus,
578 2712 735 2750 eundem
764 2726 912 2764 quoque
938 2718 976 2752 et
1002 2713 1204 2754 Dominum
1234 2722 1406 2755 nostrum
1434 2731 1514 2756 esse
1538 2731 1628 2756 con-

93 2774 277 2814 fiteamur.
317 2775 439 2815 Docet
477 2781 600 2815 autem
640 2777 796 2829 ipsemet
831 2778 945 2824 Deus,
980 2793 1053 2831 qua
1089 2780 1129 2818 id
1165 2781 1310 2820 ratione
1346 2796 1366 2820 a
1403 2783 1514 2821 nobis
1552 2784 1632 2822 fieri

93 2843 280 2890 oporteat,
317 2844 358 2879 ut
394 2854 433 2879 se
470 2840 674 2880 Dominum
705 2847 876 2880 nostrum
905 2856 985 2882 esse
1011 2848 1205 2891 testemur,
1232 2847 1366 2885 timore
1393 2847 1570 2886 nimirum
1598 2851 1634 2887 et

96 2901 328 2943 obedientia.
388 2905 445 2944 De
473 2905 610 2945 timore
637 2907 713 2946 ait:
750 2907 791 2946 Si
818 2921 886 2959 ego
915 2907 1112 2957 Dominus,
1141 2910 1202 2949 ubi
1232 2911 1345 2950 timor
1371 2925 1486 2958 meuS,
1511 2933 1561 2943 --
1589 2913 1634 2953 de
