1818 3178
195 152 266 188 358

195 260 304 298 nobis
332 259 555 305 reiiciamus,
569 281 620 287 -—
647 258 741 296 nihil
768 272 855 296 sane
873 259 1008 296 mirum
1026 264 1094 304 est,
1111 261 1299 309 graviores
1321 261 1388 299 Dei
1405 263 1535 312 plagas
1556 262 1714 300 subinde

194 325 372 375 conspici,
407 324 472 361 ubi
507 327 572 361 aut
607 336 671 374 per
709 324 950 375 hypocrisim,
986 329 1049 362 aut
1086 325 1197 362 etiam
1232 326 1463 376 negligenter
1489 331 1544 363 est
1570 332 1717 378 recepta

194 389 341 441 publice
368 388 567 436 Euangelii
594 388 778 433 doctrina,
810 401 922 438 quam
949 388 1014 425 ubi
1039 389 1163 439 palam
1189 403 1311 427 errore
1336 389 1479 435 iudicii,
1505 394 1547 428 ut
1577 390 1718 428 dictum

195 458 262 496 est,
289 453 463 490 reiectam
490 466 569 490 esse
596 456 681 500 (24)
711 457 870 492 constat.
898 453 1144 504 Posteaquam
1170 444 1287 503 igitur
1312 455 1426 492 tubae
1453 454 1560 492 istius
1588 455 1717 493 Euan-

191 519 331 567 gelicae
367 519 520 567 clangor
554 518 641 555 istic
676 531 825 568 quoque
859 518 958 568 apud
994 531 1060 555 vos
1094 518 1148 555 ita
1184 518 1258 556 iam
1291 519 1472 564 insonuit,
1507 525 1548 557 ut
1584 533 1661 557 non
1697 533 1719 556 a

194 582 296 619 verbi
331 581 514 619 ministris
547 581 673 627 modo,
707 582 913 632 iisdemque
947 582 1129 632 plurimis,
1165 586 1201 620 et
1225 583 1458 633 promiscuae
1484 583 1571 621 item
1598 583 1719 634 plebis

192 647 441 689 multitudine,
483 647 547 684 sed
592 647 640 683 ab
673 647 849 684 universo
884 647 1153 698 propemodum
1187 647 1299 684 etiam
1336 648 1500 685 virorum
1535 648 1741 685 nobilium.

192 710 335 755 ordine,
370 710 563 760 religionis
598 710 819 748 instauratio
855 711 935 761 ipsa
972 711 1121 761 publice
1156 710 1260 748 iuxta
1296 712 1449 748 verbum
1478 711 1548 748 Dei
1575 712 1720 761 flagite-

187 780 260 820 tur,
298 775 462 825 cogitare
494 776 661 826 profecto
692 775 847 818 debetis,
875 775 1072 824 diligenter
1101 775 1207 812 vobis
1234 775 1346 812 tubae
1373 775 1471 821 huic,
1498 776 1549 812 ita
1576 775 1717 826 alioqui

190 840 352 884 sonanti,
378 840 664 878 auscultandum
691 853 783 885 esse,
820 844 855 877 et
883 840 1101 885 cavendum,
1128 853 1174 877 ne
1201 844 1322 877 vestra
1349 840 1584 889 potissimum
1615 841 1722 890 culpa

191 905 268 948 fiat,
303 909 357 948 ut,
384 905 485 955 quod
514 905 621 942 vobis
647 904 810 953 gratuito
840 904 909 941 Dei
937 904 1116 941 beneficio
1145 903 1191 941 ad
1220 908 1377 941 vestram
1404 904 1571 954 ipsorum
1599 908 1633 942 et
1660 909 1721 941 to-

191 969 265 1006 tius
302 969 393 1006 adeo
431 969 573 1020 patriae
609 971 764 1007 salutem
794 968 955 1009 offertur,
982 968 1084 1018 quod
1111 968 1159 1005 ad
1187 967 1306 1005 Deum
1334 967 1483 1018 quidem
1510 967 1656 1014 attinet,
1684 968 1722 1005 id

195 1033 341 1070 demum
381 1033 486 1071 cedat
521 1047 585 1084 per
621 1038 783 1071 vestram
809 1033 1119 1082 ingratitudinem
1147 1033 1194 1069 ad
1222 1037 1380 1069 vestram
1408 1032 1574 1080 ipsorum
1600 1037 1635 1070 et
1663 1036 1722 1069 to-

191 1098 266 1134 tius
292 1098 435 1148 patriae
463 1099 721 1137 calamitatem.
776 1098 822 1135 In
851 1098 959 1135 vobis
987 1110 1146 1148 namque
1173 1097 1213 1134 id
1240 1102 1296 1134 est
1322 1096 1361 1134 in
1389 1097 1518 1147 primis
1545 1097 1723 1147 positum,

194 1162 237 1208 si,
273 1163 362 1199 dum
405 1163 566 1213 publicis
611 1163 696 1200 istic
732 1163 839 1212 regni
872 1163 988 1200 totius
1028 1161 1195 1199 consiliis
1229 1175 1295 1212 pro
1334 1167 1476 1199 vestrae
1513 1162 1720 1200 vocationis

192 1228 450 1279 praerogativa
483 1228 676 1279 praeestis,
713 1228 860 1264 divinae
897 1240 963 1264 vos
1000 1226 1061 1263 hic
1099 1225 1284 1263 voluntati
1322 1226 1361 1262 in
1391 1225 1585 1262 Senatorio
1616 1228 1723 1263 coetu

192 1296 314 1330 vestro
344 1292 443 1330 haud
472 1293 634 1342 segniter
660 1292 963 1336 accommodetis,
997 1291 1248 1341 maioremque
1276 1290 1347 1327 Dei
1373 1290 1481 1327 vobis
1510 1290 1583 1333 hic,
1610 1303 1722 1340 quam

193 1357 387 1394 hominum
422 1357 605 1395 rationem
640 1357 680 1394 iu
707 1359 792 1405 (25)
828 1356 991 1394 ferendis
1027 1355 1158 1392 vestris
1196 1354 1379 1404 suffragiis
1407 1355 1618 1392 habendam
1644 1368 1725 1393 esse

193 1422 377 1466 statuatis,
412 1434 455 1458 ac
481 1421 621 1470 Regiae
647 1421 845 1464 maiestati,
871 1424 913 1458 ut
940 1420 1039 1457 idem
1066 1419 1190 1463 faciat,
1218 1419 1346 1456 sedulo
1375 1432 1418 1456 ac
1446 1419 1721 1457 consentienter

191 1498 320 1522 omnes
347 1489 495 1523 autores
523 1486 617 1524 sitis.
670 1486 716 1523 Id
744 1485 915 1536 equidem
944 1485 976 1522 si
1002 1484 1194 1535 praestetis
1221 1505 1272 1511 —
1298 1483 1612 1533 quemadmodum
1633 1487 1720 1534 opto

193 1565 235 1589 ac
269 1566 376 1603 spero
404 1557 440 1590 et
466 1567 487 1590 a
516 1553 594 1591 Deo
622 1553 730 1590 vobis
758 1553 867 1590 etiam
897 1553 1052 1603 supplex
1080 1551 1178 1588 votis
1206 1551 1383 1589 omnibus
1397 1564 1541 1603 precor
1566 1573 1616 1581 —-
1642 1555 1723 1589 tum

195 1630 283 1655 sane
316 1617 427 1654 fidem
460 1621 547 1655 ante
582 1614 886 1655 omnia'vestrae
921 1616 1128 1653 vocationis
1166 1615 1328 1652 Domino
1357 1614 1436 1652 Deo
1464 1615 1610 1665 piisque
1635 1615 1723 1652 ubi-

193 1680 286 1717 libet
329 1681 503 1718 omnibus
548 1680 816 1731 approbabitis,
861 1680 1050 1730 publicam
1095 1678 1184 1715 item
1221 1678 1471 1716 calamitatem
1506 1677 1592 1715 istic
1628 1682 1663 1715 et
1701 1691 1722 1715 a

194 1745 301 1782 vobis
337 1745 428 1796 ipsis
466 1749 502 1783 et
530 1759 550 1782 a
577 1746 696 1796 patria
724 1749 804 1782 tota
833 1743 1036 1795 depelletis‚
1063 1748 1099 1780 et
1127 1747 1313 1780 aeternam
1339 1746 1528 1792 praeterea
1555 1742 1720 1779 nominis

193 1810 307 1847 vestri
340 1809 558 1847 memoriam
593 1810 640 1847 ad
675 1822 824 1847 omnem
859 1807 1114 1859 posteritatem
1146 1806 1422 1844 transmittetis.
1478 1806 1543 1843 Sin
1583 1806 1723 1851 minus,

196 1880 274 1911 tum
312 1878 409 1912 certe
444 1878 480 1911 et
506 1874 606 1924 apud
634 1874 754 1911 Deum
781 1873 821 1910 in
850 1874 929 1910 eius
959 1872 1097 1909 iudicio
1127 1875 1163 1909 et
1191 1870 1291 1922 apud
1316 1871 1399 1921 pios
1428 1870 1566 1921 ubique
1593 1884 1723 1908 omnes

194 1938 303 1975 fidem
350 1942 492 1975 vestrae
537 1938 745 1975 vocationis
789 1937 918 1974 multis
955 1936 1172 1974 nominibus
1209 1935 1437 1984 gravabitis:
1475 1938 1598 1972 vestra
1632 1935 1722 1972 item

195 2003 302 2053 eulpa
336 2003 528 2054 publicam
568 2007 604 2041 et
640 2003 746 2040 vobis
782 2002 872 2052 ipsis
907 2004 943 2039 et
979 2000 1051 2039 toti
1077 2000 1219 2051 patriae
1247 2000 1492 2037 calamitatem
1523 2000 1721 2037 accersetis

191 2073 303 2118 atque
337 2072 523 2106 aeternam
552 2068 705 2118 insuper
732 2067 843 2105 etiam
872 2067 1017 2104 nomini
1043 2070 1166 2103 vestro
1196 2069 1324 2103 notam
1352 2064 1452 2115 apud
1477 2078 1627 2102 omnem
1653 2078 1718 2102 ve-

190 2137 305 2170 stram
340 2133 598 2184 posteritatem
633 2133 804 2170 inuretis.
859 2133 966 2170 Certe
1001 2131 1053 2168 id·
1076 2131 1184 2168 vobis
1221 2129 1545 2181 persuasissimum
1584 2129 1720 2168 habere

194 2197 347 2239 debetis,
382 2197 495 2235 tubae
523 2197 624 2234 hunc
651 2196 746 2247 apud
778 2209 842 2233 vos
872 2195 1123 2245 Euangelicae
1150 2195 1225 2231 iam
1255 2195 1479 2243 clangorem,
1507 2207 1601 2244 quae
1627 2194 1721 2231 alio-

192 2261 269 2311 qui.
310 2260 456 2299 etiamsi
495 2261 657 2298 maxime
698 2260 832 2304 velitis,
881 2259 1116 2297 dissimulare
1150 2272 1227 2296 non
1263 2258 1434 2309 potestis,
1472 2258 1716 2295 certissimum

192 2339 271 2363 esse
306 2326 660 2376 pro-(26)dromum
695 2325 780 2362 istic
815 2325 1059 2374 gravissimae
1095 2324 1253 2361 alicuius
1283 2322 1505 2360 calamitatis
1533 2323 1716 2373 publicae,

194 2403 239 2428 ne
274 2390 363 2440 quid
399 2391 550 2440 gravius
579 2391 712 2436 dicam,
740 2389 924 2440 siquidem
953 2393 1113 2426 vestrum
1142 2389 1203 2425 hic
1233 2387 1392 2425 officium
1420 2391 1482 2424 aut
1510 2400 1585 2425 non
1614 2400 1720 2438 prae-

191 2454 309 2500 stetis,
336 2459 400 2492 aut
425 2455 550 2495 etiam,
576 2456 686 2504 quani
713 2467 780 2504 par
807 2458 874 2497 est,
900 2453 1155 2502 negligentius
1183 2451 1390 2503 praestetis

244 2518 303 2555 Ne
335 2531 421 2555 vero
459 2519 549 2556 haec
584 2531 629 2555 ex
664 2531 746 2555 meo
782 2517 899 2568 ipsius
928 2517 1080 2554 cerebro
1107 2517 1274 2567 profecta
1302 2529 1382 2553 esse
1407 2514 1557 2565 putetis,
1584 2514 1717 2552 horum

191 2583 297 2619 vobis
326 2583 492 2620 omnium
519 2583 788 2633 praenuncium
809 2581 1125 2623 commonstrabo,
1145 2581 1432 2631 haudquaquam
1452 2579 1594 2630 alioqui
1615 2593 1720 2618 men-

190 2647 330 2691 dacem,
357 2646 500 2695 regium
528 2647 680 2697 inquam
708 2647 929 2698 prophetam
956 2647 1063 2683 illum
1092 2646 1287 2686 Davidem.
1317 2645 1420 2682 cuius
1450 2644 1620 2681 doctrina
1650 2645 1719 2682 hac

190 2710 230 2748 in
258 2714 362 2760 parte
389 2711 531 2747 utinam
555 2715 634 2748 tam
662 2711 860 2760 diligenter
887 2711 1117 2756 observetur,
1144 2723 1257 2760 quam
1283 2709 1495 2758 frequenter
1511 2708 1551 2745 in
1571 2710 1718 2759 templis

191 2773 381 2811 decantari
415 2774 626 2824 passimque
654 2775 924 2812 demurmurari
954 2774 1160 2812 consuevit.
1213 2773 1252 2810 Is
1281 2784 1440 2821 namque
1466 2777 1653 2822 utrunque
1680 2772 1718 2809 id

191 2838 448 2888 complectitur
484 2838 647 2875 secundo
685 2839 832 2876 Psalmo
872 2851 952 2882 suo,
988 2838 1088 2889 quod
1115 2837 1207 2875 mihi
1235 2835 1332 2887 apud
1361 2848 1426 2872 vos
1454 2848 1522 2884 ego
1550 2840 1719 2873 tractan-

185 2901 270 2939 dum
310 2901 467 2953 suscepi,
505 2915 634 2951 nempe
670 2906 711 2939 ut
737 2902 986 2951 periculorum
1016 2901 1314 2950 magnitudinem
1344 2899 1418 2937 illis
1447 2905 1623 2950 exponat,
1651 2901 1716 2950 qui
