1818 3178
669 149 859 177 Ems'rotA
885 149 937 175 AD
967 145 1120 181 aucam,
1587 131 1659 169 105

127 264 175 290 ne
210 250 298 302 quid
344 249 528 289 eiusmodi
566 250 665 288 domi
702 251 869 302 ipsorum
915 248 1179 300 conspiciatur,
1214 245 1315 298 quod
1350 257 1417 297 pro
1451 242 1662 282 meretricio

128 316 258 355 haberi
292 322 430 368 posset,
463 315 505 353 in
545 329 586 353 ea
621 316 857 367 potissimum
894 315 1056 359 civitate,
1089 314 1128 351 in
1165 326 1238 364 qua
1275 310 1375 350 varia
1413 313 1500 348 sunt
1536 308 1661 346 adhuc

129 380 324 418 hominum
351 379 501 424 iudicia,
530 393 648 431 neque
675 380 721 418 ab
750 392 826 417 uno
854 379 1006 416 homine
1032 377 1235 427 gubernari
1261 378 1431 427 possunt.
1459 377 1494 412 et
1522 373 1562 412 in
1589 387 1661 424 qua

127 448 316 496 praeterea
350 444 486 482 multas
524 444 647 482 adhuc
683 448 833 494 ganeas,
859 443 1121 493 infinitamque
1146 442 1327 479 lenonum
1353 439 1504 478 turbam
1532 451 1659 490 super-

127 522 208 547 esse
245 512 404 547 constat.
459 509 591 560 Neque
627 509 687 547 hic
724 509 877 547 audient
911 507 1170 559 persuasiones
1206 505 1370 551 illorum,
1397 504 1462 555 qui
1491 506 1665 541 ornatum

129 572 315 610 eiusmodi
342 572 610 624 (undecunque
636 573 788 611 tandem
817 573 1032 622 desumptus
1060 572 1173 618 esset)
1201 570 1401 607 honestum
1417 567 1665 606 nihilominus

129 637 231 674 domi
261 640 436 688 paternae
463 639 543 675 fore
570 638 800 682 existimant,
827 637 858 675 si
885 636 1002 687 patris
1028 634 1146 686 ipsius
1168 634 1369 672 autoritate
1391 632 1666 684 comprobetur.

128 702 356 751 Intelligunt
393 703 506 750 enim,
541 716 619 741 non
652 702 723 741 toti
763 715 801 740 se
839 700 979 739 civitati
1018 700 1186 743 omnine,
1213 712 1291 737 non
1317 698 1388 736 toti
1415 698 1569 748 inquam
1598 696 1668 734 Dei

134 767 340 814 Ecclesiae,
377 767 441 806 sed
476 769 575 819 parti
611 768 793 806 duntaxat
829 766 931 803 illius
968 764 1092 810 alicui,
1127 764 1242 802 veluti
1280 763 1407 800 domui
1434 776 1478 800 ac
1505 761 1668 800 familiae

131 832 277 870 cuidam
326 846 515 884 praeesse;
552 837 588 871 et
631 832 800 884 proinde,
835 829 980 869 etiamsi
1019 829 1121 866 domi
1159 841 1246 866 suae
1283 840 1350 879 pro
1393 827 1559 865 honestis
1592 826 1666 863 iam

129 897 259 936 haberi
296 898 459 944 videant,
498 911 593 949 quae
627 898 700 949 ipsi
738 910 804 935 sua
841 895 1039 933 autoritate
1079 893 1397 944 comprobassent,
1435 892 1492 930 sui
1518 891 1667 929 interim

131 963 240 1000 officii
269 976 348 1000 esse
376 967 584 1012 agnoscunt
613 961 766 1013 (qua-(⁹¹⁶
794 962 964 1008 lss)tenus
992 958 1163 1010 equidem
1194 957 1378 995 castitatis
1405 959 1572 994 amantes
1599 969 1667 1006 pu-

130 1026 324 1077 blicaeque
360 1026 568 1064 honestatis
607 1024 763 1063 studiosi
798 1023 928 1061 haberi
957 1023 1119 1069 volunt),
1146 1026 1187 1059 ut
1213 1021 1313 1059 filiae
1341 1021 1455 1066 illius,
1481 1021 1669 1071 totiusque

132 1091 224 1129 adeo
254 1091 416 1129 familiae
445 1104 530 1129 suae
557 1090 804 1135 honestatem,
832 1101 909 1125 non
936 1087 1035 1125 intra
1063 1085 1288 1124 domesticos
1311 1085 1492 1123 duntaxat
1512 1085 1669 1136 parietes

131 1169 231 1202 suos,
269 1157 332 1194 sed
367 1169 433 1208 per
467 1159 585 1193 totam
622 1153 811 1192 civitatem
848 1153 951 1189 illam
988 1151 1098 1189 etiam
1136 1150 1240 1187 omni
1269 1163 1355 1188 cura
1383 1163 1425 1187 ac
1454 1150 1578 1187 studio
1609 1154 1669 1187 tu-

130 1226 275 1266 cantur,
312 1220 482 1271 nihilque
520 1219 622 1256 domi
650 1231 735 1255 suae
764 1216 930 1267 conspici
957 1216 1160 1267 patiantur,
1188 1214 1288 1265 quod
1317 1214 1358 1251 in
1386 1213 1550 1251 eiusdem
1579 1214 1670 1251 civi-

131 1285 219 1323 tatis
256 1284 384 1333 ganeis
421 1296 465 1321 ac
500 1282 745 1333 lupanaribus
780 1280 945 1318 maximo
974 1280 1152 1317 lenonum
1180 1278 1348 1316 omnium
1377 1282 1514 1315 conatu
1542 1291 1584 1315 ac
1612 1283 1670 1328 ty-

131 1349 288 1388 rannide
326 1361 394 1400 pro
431 1348 643 1386 meretricio
682 1347 811 1384 haberi
850 1345 1002 1383 interim
1040 1345 1240 1395 urgerique
1279 1357 1322 1382 ac
1357 1344 1587 1395 propugnari
1615 1344 1669 1381 vi-

132 1415 231 1452 dent.
269 1414 465 1451 Postremo
496 1412 702 1451 cavendum
730 1411 804 1449 sibi
831 1411 953 1449 modis
981 1410 1157 1448 omnibus
1185 1422 1264 1447 esse
1290 1412 1438 1460 putant,
1465 1422 1512 1446 ne
1538 1408 1668 1446 iisdem

129 1480 330 1518 lenonibus
375 1493 538 1525 rursum,
581 1481 645 1516 aut
687 1490 814 1515 eorum
853 1475 1051 1517 similibus.
1085 1475 1202 1512 ullam
1240 1474 1395 1511 omnino
1425 1473 1672 1518 occasionem,

131 1559 198 1598 pro
227 1546 306 1583 iure
342 1545 523 1596 ipsorum,
561 1544 775 1594 relinquant
803 1540 1069 1593 quoquomodo
1096 1539 1346 1591 reposcendae
1374 1540 1471 1576 forte
1499 1538 1670 1589 aliquan-

132 1611 180 1649 do
208 1611 308 1648 filiae
335 1611 438 1648 illius
467 1622 567 1654 suae,
596 1609 628 1646 si
656 1621 750 1659 quae
778 1612 888 1645 notae
915 1607 1050 1653 adhuc,
1076 1606 1206 1655 ganeis
1233 1605 1310 1642 illis
1338 1604 1553 1647 familiares,
1572 1603 1670 1654 apud

131 1677 234 1715 illam
266 1675 585 1726 conspicerentur.
621 1673 704 1711 Iam
732 1686 819 1711 vero
847 1677 888 1710 tu
916 1685 1064 1723 quoque
1093 1684 1187 1708 unus
1215 1684 1253 1708 es
1281 1683 1325 1707 ex
1353 1669 1456 1707 hisce
1483 1668 1671 1706 Ecclesiae

136 1740 207 1778 Dei
243 1739 440 1785 altoribus,
484 1739 564 1776 Rex
604 1737 878 1783 Serenissimel,
914 1749 988 1787 quo
1026 1735 1178 1787 quidem
1205 1735 1356 1772 nomine
1392 1747 1554 1771 summas
1590 1733 1670 1771 Deo

134 1805 237 1843 Patri
273 1808 403 1842 nostro
440 1803 590 1841 coelesti
628 1802 769 1852 gratias
809 1801 965 1851 agimus.
1022 1801 1072 1839 Et
1109 1799 1364 1838 concreditum
1399 1799 1469 1836 tibi
1497 1799 1536 1835 in
1564 1812 1670 1849 prae-

135 1869 285 1907 cellenti
312 1868 509 1906 vocatione
537 1868 607 1905 hac
635 1871 700 1905 tua
729 1880 749 1904 a
777 1866 940 1904 Domino
964 1866 1044 1904 Deo
1066 1866 1393 1903 Sacramentorum
1411 1864 1672 1906 ministerium,

135 1933 252 1972 veluti
286 1932 403 1970 filiam
440 1931 643 1982 quandam,
677 1944 696 1969 e
733 1931 863 1980 ganeis
906 1931 979 1968 iam
1017 1930 1223 1981 papisticis,
1258 1929 1304 1966 ad
1342 1941 1434 1979 quas
1473 1928 1669 1978 abreptum

137 1999 272 2043 fuerat,
298 1997 338 2034 in
367 2000 452 2034 tuas
480 2007 630 2033 rursum
657 1994 766 2032 aedes
794 1994 952 2042 (Divino
981 1994 1196 2041 beneficio),
1224 1993 1296 2030 hoc
1324 1997 1390 2036 est,
1416 1993 1455 2028 in
1482 2004 1610 2029 curam
1630 2004 1672 2028 ac

138 2063 246 2111 cu—(*
275 2060 500 2109 1¹³)stodiam
545 2065 647 2098 tuam
682 2059 925 2097 domesticam
961 2059 1155 2097 reductum
1201 2058 1329 2096 habes.
1386 2057 1472 2095 Qua
1509 2069 1596 2093 sane
1632 2057 1671 2093 in

139 2132 243 2179 parte
280 2139 357 2164 non
394 2125 585 2174 vulgarem
619 2128 770 2162 tuorum
805 2123 917 2161 fidem
961 2123 1194 2172 diligentiam
1222 2135 1265 2159 ac
1293 2120 1549 2159 dexteritatem
1577 2133 1674 2157 nun-

139 2204 250 2243 quam
302 2189 392 2227 satis
429 2188 574 2226 laudari
609 2201 732 2238 posse,
760 2201 867 2225 nemo
905 2200 1042 2237 negare
1077 2190 1212 2238 potest.
1266 2185 1343 2223 Hic
1386 2188 1426 2223 tu
1460 2185 1576 2234 igitur
1604 2184 1674 2222 tibi

141 2267 291 2307 quoque
327 2252 557 2304 sequendum
593 2265 671 2289 esse
699 2251 896 2300 cogitabis,
921 2252 960 2289 in
989 2252 1061 2295 his,
1087 2264 1180 2302 quae
1207 2250 1330 2288 adhuc
1357 2253 1512 2295 restant,
1535 2262 1673 2300 propo-

143 2321 259 2358 situm
294 2318 369 2356 iam
409 2317 500 2355 boni
527 2316 692 2368 parentis
721 2317 932 2367 exemplum
968 2316 1007 2354 in
1034 2315 1172 2354 tuenda
1201 2314 1374 2352 reductae
1401 2314 1512 2360 filiae,
1538 2314 1674 2351 totius-

143 2400 214 2438 que
249 2385 340 2424 adeo
376 2383 538 2421 familiae
573 2386 658 2420 tuae
694 2382 846 2432 publica
883 2381 1088 2426 honestate,
1116 2393 1189 2418 non
1220 2383 1366 2417 tantum
1392 2379 1432 2416 in
1459 2392 1575 2428 regno
1605 2378 1676 2415 hoc

141 2456 208 2490 tuo
248 2448 529 2493 florentissimo,
564 2446 628 2485 sed
653 2447 693 2484 in
722 2446 905 2485 catholica
933 2446 1044 2484 etiam
1074 2445 1215 2483 Christi
1242 2443 1422 2490 Ecclesia,
1450 2444 1554 2481 cuius
1581 2443 1675 2481 alio·

143 2515 210 2567 qui
250 2517 286 2552 et
329 2514 408 2564 ipse
443 2512 533 2550 civis
568 2525 606 2549 es
641 2511 793 2562 eiusque
828 2515 970 2561 partem
1006 2509 1304 2561 pulcherrimam,
1339 2508 1454 2546 veluti
1489 2508 1675 2556 insignem

143 2579 245 2617 illius
281 2578 475 2623 familiam,
510 2576 580 2614 tibi
618 2575 870 2613 concreditam
898 2575 1024 2613 habes.
1080 2574 1168 2611 Hoc
1196 2586 1281 2611 vero
1310 2573 1377 2611 abs
1403 2577 1440 2611 te
1467 2573 1518 2624 pii
1548 2585 1676 2609 omnes

141 2648 224 2683 toto
263 2645 354 2681 orbe
391 2642 605 2681 Christiano
645 2644 853 2691 expectant.
907 2640 959 2677 Et
994 2639 1142 2690 quidem
1179 2643 1284 2676 tanto
1313 2638 1452 2675 maiore
1482 2637 1679 2682 desiderio,

146 2713 286 2760 quanto
315 2709 522 2746 maioribus
550 2712 658 2757 atque
687 2705 1013 2743 excellentioribus
1041 2703 1149 2741 donis
1168 2708 1205 2742 te
1224 2717 1244 2741 a
1264 2703 1428 2741 Domino
1448 2702 1526 2739 Deo
1546 2708 1676 2739 nostro

148 2778 336 2820 ornatum,
371 2787 415 2811 ac
452 2772 670 2810 sublimiore
707 2771 818 2809 etiam
855 2783 964 2820 supra
1000 2769 1092 2807 alios
1129 2771 1205 2807 fere
1241 2782 1368 2806 omnes
1396 2769 1479 2804 loco
1516 2768 1678 2817 positum

153 2852 231 2877 esse
268 2853 344 2876 non
381 2840 577 2889 ignorant:
616 2850 747 2887 nempe
789 2840 828 2873 ut
857 2836 1182 2873 Sacramentorum
1208 2834 1468 2874 ministerium,
1495 2832 1680 2870 illecebris

150 2902 369 2942 meretriciis
405 2902 446 2940 in
482 2915 598 2954 papae
633 2900 761 2951 ganeis
809 2898 1071 2938 nefandissime
1112 2900 1361 2951 profanatum,
1396 2897 1498 2935 omni
1532 2897 1681 2936 illarum
