1818 3178
181 146 228 173 Lx
235 144 341 172 xvlll
809 137 1046 165 PRAEFATIO.

175 247 241 287 vix
270 245 366 287 satis
396 243 636 300 praedicare
666 255 852 296 possum.
898 238 969 282 Sic
999 239 1111 280 enim
1142 239 1289 294 patria,
1322 252 1447 294 quam
1477 236 1607 294 diligo
1636 245 1677 281 et

172 329 361 367 veneror,
393 313 577 357 Ecclesia
604 312 1034 365 vetustissimaesqua
1064 324 1164 352 usus
1193 316 1267 362 est,
1290 310 1568 361 confessionis,
1591 325 1674 352 non

175 386 403 428 versionem
453 389 627 434 tantum,
675 382 745 424 sed
787 381 1066 424 authenticam
1109 386 1152 422 et
1195 382 1425 436 genuinam
1456 380 1677 422 editionem

171 458 309 506 latino,
343 471 425 511 quo
455 469 608 496 excusa
638 453 728 502 suit,
759 468 950 495 sermone
981 451 1143 493 tandem
1167 451 1442 507 recuperavit.
1475 451 1677 493 Asservat

170 527 507 584 pretiosissimum
538 525 652 567 hunc
681 524 867 566 libellum
901 523 1116 566 Trinitatis
1145 521 1341 579 collegii,
1369 522 1480 578 quod
1501 522 1678 564 Dublini

170 605 242 649 est,
281 596 537 646 bibliotheca,
591 595 669 652 [n0.
701 595 754 637 F.
786 596 854 637 00.
886 595 955 637 48.
986 593 1039 635 Ν.
1072 593 1133 649 8],
1166 592 1362 649 huncque
1392 607 1493 649 prae
1524 608 1566 635 se
1596 593 1677 635 fert

170 668 334 710 titulum
364 666 602 709 Confessio:

229 739 499 793 Compendium
537 738 759 780 Doctrinae
797 738 844 779 de
884 751 977 778 vera
1017 736 1213 791 unicaque
1243 735 1325 777 Dei
1354 741 1394 778 et
1428 736 1578 778 Christi
1607 737 1678 778 Ee-

169 812 302 863 clesia,
347 811 506 865 eiusque
537 811 617 864 fide
661 814 701 850 et
744 808 1000 863 Confessione
1042 822 1171 860 pura:
1201 808 1243 848 in
1276 822 1354 862 qua
1379 809 1676 861 pereyrinorum

170 883 349 924 Ecclesia
398 881 565 922 Londini
606 881 798 922 instituta
839 884 908 930 est,
950 879 1171 920 autoritate
1201 883 1321 934 atque
1351 893 1511 921 assensu
1539 893 1677 920 sacrae

169 954 390 995 maiestatis
419 953 568 1005 reqiae,
591 966 702 1007 quem
738 951 853 992 Deus
888 951 975 1003 Opt.
1008 950 1122 993 Mam.
1151 951 1207 991 ad
1232 951 1440 1003 simulare
1470 950 1675 992 Ecclesiae

171 1038 267 1065 suae
290 1024 406 1065 decus
435 1028 704 1065 ornamentum
734 1024 790 1063 ad
816 1021 1084 1078 defensionem
1117 1024 1204 1074 (per
1229 1021 1565 1074 qratiam-suam)
1596 1036 1675 1064 ser-

169 1100 233 1136 vet
258 1096 448 1148 quberrzet
478 1099 517 1136 et
532 1095 738 1150 fortunet.
767 1099 903 1135 Amen.
946 1093 1030 1134 Una
1061 1107 1146 1133 cum
1172 1093 1348 1144 publicis
1368 1093 1552 1146 precibus
1572 1093 1676 1135 eius-

174 1172 257 1211 dem
287 1169 502 1210 Ecclesiae.
534 1169 682 1210 Manli.
717 1168 783 1218 18,
823 1167 900 1212 Qui
929 1181 994 1208 vos
1022 1166 1178 1220 recipit,
1210 1182 1270 1208 me
1299 1168 1456 1220 recipit.
1487 1168 1675 1216 Londini,

174 1241 444 1291 excudebatur,
476 1240 519 1281 in
554 1240 716 1293 Officina
748 1238 938 1291 Stephani
969 1238 1224 1280 Mirdmanni
1247 1237 1356 1280 1551
1380 1237 1429 1294 ¹).
1461 1240 1578 1291 (Cam
1591 1238 1679 1292 pri-

174 1312 316 1365 viteqio
346 1313 401 1353 ad
427 1312 722 1363 imprimendum
752 1312 907 1361 solum.)
1422 1321 1424 1325 ·

232 1382 461 1437 Inscriptus
491 1387 550 1423 est
579 1380 746 1422 libellus
776 1379 982 1422 Edwardo
1003 1378 1086 1430 VI,
1110 1379 1177 1421 eui
1198 1379 1364 1436 prolixa
1384 1378 1556 1435 epistola
1578 1394 1676 1420 eum

174 1453 374 1495 dedicavit
414 1458 563 1500 noster,
595 1458 635 1492 et
678 1451 729 1493 ad
772 1450 943 1501 calcem,
988 1457 1036 1492 ut
1079 1450 1160 1492 iam
1202 1450 1348 1492 titulus
1378 1450 1509 1500 docet,
1539 1449 1678 1492 brevis

176 1523 385 1565 Ecclesiae
420 1522 753 1578 Peregrinorum
784 1521 992 1577 Liturgia-
1012 1521 1050 1562 ei
1078 1520 1238 1563 adiecta
1269 1528 1343 1564 est.
1403 1521 1568 1577 Reapse
1597 1520 1680 1563 La-

176 1608 291 1636 scum
321 1593 428 1635 hanc
459 1592 769 1636 confessionem
800 1606 1029 1648 agnoscere
1059 1598 1261 1645 autorem,
1293 1592 1515 1643 doctrinae,
1550 1607 1676 1647 quam

178 1664 408 1721 profitetur,
439 1664 605 1719 species,
649 1678 755 1718 quae
794 1670 834 1704 et
864 1663 906 1704 in
936 1677 1092 1719 genere
1123 1669 1163 1704 et
1190 1662 1234 1704 in
1264 1662 1443 1719 singulis
1472 1662 1678 1718 capitibus

177 1735 300 1776 Lasci
342 1740 520 1776 mentem
550 1733 705 1790 ubique
736 1732 907 1784 redolet,
940 1734 1076 1790 magis
1107 1733 1230 1775 etiam
1262 1733 1587 1790 argumentandi
1616 1748 1679 1775 ra-

177 1806 234 1847 tio
264 1811 304 1846 et
348 1804 508 1848 dicendi
551 1805 756 1847 formulae
797 1805 1024 1847 certissime
1053 1804 1274 1848 evincunt:
1307 1805 1417 1861 quod
1447 1812 1586 1848 tamen
1616 1804 1677 1847 di-

177 1877 326 1919 sertius
356 1875 422 1918 hic
451 1875 684 1932 expendere
714 1875 880 1932 longius
909 1882 1015 1918 esset
1043 1876 1249 1932 nimisque
1278 1877 1321 1919 in
1352 1877 1490 1919 devias
1510 1875 1592 1920 nos
1608 1877 1677 1920 ab·

177 1947 358 1998 duceret,
410 1962 539 2002 quare
579 1948 619 1988 in
665 1947 791 2003 ipsius
820 1949 926 1989 vitae
957 1948 1238 1989 narrationem
1271 1948 1311 1989 id
1342 1948 1511 1992 differre
1540 1951 1677 2005 potius

177 2017 368 2059 duximus
389 2018 435 2074 2).

235 2089 407 2140 Latina,-
440 2095 639 2144 quantum
688 2090 784 2141 scio,
832 2089 956 2133 editio
993 2092 1139 2135 iterata
1178 2108 1262 2135 non
1308 2099 1380 2134 est.
1440 2092 1679 2149 Pergamus

177 2161 304 2217 igitur
342 2159 393 2202 ad
430 2162 616 2214 betyicam
645 2162 868 2222 versionem,
902 2177 1007 2217 quae
1037 2164 1080 2206 in
1111 2164 1190 2207 hoc
1220 2164 1377 2214 libello,
1410 2164 1564 2220 quippe
1594 2164 1677 2206 cel-

177 2232 294 2288 gicae
324 2230 533 2274 Ecclesiae
561 2231 774 2283 destinato,
808 2233 1019 2288 peculiare
1041 2235 1164 2278 habet
1183 2242 1458 2278 momentum.
1488 2233 1678 2279 Debetur

176 2316 225 2344 ea
254 2302 364 2343 curis
392 2308 515 2357 atque
546 2302 688 2344 studiis
716 2303 959 2346 nobilissimi
981 2306 1188 2358 Gandavi,
1211 2305 1391 2348 IoANms
1412 2305 1675 2356 UTENHovn,

178 2373 250 2428 qui
276 2372 361 2427 ipse
387 2372 558 2414 totidem
585 2373 662 2415 hoc
684 2379 860 2417 testatur
890 2375 1024 2418 verbis
1054 2378 1095 2419 in
1136 2378 1394 2434 praefatione
1425 2374 1676 2419 catechismi

178 2442 474 2485 Londinensis:
512 2463 533 2490 rs
556 2442 696 2494 Quem
730 2443 918 2502 (Catech.
951 2449 1023 2503 sc.)
1054 2449 1102 2490 iis
1133 2449 1369 2506 petentibus
1399 2450 1485 2505 ipse
1514 2447 1677 2505 belgice

219 2606 244 2644 ¹)
268 2605 351 2636 Hinc
375 2608 504 2647 apparet
527 2607 678 2638 erravisse
694 2609 741 2639 Cl.
758 2610 894 2641 Vcncma
911 2611 1039 2652 eiusque
1055 2613 1224 2644 autoritate
1240 2613 1288 2644 Cl.
1303 2612 1414 2650 Vinke,
1431 2612 1485 2654 qui
1502 2622 1583 2642 auno
1596 2611 1678 2643 1550

175 2671 242 2690 eam
259 2660 374 2690 editam
391 2660 486 2691 fuisse
503 2661 669 2701 perhibent
685 2663 732 2695 Cf.
756 2664 912 2702 Vennum,
936 2677 965 2698 o.
987 2667 1008 2697 l.
1031 2667 1104 2699 VII.
1128 2668 1199 2699 252.
1221 2669 1393 2706 HERINGA,
1419 2668 1514 2700 Kerk.
1539 2667 1679 2699 Raadvr.

176 2725 206 2755 p.
223 2715 292 2746 285.
312 2715 405 2756 Quod
424 2726 450 2748 a.
475 2716 553 2746 1555
577 2717 874 2758 adeigismundum
897 2721 1008 2752 scribit
1023 2722 1041 2753 ὲ
1055 2723 1154 2754 Lasco
1178 2727 1279 2761 „ante
1300 2724 1543 2766 quinquennium
1557 2723 1680 2754 editae''

176 2769 220 2799 sic
251 2769 489 2810 intelligendum
518 2772 575 2808 est,
605 2782 672 2801 cam
702 2783 729 2804 a.
759 2774 838 2805 1550
870 2785 1013 2808 excusam
1042 2780 1072 2808 et
1104 2778 1196 2809 initio
1230 2778 1305 2809 anni
1337 2779 1497 2820 sequentis
1519 2778 1553 2810 in
1574 2778 1678 2809 lucem

177 2823 272 2853 fuisse
294 2824 420 2856 editam.

218 2878 243 2915 ²)
267 2878 313 2909 Cf.
340 2880 517 2918 chnomr,
540 2880 698 2921 Apoloqie.
723 2882 811 2914 1558.
836 2884 857 2916 f.
880 2884 940 2915 149
964 2889 1073 2923 „want
1095 2887 1145 2918 het
1166 2887 1227 2927 aijn
1249 2888 1347 2920 werck
1370 2888 1397 2920 is
1419 2888 1452 2918 in
1474 2888 1498 2920 't
1519 2887 1642 2928 latzgjnss’
