1818 3178
229 95 302 130 400
726 111 939 141 RESPONSIO
968 116 1061 145 ADV.
1093 119 1259 150 HOSIUM.

225 205 255 242 si
290 219 350 244 me
385 208 464 245 vult
498 209 686 260 impetere,
712 225 757 250 ex
792 215 884 252 meis
919 230 977 254 me
1013 220 1160 270 scriptis
1187 221 1352 274 impetat,
1381 239 1455 265 non
1484 240 1526 266 ex
1556 230 1747 270 mendaci·

223 269 293 308 bus
322 271 516 310 calumniis
545 274 854 317 obtrectatorum.

827 407 1091 448 Articulus
1120 414 1155 450 5.

273 545 290 562 n
304 529 343 567 Si
381 530 551 569 Christus
587 538 643 572 est
680 535 833 587 ubique,
868 550 959 588 ergo
997 545 1052 578 est
1087 545 1123 580 et
1158 544 1258 595 apud
1293 546 1434 587 inferos
1467 553 1503 588 et
1530 550 1570 589 in
1596 551 1744 591 inferno

221 594 349 644 uapud
386 594 608 637 Daemones.
662 599 756 638 Inde
793 603 975 652 sequitur,
1011 618 1139 644 omnes
1174 608 1309 660 impios
1345 617 1380 650 et
1415 613 1626 654 Daemones
1666 631 1745 656 esse

220 659 411 699 “salvos'ss

837 731 1128 784 Responsio,

265 853 304 890 Si
342 853 463 892 verbis
500 856 590 895 meis
626 858 798 897 recitaret
835 859 998 900 Alberus
1034 876 1154 902 meam
1187 866 1529 918 ratiocinationem,
1556 885 1614 911 res
1641 878 1740 913 esset

212 918 420 969 perspicua,
466 921 530 959 sed
574 921 626 960 ita
672 923 869 964 detruncat
906 930 941 964 et
979 927 1126 967 demum
1164 931 1361 971 confundit
1402 936 1540 983 omnia,
1585 942 1625 976 ut
1662 952 1739 978 non

212 986 288 1019 tam
327 983 499 1034 equidem
536 990 705 1025 nostram
741 987 964 1038 doctrinam,
993 1006 1104 1044 quam
1137 1007 1223 1033 suas
1250 995 1368 1047 ipsius
1397 1000 1602 1040 calumnias
1629 1016 1742 1042 accu-

211 1051 280 1085 set.
332 1048 388 1085 Ea
416 1062 502 1087 vero
529 1055 584 1089 est
612 1052 782 1092 doctrina
809 1060 952 1101 nostra,
980 1062 1019 1095 ut
1047 1059 1349 1109 immensitatem,
1377 1077 1453 1102 non
1482 1078 1571 1104 sane
1600 1067 1741 1107 Christi

211 1111 366 1151 Domini
393 1114 512 1162 (hunc
538 1116 637 1154 enim
664 1123 699 1156 et
725 1118 847 1157 Deum
872 1122 1011 1172 pariter
1039 1127 1075 1161 et
1094 1124 1283 1165 hominem
1302 1128 1442 1180 ubique
1457 1143 1537 1168 esse
1553 1132 1737 1172 credimus

209 1180 320 1228 atque
355 1178 466 1217 etiam
502 1180 734 1231 adoramus),
762 1184 825 1221 sed
856 1187 1021 1237 eorporis
1048 1188 1178 1239 ipsius,
1203 1191 1328 1241 palam
1354 1206 1623 1244 oppugnemus.
1654 1199 1737 1246 (21)

209 1241 257 1279 In
293 1244 546 1293 oppugnanda
582 1246 699 1295 igitur
733 1248 983 1289 immensitate
1020 1252 1092 1290 ista
1131 1267 1209 1292 non
1244 1256 1297 1294 ita
1331 1258 1476 1308 pridem
1515 1259 1662 1299 invecta
1689 1262 1739 1300 ad

209 1306 310 1344 hunc
347 1308 499 1345 modum
534 1315 852 1359 argumentamur.
907 1315 946 1351 Si
985 1316 1124 1355 Christi
1160 1318 1314 1358 Domini
1343 1334 1477 1373 corpus
1505 1328 1560 1362 est
1586 1325 1738 1376 ubique,
1792 1344 1793 1347 ¹

208 1384 296 1408 sane
331 1375 366 1409 et
402 1373 597 1412 coelestem
630 1375 732 1414 illius
758 1378 929 1426 gloriam,
956 1380 994 1417 in
1023 1394 1133 1431 quam
1161 1390 1216 1420 est
1243 1391 1488 1437 assumptum,
1514 1388 1571 1426 illi
1596 1390 1736 1441 ubique

208 1435 448 1475 coniunctam
475 1452 553 1476 esse
580 1444 739 1490 oportet,
774 1442 848 1479 nisi
876 1444 907 1481 si
935 1456 1069 1496 corpus
1096 1446 1218 1498 ipsum
1248 1450 1389 1488 Christi
1412 1451 1567 1491 Domini
1585 1459 1734 1493 aeterno

205 1499 280 1536 iam
316 1501 486 1538 coelestis
523 1515 609 1540 suae
635 1503 778 1552 gloriae
806 1506 1002 1556 splendore
1039 1510 1160 1547 denuo
1201 1513 1361 1562 spoliare
1388 1515 1558 1555 velimus.
1611 1518 1736 1567 Igitur

205 1568 389 1616 quatenus
427 1566 567 1605 Christi
603 1567 761 1608 Domini
800 1583 934 1622 corpus
962 1573 1087 1624 ipsum
1115 1580 1170 1613 est
1197 1577 1351 1628 ubique,
1380 1579 1432 1617 sic
1461 1585 1502 1618 ut
1529 1586 1565 1619 et
1593 1582 1638 1619 ab
1666 1583 1737 1621 im-

204 1631 274 1682 piis
311 1635 347 1668 et
384 1645 403 1669 a
438 1631 694 1672 Daemonibus
723 1636 872 1674 excludi
900 1651 976 1675 non
1002 1640 1132 1690 possit,
1169 1642 1349 1681 hactenus
1377 1645 1488 1683 etiam
1517 1660 1635 1698 neque
1662 1648 1733 1687 im-

203 1697 285 1747 pios
312 1711 454 1744 omnes,
482 1712 601 1750 neque
628 1700 730 1751 ipsos
757 1702 849 1739 adeo
879 1702 1089 1742 Daemones
1117 1719 1137 1743 a
1167 1708 1337 1746 coelestis
1365 1710 1508 1759 gloriae
1536 1713 1733 1762 splendore

202 1762 241 1799 in
271 1763 411 1800 Christi
439 1764 592 1802 Domini
620 1778 774 1817 corpore
802 1768 950 1806 excludi
976 1783 1096 1820 posse.
1128 1772 1277 1811 Certum
1306 1779 1427 1813 autem
1448 1780 1514 1823 est,
1534 1778 1730 1817 coelestem

203 1828 370 1878 corporis
409 1828 547 1867 Christi
584 1830 744 1879 gloriam
773 1845 892 1883 neque
919 1834 966 1871 ad
995 1835 1130 1886 impios
1158 1850 1279 1889 neque
1306 1839 1354 1877 ad
1382 1840 1589 1880 Daemones
1618 1844 1732 1891 perti-

202 1904 288 1929 nere
314 1892 391 1930 ullo
421 1894 546 1932 modo.
585 1895 678 1932 Tam
709 1909 843 1933 vanum
873 1910 950 1935 esse
977 1898 1092 1948 igitur
1121 1908 1371 1941 commentum
1399 1905 1470 1942 hoc
1498 1906 1542 1944 de
1567 1907 1726 1946 immen-

200 1955 307 1995 sitate
336 1958 501 2009 corporis
531 1959 684 2005 Christi,
720 1974 831 2012 quam
858 1967 915 2001 est
941 1977 1089 2011 vanum,
1119 1967 1289 2006 coelestis
1312 1969 1455 2018 gloriae
1480 1973 1732 2022 splendorem,

200 2034 274 2072 quo
303 2022 442 2060 Christi
477 2023 633 2061 Domini
669 2037 801 2077 corpus
838 2027 911 2065 iam
949 2028 986 2067 in
1017 2034 1210 2069 aeternum
1246 2033 1396 2081 relucet,
1438 2035 1485 2072 ad
1521 2036 1655 2088 impios
1692 2042 1728 2077 et

199 2085 408 2125 Daemones
448 2088 522 2125 ullo
549 2088 662 2126 modo
689 2091 886 2141 pertinere.
941 2092 1047 2131 Haec
1074 2095 1226 2146 inquam
1254 2101 1310 2136 est
1336 2104 1464 2138 nostra
1492 2103 1578 2150 (22)
1607 2104 1724 2141 ratio-

199 2151 349 2198 cinati0‚
385 2166 496 2203 quam
532 2153 675 2192 Hosius
713 2155 842 2202 diluat,
870 2157 902 2194 si
928 2162 1063 2208 potest.
1097 2160 1194 2198 Nam
1231 2162 1278 2200 ad
1306 2163 1429 2214 ipsum
1456 2168 1491 2203 et
1520 2179 1621 2213 suos,
1648 2181 1721 2206 non

196 2216 320 2254 minus
355 2231 465 2269 quam
502 2219 548 2256 ad
585 2219 782 2258 Albcricos
808 2223 981 2272 pertinet,
1011 2237 1095 2262 cum
1129 2230 1164 2263 et
1191 2227 1378 2278 Papistica
1405 2230 1722 2270 transubstantia-

196 2281 260 2326 tio,
288 2282 442 2332 perinde
469 2287 581 2335 atque
607 2285 870 2332 Alberieorum
899 2288 1250 2338 consubstantiatio‚
1277 2292 1356 2331 sine
1382 2293 1632 2334 immensitate
1651 2296 1723 2335 ista

196 2347 362 2397 corporis
391 2347 531 2386 Christ-i
559 2349 708 2387 defendi
736 2351 1021 2404 haudquaquam
1048 2356 1179 2405 possit.

794 2482 1055 2521 Articulus
1084 2487 1118 2523 6.

246 2605 355 2642 nUbi
392 2606 562 2646 Christus
591 2613 659 2654 est,
686 2609 739 2647 ibi
766 2615 822 2649 est
849 2612 926 2650 eius
953 2615 1135 2664 potentia.
1183 2615 1255 2654 Sed
1284 2616 1455 2655 Christus
1484 2623 1538 2656 est
1568 2619 1717 2672 ubique,

195 2669 364 2720 rubique
401 2670 517 2719 igItur
549 2678 605 2710 est
641 2674 718 2712 eius
745 2677 926 2726 potentia.
983 2677 1132 2716 Quodsi
1160 2680 1298 2731 ubique
1325 2686 1379 2719 est
1405 2684 1573 2732 potentia
1602 2685 1717 2731 illius,

193 2746 312 2782 vergo
344 2738 399 2771 est
435 2738 471 2772 et
507 2737 601 2786 apud
632 2737 813 2784 infideles,
839 2745 875 2778 et
901 2754 1031 2779 omnes
1060 2742 1268 2782 Daemones
1297 2749 1384 2782 sunt
1409 2746 1608 2798 participes
1646 2762 1713 2799 po-

193 2815 210 2831 u
224 2799 360 2836 tentiae
386 2799 527 2839 illius''.
