1818 3178
750 115 808 142 ΕΡ.
837 111 981 139 120ch.
1561 94 1632 131 519

101 233 144 268 ut
174 241 243 267 nos
273 240 293 265 a
320 222 482 277 peccatis
508 220 694 259 redimat?
721 230 764 256 ac
782 229 857 255 non
878 213 1002 266 potius
1025 215 1065 250 ut
1081 210 1293 262 redemptos
1311 209 1386 247 iam
1407 206 1627 246 mundatos-

100 307 173 345 que
200 304 279 330 esse
305 291 460 328 testetur
489 299 553 337 per
583 282 800 321 Christum?
830 280 918 318 Quo
946 281 1055 329 pacto
1085 289 1171 314 vero
1201 288 1277 314 non
1305 274 1445 312 tinctos
1472 285 1493 310 a
1512 271 1631 309 salute

99 356 285 401 excludat,
330 352 394 404 qui
430 351 546 389 totius
584 347 716 386 mundi
751 349 945 397 peceatum
983 340 1200 379 iamdudum
1237 353 1258 376 a
1295 338 1405 376 nobis
1441 336 1630 375 sublatum

97 421 360 472 expiatumque
396 417 435 453 in
474 413 624 452 Christo
657 424 737 450 esse
773 414 943 451 testatur,
981 419 1137 457 eamque
1164 404 1284 455 ipsam
1312 401 1562 454 expiationem
1590 399 1629 437 in

100 486 211 525 nobis
239 483 416 532 obsignat
442 480 547 517 iuxta
577 476 719 516 Christi
747 472 1052 512 institutionem?
1106 470 1370 519 Contemptum
1397 478 1540 517 semper
1565 478 1631 502 cx-

99 551 211 602 cipio,
246 559 320 599 quo
358 559 427 584 nos
467 543 539 595 ipsi
578 556 598 580 a
637 540 786 579 Christo
823 536 1073 580 excludimus,
1108 534 1196 571 dum
1225 537 1287 571 aut
1316 529 1541 581 negligimus
1569 535 1632 567 aut

101 613 373 653 contemnimus
400 609 501 647 illius
528 605 818 645 institutionem.
868 600 1090 652 Appellatur
1116 597 1265 649 quidem
1293 596 1501 648 baptismus
1529 595 1632 632 lava-

100 693 204 718 crum
240 673 551 727 regenerationis,
588 670 798 722 appellatur
835 666 978 704 ablutio
1015 677 1079 702 seu
1114 662 1285 700 remissio
1322 664 1559 712 peccatorum
1596 662 1633 696 et

101 745 217 782 multa
243 742 283 781 id
309 753 441 789 genus,
468 737 531 775 sed
560 737 631 773 hoc
658 738 714 772 est
742 744 938 770 commune
966 728 1142 766 omnibus
1170 724 1411 764 sacramentis
1440 728 1478 761 ut
1505 735 1631 760 earum

100 821 236 853 rerum,
262 817 419 857 quarum
447 807 534 840 sunt
563 801 796 850 σφραγῖδες,
825 793 1043 833 nominibus
1072 795 1265 835 ornentur,
1292 794 1334 827 ut
1359 793 1465 827 tanto
1494 786 1634 824 maiore

100 871 226 911 studio
254 871 404 908 illorum
433 865 610 916 mysteria
638 861 838 900 nobiscum
866 862 1079 908 reputemus
1107 853 1316 904 animisque
1344 851 1485 890 nostris
1502 849 1632 900 impri-

100 949 259 975 mamus.
314 933 377 971 Sic
414 929 648 969 circumcisio
687 925 817 963 foedus
846 927 1014 965 vocatur,
1040 920 1128 971 quia
1157 917 1319 956 foederis
1348 916 1512 966 sigillum
1543 918 1635 957 erat,

101 996 415 1051 quemadmodum
443 993 579 1031 Paulus
608 995 729 1028 docet.
759 988 821 1024 Sic
848 998 968 1034 agnus
997 982 1184 1035 paschalis
1214 981 1333 1018 Phase
1361 983 1529 1022 vocatur,
1546 977 1634 1028 quia

100 1063 282 1102 transitus
318 1060 420 1097 illius
459 1054 692 1095 admirabilis
720 1051 941 1090 beneficium
969 1049 1008 1086 in
1036 1046 1172 1085 animis
1200 1045 1425 1083 Iudaeorum
1454 1042 1634 1091 obsigna·

105 1130 180 1167 bat.
235 1127 297 1164 Sic
324 1130 360 1163 et
389 1123 596 1174 baptismus
625 1118 761 1156 dieitur
789 1113 1033 1165 regeneratio,
1063 1112 1200 1149 dicitur
1227 1109 1387 1153 ablutio,
1415 1107 1551 1145 dicitur
1578 1120 1636 1144 re-

104 1192 235 1231 missio
269 1193 521 1241 peccatorum,
557 1184 643 1236 quia
671 1187 727 1221 est
754 1184 927 1232 σφρκγὶς
957 1179 1092 1216 horum
1120 1175 1290 1213 omnium
1317 1173 1517 1223 omniaque
1544 1172 1635 1209 haec

104 1258 144 1295 in
182 1255 291 1294 nobis
326 1253 503 1301 obsignat
530 1263 576 1288 ex
604 1246 744 1286 Christi
773 1243 1024 1283 institutione.
1079 1241 1247 1278 Dicimus
1284 1251 1352 1276 nos
1380 1236 1496 1275 inseri
1523 1236 1635 1274 etiam

105 1322 292 1373 baptismo
329 1318 370 1356 in
397 1316 469 1354 Dei
495 1313 717 1357 Ecclesiam,
745 1323 822 1348 non
850 1307 952 1359 quod
980 1310 1068 1345 ante
1097 1304 1324 1355 baptismum
1353 1302 1399 1339 ad
1428 1301 1531 1339 illam
1560 1313 1636 1338 non

105 1386 356 1438 pertineamus
383 1402 433 1411 --
460 1379 621 1431 pertinet
648 1376 749 1415 enim
776 1374 823 1413 ad
853 1372 1061 1410 Ecclesiam
1084 1369 1252 1421 quisquis
1273 1368 1320 1405 ad
1343 1367 1534 1405 Christum
1554 1379 1639 1417 per·

105 1452 200 1490 tinet
234 1449 298 1501 qui
333 1445 523 1485 Ecclesiae
560 1447 670 1494 caput
706 1446 773 1485 est,
810 1444 845 1477 et
881 1438 927 1476 ad
967 1436 1158 1474 Christum
1195 1434 1357 1485 pertinet
1395 1432 1564 1483 quisquis
1591 1431 1638 1468 ad

107 1517 264 1555 salutem
311 1510 520 1551 admittitur
546 1530 596 1538 —
631 1506 695 1545 sed
731 1504 831 1557 quod
869 1502 1075 1554 baptismus
1113 1499 1261 1537 visibile
1298 1497 1347 1534 sit
1382 1495 1640 1534 testimonium

107 1586 258 1620 nostrae
292 1574 522 1618 insertionis,
551 1584 694 1623 nosque
723 1568 920 1607 visibiliter
948 1566 1101 1610 inserat,
1129 1563 1194 1614 qui
1220 1561 1353 1600 merito
1382 1562 1468 1609 (27)
1499 1559 1639 1597 Christi

109 1645 247 1683 dudum
278 1639 420 1691 alioqui
447 1638 494 1677 ad
525 1636 729 1674 Ecclesiam
757 1646 822 1684 per
849 1632 1006 1669 delatam
1038 1629 1147 1666 nobis
1175 1641 1196 1665 a
1224 1626 1355 1664 mundi
1383 1625 1529 1674 origine
1557 1637 1640 1661 cor-

111 1709 213 1761 poris
241 1711 277 1745 et
305 1703 502 1754 sanguinis
532 1701 589 1739 sui
617 1697 916 1737 communionem
947 1693 1189 1732 invisibiliter
1216 1690 1459 1742 pertinemus.
1490 1688 1645 1739 Alioqui

109 1787 183 1826 quo
220 1776 330 1824 pacto
360 1770 438 1807 Eva
465 1764 758 1819 primogenitum
787 1775 893 1800 suum
918 1760 1038 1823 filium
1070 1756 1276 1795 secundum
1304 1755 1426 1792 Deum
1454 1753 1644 1805 possedis-

110 1845 177 1885 set,
213 1851 296 1875 cum
324 1847 442 1886 neque
471 1831 680 1883 baptismus
715 1828 839 1866 adhuc
868 1827 987 1876 ne'que
1016 1821 1251 1861 circumcisio
1279 1820 1471 1858 exstaret?
1499 1818 1646 1856 etiamsi

109 1905 142 1943 is
177 1908 306 1955 postea
343 1914 381 1938 se
407 1898 597 1949 impietate
625 1908 691 1932 sua
719 1908 739 1931 a
767 1893 846 1930 Deo
875 1889 1084 1928 avertisset.
1139 1889 1216 1925 Aut
1244 1898 1318 1937 quo
1346 1890 1456 1936 pacto
1485 1888 1649 1933 gestaret

112 1982 181 2008 nos
218 1966 404 2005 Dominus
441 1964 487 2000 ab
528 1966 634 1999 utero
671 1963 782 2009 atque
818 1970 838 1994 a
878 1955 986 1993 vulva
1022 1954 1102 2004 ipsa
1129 1954 1307 2003 portaret,
1334 1948 1648 2001 quemadmodum

112 2033 293 2086 propheta
339 2029 476 2067 docet?
532 2027 631 2062 Sane
678 2022 862 2073 scriptura
902 2019 1022 2056 Deum
1063 2030 1140 2055 non
1183 2015 1304 2053 solum
1332 2019 1474 2064 ῥύστην
1512 2013 1574 2051 sed
1614 2019 1650 2050 et

115 2095 260 2148 βοηθόν
289 2099 325 2133 et
361 2095 651 2135 ἂντιλήπτωῇα
689 2099 836 2138 quoque
873 2089 1042 2122 nostrum
1080 2081 1171 2119 facit
1207 2081 1320 2131 idque
1357 2080 1404 2117 ab
1441 2079 1524 2130 ipso
1562 2092 1649 2116 mox

115 2168 221 2200 utero
248 2163 410 2197 matrum
439 2158 669 2195 nostrarum,
697 2151 732 2189 h.
761 2163 808 2193 e.,
831 2148 1086 2191 liberatorem,
1104 2144 1363 2182 auxiliatorem
1392 2141 1651 2192 vindicemque

116 2225 247 2265 salutis
285 2228 435 2261 nostrae
463 2233 528 2258 seu
556 2222 795 2256 assertorem.
850 2213 899 2250 Et
928 2212 1102 2249 Christus
1130 2209 1318 2247 Dominus
1347 2207 1393 2246 de
1421 2221 1497 2246 non
1528 2207 1652 2257 bapti-

116 2290 210 2329 zatis
237 2287 449 2326 infantibus
478 2284 543 2330 ait,
571 2282 701 2321 talium
732 2285 788 2318 est
814 2291 972 2327 regnum
1002 2277 1203 2321 coelorum,
1231 2273 1466 2324 acceptisque
1484 2273 1525 2309 in
1547 2272 1654 2309 ulnas

117 2369 216 2402 suas,
253 2367 329 2391 non
356 2353 456 2390 faeta
483 2348 634 2387 interim
662 2344 840 2397 baptismi
868 2342 1068 2386 mentione,
1098 2339 1301 2385 benedixit,
1330 2343 1370 2377 ut
1398 2338 1654 2387 intelligamus

118 2421 306 2472 baptismo
344 2430 420 2456 non
446 2420 524 2454 tam
553 2412 675 2451 offerri
706 2424 773 2449 nos
802 2409 966 2451 Christo,
995 2420 1106 2458 quam
1135 2404 1316 2444 declarari
1343 2404 1481 2456 potius,
1507 2417 1578 2441 nos
1605 2404 1652 2440 ad

118 2486 226 2524 illum
262 2495 404 2526 omnes,
441 2484 523 2531 post
556 2477 783 2516 translatam
820 2474 860 2512 in
886 2473 1008 2524 ipsum
1038 2471 1297 2509 infirmitatem
1329 2473 1509 2516 nostram,
1536 2469 1654 2520 perti-

118 2563 221 2593 nere,
258 2548 289 2585 si
316 2547 394 2585 eius
424 2542 646 2582 beneficium
677 2553 753 2578 non
783 2542 1081 2576 contemnamus.
1137 2536 1197 2572 Ita
1225 2534 1324 2572 enim
1356 2533 1562 2585 baptismus
1590 2532 1657 2570 fini

121 2628 189 2654 suo
224 2614 271 2652 ad
299 2625 407 2664 quem
435 2614 491 2648 est
517 2607 713 2646 institutus
742 2603 996 2655 respondebit,
1023 2601 1061 2640 h.
1090 2615 1134 2644 e.,
1163 2604 1202 2638 ut
1230 2600 1277 2638 sit
1306 2602 1477 2650 σφρκγίς
1506 2599 1656 2636 divinae

122 2692 210 2730 erga
246 2691 314 2716 nos
353 2673 569 2717 voluntatis,
606 2683 678 2723 qua
716 2669 797 2708 vult
826 2669 949 2706 salvos
978 2666 1058 2704 fieri
1086 2666 1186 2704 Deus
1214 2676 1344 2702 omnes
1374 2663 1543 2701 homines
1572 2663 1656 2701 ubi-

123 2756 195 2796 que
229 2742 398 2793 gentium
434 2752 498 2790 per
533 2736 822 2788 promissionem
859 2733 900 2770 in
939 2731 1088 2770 Christo
1118 2730 1391 2779 consignatam,
1418 2728 1482 2779 qui
1509 2739 1657 2765 omnem

126 2808 291 2847 omnium
320 2805 460 2856 ubique
488 2801 682 2840 hominum
711 2798 970 2837 infirmitatem
997 2803 1033 2834 et
1060 2795 1224 2846 portavit
1251 2799 1286 2833 et
1314 2793 1488 2845 expiavit.
1531 2794 1656 2842 Atque

124 2874 171 2912 ‘de
208 2870 382 2923 baptismi
411 2875 542 2908 natura
572 2871 607 2905 et
634 2863 873 2903 institutione
901 2866 1061 2901 tantum.
1119 2861 1231 2899 Nunc
1259 2859 1304 2897 de
1330 2858 1533 2897 infantium
1563 2857 1653 2910 bap-
