1818 3178
157 131 203 166 26
609 137 658 163 ne
684 134 845 161 camsi-1
873 131 1187 160 chRNA'rloNE.

156 238 254 289 quod
281 251 324 276 cx
349 238 410 275 illa
436 236 539 285 gigni
566 235 720 272 deberet.
773 233 904 270 Adfert
929 235 1050 269 autem
1076 232 1241 280 Angelus
1265 231 1457 282 utriusque
1482 230 1559 267 eius
1587 230 1638 268 rei

156 314 313 345 causam,
353 313 395 338 ac
440 298 587 337 modum
629 296 736 334 simul
770 296 962 345 utriusque
995 295 1104 332 etiam
1147 295 1200 332 rei
1234 295 1405 345 exponit3
1440 299 1476 332 et
1521 294 1640 338 docet,

156 364 272 402 Deum
307 365 423 413 ipsum
457 362 492 398 id
519 366 636 398 totum
671 364 904 410 operaturum
938 372 1027 402 esse,
1053 365 1088 396 et
1113 358 1164 395 ita
1192 366 1437 409 operaturum,
1463 364 1504 396 ut
1531 370 1638 396 nemo

154 440 301 478 prorsus
334 438 463 473 negare
497 424 622 473 possit.
657 423 693 459 et
727 435 818 473 opus
852 423 972 472 ipsum
1000 435 1074 460 non
1102 422 1262 460 hominis
1288 435 1378 467 esse,
1406 422 1468 460 sed
1495 422 1575 466 Dei,
1602 421 1639 459 et

155 496 317 527 sanctum
346 487 551 525 hauddubie
577 487 654 523 fore
680 486 790 536 quod,
817 485 894 523 Deo
920 486 999 536 ipso
1027 486 1071 522 ad
1099 486 1198 522 hunc
1224 486 1375 523 modum
1392 490 1577 536 operante,
1594 499 1638 523 ex

155 552 302 598 Virgine
329 554 546 586 nasceretur.
601 549 658 585 Ne
685 553 800 597 putes,
827 550 867 585 0!
895 548 1010 595 virgo,
1035 548 1168 597 inquit,
1195 547 1314 585 Deum
1339 549 1378 585 in
1404 549 1472 585 filii
1498 549 1554 585 sui
1579 548 1638 585 in-

153 613 358 650 carnatione
389 623 541 648 usurum
566 623 643 648 esse
668 611 779 647 ullius
805 610 963 647 hominis
990 610 1085 660 apud
1112 615 1159 653 te,
1185 620 1247 647 aut
1273 611 1381 648 etiam
1409 611 1543 660 Angeli
1568 611 1639 648 mi·

152 674 321 718 uisterio3
358 673 445 709 alibi
482 672 537 708 his
571 672 718 722 quidem
753 672 808 709 uti
844 673 1030 710 consuevit
1064 672 1276 722 plerumque
1311 673 1357 710 ad
1384 672 1640 710 declarandam

151 749 234 784 erga
270 736 441 772 mortales
468 735 693 772 voluntatem
721 735 772 782 (D
801 736 858 782 vb)
885 749 1007 782 suam3
1036 742 1216 772 caeterum
1242 748 1318 772 rem
1343 740 1419 772 tam
1446 736 1639 774 sublimem

150 813 192 837 ac
226 799 294 836 toti
329 812 478 848 prorsus
513 799 651 836 mundo
688 799 903 849 stupendam
936 800 1087 849 ipsemet
1112 799 1151 836 in
1177 803 1213 836 te
1240 799 1462 849 operabitur.
1516 802 1640 850 Atque

149 868 190 900 ut
224 862 292 899 tibi
334 862 502 911 primum,
543 863 672 899 deinde
712 875 795 900 vero
831 863 900 899 toti
934 863 1042 899 etiam
1077 863 1214 899 mundo
1253 867 1406 907 constet,
1442 876 1533 913 opus
1569 864 1639 900 hoc

152 926 334 974 singulare
361 926 474 975 ipsius
497 926 565 963 Dei
591 939 682 976 opus
709 939 797 971 esse,
824 927 908 964 audi
935 940 1029 969 eum,
1056 940 1163 977 quem
1191 927 1281 964 scire
1309 928 1423 976 cupis,
1449 928 1543 965 tanti
1569 929 1638 964 mi—

151 988 273 1025 raculi,
298 989 468 1025 modum:
505 990 660 1026 Sanctus
686 1001 768 1026 ecee
795 989 963 1039 Spiritus,
988 989 1085 1026 idem
1112 1002 1195 1026 cum
1221 990 1328 1027 Patre
1355 991 1502 1028 coelesti
1529 990 1643 1035 Deus,

150 1057 257 1100 atque
291 1051 379 1088 adeo
416 1051 550 1099 digitus
583 1051 830 1101 providentiae
864 1057 899 1089 et
935 1052 1048 1089 virtus
1081 1053 1264 1102 potentiae
1298 1053 1386 1097 eius,
1420 1054 1453 1090 is
1487 1054 1641 1104 ipsemet

150 1113 385 1150 manifestum
420 1114 490 1150 tibi
523 1113 676 1150 Divinae
711 1127 796 1151 suae
828 1115 1051 1163 praesentiae
1086 1115 1231 1163 signum
1268 1116 1382 1159 (labit,
1416 1122 1457 1154 ut
1492 1122 1533 1154 tu
1560 1118 1638 1167 ipsa

149 1176 253 1212 illum
290 1176 359 1213 tibi
394 1176 519 1213 adesse
554 1177 701 1219 sentias,
726 1181 834 1226 atque
859 1177 956 1214 idem
983 1177 1127 1214 demum
1153 1178 1404 1229 omnipotente
1430 1180 1539 1217 etiam
1566 1181 1639 1218 vir-

150 1243 228 1275 tute
263 1252 326 1275 sua
362 1239 498 1282 efficiet,
532 1244 573 1276 ut
606 1239 644 1276 in
683 1240 920 1289 concipiendo
959 1241 1026 1277 hoc
1059 1246 1122 1277 tuo
1150 1242 1225 1278 filio
1255 1243 1332 1278 sola
1358 1243 1484 1280 matris
1511 1244 1641 1289 officio,

154 1300 232 1336 sine
277 1299 344 1335 viri
390 1299 500 1336 ullius
541 1305 691 1341 attactu.
726 1313 806 1337 vere
841 1300 987 1337 interim
1023 1306 1144 1338 tamen
1178 1304 1421 1352 perfungeris.
1475 1304 1543 1341 Est
1570 1305 1640 1342 hoc

152 1362 298 1411 quidem
324 1362 531 1399 inauditum
557 1375 718 1412 prorsus,
745 1376 861 1413 neque
886 1363 965 1413 ipsa
992 1369 1143 1402 naturae
1169 1366 1277 1402 etiam
1303 1367 1361 1403 lex
1385 1367 1577 1405 admittere
1602 1369 1641 1405 id

152 1427 299 1474 quoquo
326 1425 434 1461 modo
461 1437 566 1474 posse
594 1425 754 1472 videtur;
782 1426 843 1463 sed
872 1427 966 1463 cedit
983 1427 1042 1463 hic
1061 1433 1190 1465 natura
1206 1430 1328 1479 opifici
1344 1442 1386 1466 ae
1403 1431 1643 1478 gubernatori

153 1499 230 1524 suo.
275 1487 323 1524 Et
350 1487 459 1531 Deus,
485 1489 548 1537 qui
574 1493 723 1526 naturae
750 1488 930 1526 Dominus
957 1496 1023 1535 est,
1048 1490 1079 1528 is
1105 1496 1226 1541 potest
1250 1492 1430 1543 quidquid
1457 1496 1535 1532 vult
1562 1508 1641 1532 om-

153 1551 253 1588 nino.
307 1551 354 1587 Et
388 1551 551 1600 proinde,
586 1552 892 1602 quemadmodum
916 1557 953 1591 te
980 1554 1024 1591 de
1050 1568 1115 1592 sua
1141 1555 1210 1593 hac
1236 1557 1424 1595 voluntate
1451 1559 1641 1597 certiorem

152 1627 215 1664 per
248 1627 306 1651 me
340 1615 456 1651 facere
481 1615 554 1651 iam
580 1616 708 1658 voluit,
733 1616 784 1653 ita
809 1616 912 1654 iuxta
938 1630 1017 1654 eam
1041 1617 1159 1667 ipsam
1185 1620 1410 1657 voluntatem
1438 1634 1541 1660 suam
1566 1624 1641 1660 effi-

154 1678 222 1714 ciet
257 1677 375 1718 etiam,
410 1690 452 1714 ac
487 1683 624 1715 certum
657 1679 746 1715 adeo
779 1679 849 1716 tibi
883 1680 959 1717 eius
995 1693 1140 1731 quoque
1171 1683 1223 1719 rei
1256 1689 1512 1732 argumentum
1539 1686 1642 1725 dabit

153 1740 359 1777 admirabili
394 1741 536 1778 virtutis
571 1755 655 1779 suae
690 1742 843 1780 Divinae
877 1743 1166 1790 adumbratione,
1199 1753 1242 1783 ut
1274 1747 1429 1797 ipsamet
1462 1752 1498 1786 te
1524 1750 1640 1788 solam

155 1803 342 1852 concipere
376 1803 427 1850 (D
463 1804 532 1850 via)
567 1817 671 1854 posse
706 1805 838 1842 sentias
875 1806 1052 1844 incolumi
1086 1808 1296 1856 virginitate
1332 1815 1406 1855 tua,
1432 1811 1574 1850 etiamsi
1600 1813 1639 1851 id

154 1877 240 1901 usus
268 1873 416 1902 naturae
443 1878 517 1903 non
543 1867 745 1916 permittat3
773 1868 908 1905 frustra
932 1859 1046 1917 igitur
1073 1871 1128 1907 vel
1154 1872 1350 1921 pudicitiae
1377 1874 1436 1911 hic
1462 1879 1545 1913 tuae
1562 1889 1638 1914 me-

153 1932 233 1964 tuas
270 1929 324 1964 vel
358 1929 628 1973 existimationi,
654 1931 728 1967 sive
755 1932 851 1981 apud
879 1945 1053 1982 sponsum
1079 1939 1194 1979 tuum,
1221 1936 1317 1986 apud
1344 1951 1452 1987 quem
1478 1942 1513 1977 te
1540 1939 1640 1977 Deus

151 1990 301 2039 ipsemet
327 1991 426 2028 omni
450 2005 599 2041 prorsus
626 1994 830 2043 suspicione
854 1995 1046 2034 liberabit:
1073 1997 1148 2035 sive
1174 1999 1271 2048 apud
1297 2000 1400 2044 alios,
1426 2002 1523 2052 apud
1545 2015 1638 2053 quos

151 2053 227 2102 ipse
262 2066 415 2103 sponsus
451 2054 583 2092 Divino
619 2057 826 2095 admonitus
861 2060 1005 2097 oraculo
1033 2064 1134 2098 tuam
1159 2063 1322 2100 tuebitur
1349 2064 1576 2114 dignitatem,
1602 2072 1638 2105 et

151 2128 295 2153 omnem
320 2118 374 2154 tui
397 2118 502 2155 istius
528 2120 594 2156 filii
620 2132 743 2157 curam
768 2126 948 2171 praeterea
976 2124 1136 2163 habebit.
1167 2127 1289 2163 Tuum
1315 2140 1424 2177 porro
1452 2135 1519 2173 est,
1539 2131 1636 2169 utin

151 2179 221 2215 fide
256 2186 317 2216 tua
350 2181 531 2229 persistas,
566 2187 612 2225 et,
649 2189 743 2220 certa
778 2185 871 2222 male
902 2186 939 2223 id
975 2187 1043 2224 tibi
1069 2201 1144 2225 non
1170 2202 1277 2239 posse
1305 2191 1441 2235 cedere,
1467 2194 1567 2243 quod
1595 2196 1636 2232 fit

150 2247 275 2279 autore
310 2243 398 2285 Deo,
431 2250 567 2282 metum
593 2259 738 2284 omnem
765 2247 936 2298 deponas.
990 2250 1091 2289 Quin
1117 2253 1239 2302 potius
1266 2258 1302 2292 te
1327 2258 1445 2292 totam
1470 2259 1638 2307 permitte

150 2303 248 2349 Deo;
283 2305 314 2342 is
341 2307 435 2342 enim
464 2307 596 2345 Divina
624 2310 756 2347 virtute
783 2324 847 2349 sua
874 2314 1009 2358 efficiet,
1035 2319 1088 2359 ut,
1115 2317 1183 2354 etsi
1209 2321 1249 2354 tu
1276 2318 1354 2355 viro
1382 2332 1457 2357 non
1486 2321 1635 2369 cognito

149 2368 336 2417 concipere
371 2374 406 2406 tc
441 2383 546 2419 posse
581 2385 654 2409 non
692 2374 877 2424 intelligis,
904 2390 985 2415 vere
1010 2383 1131 2416 tamen
1159 2381 1396 2419 nihilosecius
1420 2383 1460 2420 in
1487 2388 1550 2421 tuo
1577 2385 1636 2435 ip·

148 2429 222 2466 sius
254 2435 356 2468 utero
393 2433 574 2482 concipias
610 2436 725 2473 filium
760 2441 875 2485 tuum,
909 2441 972 2490 qui
996 2441 1092 2479 idem
1119 2443 1166 2480 sit
1192 2457 1338 2495 quoque
1364 2446 1512 2483 interim
1538 2448 1636 2486 filius

147 2490 215 2528 Dei
251 2493 406 2536 futurus,
440 2501 547 2544 atque
574 2497 662 2534 adeo
698 2511 801 2537 verus
826 2500 887 2539 ille
913 2502 1049 2541 dudum
1075 2507 1282 2556 praedictus
1308 2508 1539 2553 Emmanuel,
1565 2510 1635 2548 hoe

145 2558 212 2597 est,
238 2555 428 2593 nobiscum
457 2557 565 2595 Deus.
604 2560 715 2597 Hunc
742 2575 827 2600 sane
852 2577 930 2603 esse
956 2568 1150 2606 verborum
1177 2571 1313 2618 Angeli
1331 2584 1483 2622 scopum
1501 2574 1636 2623 pariter

145 2627 187 2651 ac
221 2629 366 2653 sensum
401 2623 579 2656 testantur
615 2623 723 2660 verba
756 2624 834 2674 ipsa
869 2628 1031 2678 ordoque
1057 2643 1201 2678 eorum3
1228 2637 1383 2670 testatur
1408 2640 1443 2671 et
1469 2635 1634 2674 locorum

146 2678 302 2718 collatio,
329 2679 370 2721 si,
397 2693 488 2729 quac
514 2682 552 2718 in
580 2683 742 2732 Virginis
771 2689 923 2733 cantico,
948 2691 986 2729 in
1015 2693 1223 2732 Elizabetae
1248 2696 1337 2734 item
1362 2698 1637 2745 resalutatione,

144 2745 179 2776 et
205 2741 240 2777 in
271 2744 443 2789 Arna-lica
472 2745 532 2781 illa
559 2755 739 2795 praeterea
766 2753 861 2800 apud
888 2754 1085 2805 Ioseplnun
1111 2759 1294 2805 legatione
1320 2760 1372 2806 (D
1401 2759 1471 2807 vib)
1494 2762 1632 2800 haben-

144 2809 214 2846 tur,
239 2803 276 2840 in
304 2817 417 2842 unum
444 2807 515 2844 huc
542 2810 781 2852 conferamus.
809 2814 947 2867 Estque
975 2819 1062 2857 haec
1087 2821 1241 2872 simplex
1269 2822 1479 2862 hauddubie
1507 2827 1633 2875 Ange-
