1818 3178
147 159 172 188 L
784 149 1025 179 PRAEFATIO.

153 261 259 311 data,
291 261 330 302 in
366 274 445 316 qua
478 254 773 312 complusculis
805 253 974 296 detectis
1005 250 1220 294 erroribus
1249 252 1306 292 sic
1337 250 1500 307 pergit:
1537 251 1668 296 nbaee

156 357 176 381 η
201 331 415 374 manifesta
451 334 591 370 errata
622 325 714 367 ideo
745 325 954 373 annotavi,
986 330 1032 365 ut
1061 322 1174 364 clare
1204 321 1384 378 intelligi
1415 320 1542 376 possit
1571 335 1667 377 pro-

155 427 174 452 v
195 401 411 444 bibendam
445 414 530 441 esse
560 396 780 439 editionem
817 396 941 438 huius
973 393 1112 436 libri.”
1148 393 1196 450 ¹).

211 473 320 514 Dum
355 471 454 512 haec
484 469 523 510 in
555 467 726 510 Prussia
759 466 1033 523 gerebantur,
1066 463 1177 505 ultro
1199 469 1338 505 noster
1359 462 1667 519 Tigurinorum

157 542 466 598 Theologorum
509 539 558 581 cle
591 537 732 580 libello
764 552 853 588 suo,
888 537 1132 592 priusquam
1167 534 1478 590 invulgaretur,
1511 534 1670 590 expeti-

155 619 269 657 verat
315 612 491 653 amicam
532 624 765 652 censuram.
830 631 850 656 η
874 607 1023 650 Habeo
1064 606 1173 648 enim
1220 605 1458 662 quaedam’'
1498 606 1583 648 iam
1615 621 1670 649 m.

158 684 285 726 Mart.
321 682 432 724 1544
461 680 513 723 ad
543 679 844 736 Bullingerum
876 678 1112 734 scripserat,
1159 698 1180 724 u
1195 678 1235 718 in
1269 676 1419 733 quibus
1450 676 1552 720 mihi
1583 678 1673 733 qui-

159 776 180 800 η
197 753 288 795 dem
321 752 407 808 ipse
438 750 659 803 satisfacio,
692 749 802 804 quod
834 748 884 791 ad
917 764 1051 791 meam
1086 747 1382 790 conscientiam
1416 748 1574 798 attinet,
1604 747 1675 790 sed

160 846 180 870 n
197 838 277 865 non
319 823 416 870 scio,
457 837 508 864 an
541 821 632 863 aliis
664 820 835 877 perinde
866 820 941 862 sim
975 819 1265 862 satisfacturus
1296 819 1438 869 etiam,
1472 820 1505 861 si
1537 834 1585 862 ea
1615 820 1676 861 in-

163 916 182 941 ῃ
200 892 431 950 vulgarem,
466 926 476 936 .
494 925 528 935 ..
560 899 782 934 versantur
814 891 925 934 circa
956 892 1060 946 lapsi
1091 907 1137 933 ae
1167 892 1351 933 restituti
1381 907 1540 933 rursum
1555 892 1676 933 bomi-

159 966 256 1012 nm's
300 963 716 1006 considerationem.”
748 963 780 1020 ²)
845 963 992 1005 Mense
1023 961 1150 1004 Iunio
1191 961 1251 1004 nil
1296 961 1497 1004 eiusmodi
1537 962 1676 1004 adhuc

156 1036 430 1093 Bullingerus
477 1042 708 1092 acceperat,
755 1050 884 1091 quare
927 1033 1021 1076 data
1067 1033 1240 1090 epistola
1279 1033 1329 1076 ad
1371 1033 1555 1076 Lascum
1597 1034 1676 1076 hoc

159 1124 300 1150 mense
349 1108 518 1150 scribit:
570 1131 590 1155 u
609 1107 699 1149 Nec
750 1107 966 1163 ingratum
996 1113 1114 1157 esset,
1149 1106 1181 1148 si
1212 1113 1300 1159 tua,
1337 1121 1444 1162 quae
1476 1106 1526 1148 de
1557 1104 1678 1162 lapsu

164 1203 184 1227 η
200 1187 239 1222 et
272 1179 452 1221 restituti
484 1179 662 1220 hominis
697 1177 1059 1235 [consideratione]
1097 1178 1395 1234 conscripsisti,
1429 1177 1569 1220 videre
1590 1193 1681 1235 pos-

161 1266 294 1297 nsem.
327 1250 422 1293 Non
456 1249 564 1305 quod
595 1252 636 1291 in
670 1256 738 1291 tua
770 1248 980 1305 virgulam
1016 1249 1117 1291 mihi
1149 1250 1382 1292 censoriam
1414 1264 1580 1291 sumere
1610 1264 1676 1291 ve-

164 1346 185 1372 ῃ
200 1323 285 1374 lim,
319 1321 388 1364 sed
420 1321 530 1378 quod
562 1322 641 1363 tuis
672 1321 835 1363 erudire
867 1320 1080 1378 cupiam.''
1115 1322 1146 1379 8)
1201 1322 1351 1364 Mense
1382 1321 1554 1365 demum
1586 1323 1680 1365 Au·

162 1402 286 1452 gusto
316 1393 448 1436 libelli
479 1394 545 1436 sui
575 1393 788 1450 exemplar
820 1393 1157 1449 Argentoratum
1180 1395 1292 1436 misit
1324 1394 1375 1437 ad
1409 1394 1682 1437 Hardenber-

163 1467 279 1523 gium
314 1473 465 1516 noster,
500 1473 545 1508 ut
574 1466 694 1508 istinc
725 1465 937 1522 Tigurum
970 1466 1252 1522 expediretur.
1318 1490 1339 1515 ῃ
1355 1468 1484 1510 Mitto
1515 1467 1566 1509 ad
1598 1467 1680 1517 te‚''

167 1539 223 1580 sic
265 1537 409 1579 ultima
455 1537 520 1579 die
567 1538 753 1593 Augusti
783 1537 833 1580 ad
867 1537 1085 1582 Hardenb.
1119 1539 1272 1589 scribit,
1307 1541 1548 1588 ssdoetrinae
1577 1554 1686 1582 meae

172 1611 413 1663 ssepdomen,
446 1618 492 1652 ut
523 1625 545 1652 a
577 1611 744 1652 Bucero
776 1617 815 1652 et
846 1609 935 1652 aliis
966 1610 1056 1653 istic
1085 1612 1338 1654 excutiatur.
1373 1612 1460 1655 Ubi
1492 1628 1585 1655 eam
1600 1613 1685 1655 Bu-

170 1705 190 1730 ῃ
212 1697 330 1724 cerus
362 1681 522 1738 legerit,
554 1689 643 1723 tum
674 1681 838 1731 vellem,
872 1688 919 1724 ut
948 1682 998 1724 ad
1028 1682 1326 1741 Bullingerum
1361 1698 1526 1739 quoque
1548 1689 1684 1726 trans-

172 1753 443 1799 amitteretur
474 1768 549 1809 per
579 1752 819 1795 Ger-ardum
853 1754 1087 1797 nostrum.'’
1119 1754 1153 1811 ⁴)
1218 1754 1462 1812 Eodemque
1493 1754 1558 1797 die
1588 1755 1686 1798 Pel·

173 1824 295 1866 licani
346 1840 512 1882 quoque
556 1825 617 1867 his
660 1824 792 1867 verbis
823 1827 1070 1868 sententiam
1102 1827 1287 1883 rogavit:
1326 1850 1346 1875 u
1366 1827 1541 1870 Videbis
1570 1827 1688 1870 brevi

176 1918 197 1944 ῃ
213 1901 353 1937 nostra
394 1895 595 1952 quaedam
637 1897 746 1953 apud
793 1898 1112 1956 Bullingerum,
1153 1914 1261 1955 quae
1292 1900 1452 1942 Doctor
1483 1899 1689 1943 Albertus

178 1992 198 2017 ῃ
214 1968 263 2010 ad
302 1968 420 2010 illum
451 1976 510 2010 est
541 1970 874 2014 transmissurus.
938 1971 1109 2013 Horum
1140 1980 1180 2014 te
1212 1987 1380 2029 quoque
1412 1972 1690 2015 aristarchum

179 2055 300 2088 flesse
332 2040 470 2081 volo.'’
503 2039 534 2096 ⁵)
599 2040 667 2082 Ad
700 2040 1000 2098 Bullingerum
1032 2042 1212 2099 denique
1243 2044 1388 2086 eodem
1420 2059 1594 2101 prorsus
1625 2044 1690 2087 die

180 2109 274 2152 data
304 2109 498 2166 epistola:
533 2132 554 2158 ῃ
574 2112 778 2165 Epitomen
809 2113 1014 2155 doctrinae
1044 2129 1151 2156 meae
1182 2113 1250 2156 hic
1281 2114 1331 2157 ad
1363 2114 1590 2158 Doctorem
1616 2114 1695 2157 Al-

183 2204 202 2229 ῃ
217 2180 382 2223 bertum
418 2187 606 2224 nostrum
640 2183 921 2238 Argentinam
955 2186 1181 2235 transmisi,
1213 2193 1261 2228 ut
1291 2202 1381 2229 eam
1413 2188 1604 2230 Bucerus
1636 2187 1693 2229 vi-

185 2274 205 2299 ῃ
221 2251 349 2295 deret.
392 2252 515 2294 Hanc
545 2252 594 2294 ad
627 2259 665 2295 te
694 2256 1014 2298 transmissurus
1046 2264 1106 2300 est
1137 2258 1261 2301 etiam
1295 2258 1511 2308 Albertus,
1544 2257 1615 2300 ubi
1645 2258 1692 2301 il-

184 2322 303 2371 'flam
335 2323 525 2366 Bucerus
555 2323 719 2381 legerit.
753 2325 846 2383 Ego
877 2328 1072 2384 quicquid
1106 2329 1229 2372 huius
1260 2338 1331 2383 est,
1359 2345 1438 2388 pro
1459 2329 1694 2388 pastoribus

222 2523 246 2561 ¹)
271 2522 460 2564 Respiciunt
483 2524 558 2556 haec
583 2536 661 2566 quae
684 2538 766 2559 anno
791 2529 869 2560 1543
894 2530 1037 2572 epistoli÷
1062 2533 1173 2565 dandis
1199 2534 1282 2566 inter
1307 2546 1337 2566 se
1363 2535 1605 2577 disputaverant
1628 2535 1696 2567 Me-

183 2576 356 2608 lanchthon
380 2581 411 2609 et
434 2589 450 2609 a
473 2579 584 2612 Lusco,
622 2581 671 2613 Cf.
695 2582 795 2614 LAscr
821 2584 931 2625 Opera,
955 2587 1023 2619 Vol.
1047 2588 1091 2620 ΙΙ.
1114 2599 1145 2630 p.
1169 2589 1239 2621 563.
1263 2590 1521 2622 Melanchthonis
1543 2590 1615 2633 Ep„
1639 2591 1700 2622 Co-

183 2633 286 2663 loniae
310 2632 392 2670 data,
416 2634 520 2674 periit.
544 2634 592 2667 Cf.
616 2635 904 2670 Bnmscnnmnm
928 2641 1032 2683 (Corp.
1058 2643 1143 2685 Res.)
1168 2644 1224 2685 Ep.
1249 2646 1338 2678 Mm..
1361 2646 1452 2679 Tom.
1476 2647 1512 2679 V.
1536 2657 1567 2689 p.
1590 2647 1662 2680 231.

227 2688 253 2726 ²)
277 2686 377 2718 LAscl
403 2688 513 2728 Opera,
539 2689 605 2721 Vol.
629 2691 673 2722 II.
696 2702 726 2733 p.
750 2693 819 2726 569,

187 2794 203 2825 b
225 2741 251 2780 ⁸)
276 2742 459 2827 (ΞῑΑΒιιιΞ-Ὰυιἱ
486 2743 542 2783 Ιὴι.
565 2745 642 2777 clar.
664 2746 722 2779 vir.
745 2758 775 2789 p.
800 2750 868 2783 100.
913 2751 1118 2792 Vocabulum,
1142 2755 1226 2795 quod
1252 2757 1340 2788 uncis
1363 2757 1488 2797 inclusi,
1512 2759 1596 2801 apud
1620 2758 1702 2791 Gab-

208 2806 275 2827 cma
299 2807 365 2828 cxci
391 2808 468 2830 era.

223 2850 252 2889 ⁴)
276 2850 376 2882 susm
402 2851 512 2892 opera,
539 2852 594 2884 v01
630 2853 671 2887 11.
696 2865 725 2896 p.
751 2857 820 2890 582.

227 2905 256 2946 ⁸)
282 2905 412 2938 Ibidem.
437 2918 468 2950 p.
493 2907 562 2940 583.
