1818 3178
536 107 752 135 emron-310
781 108 876 137 on.
908 107 1074 135 noanM.
1495 97 1568 133 433

28 208 271 255 damentum,
297 211 339 247 ut
367 212 497 247 nostra
524 210 596 248 fert
623 210 838 256 infirmitas,
864 210 1081 255 retinemus,
1116 223 1137 247 a
1176 222 1249 260 quo
1278 207 1390 246 Hosii
1427 212 1570 245 creato-

39 287 116 311 rem
144 274 282 325 Papam
307 277 344 312 et
371 287 521 312 omnem
546 275 666 326 ipsius
693 289 819 313 rasum
848 279 884 313 et
913 280 1065 313 unctum
1095 287 1244 324 gregem
1273 287 1348 312 una
1377 286 1459 311 cum
1487 272 1570 323 ipso

45 338 167 376 Hosio
201 339 336 390 palam,
372 342 415 376 ut
449 339 695 385 ostendimus,
731 353 774 378 ac
803 340 1018 378 foedissime
1046 339 1247 377 descivisse
1275 341 1434 378 constat,

95 403 167 441 Sed
190 408 320 442 contra
348 404 512 453 assurgit
540 404 685 443 Hosius
713 408 762 450 et,
791 405 1025 443 dissimulata
1054 404 1115 442 hic
1143 418 1208 442 sua
1228 417 1271 442 ac
1291 417 1441 442 suorum
1461 415 1571 454 apos-

41 468 148 514 tasia,
166 471 295 507 nostra
313 469 470 506 dissidia
486 469 540 507 ita
568 475 783 520 exaggerat,
810 474 851 508 ut
878 470 962 508 odia
990 470 1088 508 inter
1115 474 1266 508 nostros
1293 469 1402 521 plane
1420 467 1572 505 hostilia

41 536 152 584 atque
179 532 434 583 implacabilia
460 534 535 572 illis
565 534 722 572 nimium
753 534 938 572 rhetorice
966 533 1144 582 adfingat.
1201 534 1283 571 Etsi
1318 534 1417 571 enim
1447 545 1572 571 verum

41 600 108 642 est,
137 597 346 636 Saxonicos
374 599 557 650 quosdam
585 599 820 648 gravissimis
848 600 887 638 in
915 612 985 637 nos
1013 599 1108 637 odiis
1135 603 1281 650 praeter
1309 599 1481 636 meritum
1503 611 1572 635 no-

42 665 160 699 strum
188 663 370 701 exarsisse
389 685 438 692 --
458 664 559 715 quod
580 663 690 701 nobis
718 663 859 714 alioqui
878 664 1113 701 vehementer
1137 663 1248 710 dolet,
1271 675 1347 701 non
1366 666 1441 700 tam
1462 663 1573 711 (112)

45 739 132 765 sane
167 731 312 774 nostro,
347 741 459 779 quam
501 728 701 778 Euangelii
730 728 871 766 Christi
898 728 1050 767 nomine
1075 750 1127 758 —-
1154 741 1220 766 cur
1245 735 1371 766 tamen
1397 728 1477 779 pari
1505 739 1574 765 nos

41 790 177 841 pariter
212 804 342 830 omnes
378 792 455 830 odii
482 792 592 830 istius
621 793 728 844 culpa
756 792 987 842 obstringit?
1041 792 1090 830 Et
1118 792 1180 833 hic
1207 805 1294 830 sane
1320 792 1429 830 illum
1455 791 1575 841 magis

40 855 152 906 paulo
180 868 308 894 eorum
336 869 538 894 memorem
565 869 644 894 esse
671 857 882 908 oportebat,
910 870 1005 908 quae
1032 857 1072 894 in
1100 856 1230 894 eodem
1257 856 1339 908 ipso
1356 856 1486 893 libello
1507 868 1575 893 suo

44 919 185 959 scribit.
239 920 393 958 Fatetur
428 921 539 968 enim,
576 934 652 968 eos,
679 934 773 972 quos
799 921 878 972 ipse
907 921 1144 959 Lutheranos
1172 925 1292 968 vocat,
1319 934 1395 959 non
1424 933 1575 972 prorsus

45 983 143 1022 inter
170 998 208 1022 se
237 985 459 1032 consentire,
487 984 646 1036 denique
674 990 709 1023 et
737 986 831 1023 alios
859 986 905 1023 ab
935 985 1018 1023 aliis
1047 985 1161 1024 veluti
1182 985 1381 1035 degeneres
1405 985 1578 1030 iudicari,

46 1062 130 1086 cum
153 1054 304 1100 propter
330 1049 403 1087 alia
432 1049 628 1100 quaedam,
654 1053 735 1088 tum
765 1062 851 1087 vero
879 1049 1064 1101 imprimis
1092 1050 1216 1096 etiam,
1244 1050 1358 1101 quod,
1388 1055 1470 1088 cum
1498 1051 1577 1101 ple·

46 1114 150 1165 rique
186 1115 338 1152 illorum
375 1114 486 1153 nobis
525 1115 600 1153 sint
637 1115 844 1166 aequiores,
878 1115 1119 1166 praecipitem
1146 1115 1306 1154 aliorum
1334 1128 1512 1154 censurae
1538 1116 1579 1153 in

46 1191 115 1216 nos
153 1179 398 1226 severitatem,
433 1192 480 1217 ne
516 1179 606 1230 quid
644 1179 747 1216 aliud
785 1179 919 1218 dicam.
955 1179 1115 1231 probare
1151 1180 1287 1219 nolint.
1341 1180 1455 1217 Nunc
1491 1193 1578 1218 vero

47 1256 177 1282 omnes
206 1243 285 1282 sine
312 1244 390 1282 ulla
418 1245 638 1296 exceptione
665 1244 902 1283 Lutheranos
929 1245 982 1283 ita
1003 1244 1114 1283 nobis
1140 1245 1308 1296 opponit,
1334 1248 1376 1283 ut
1394 1245 1580 1283 neminem

45 1309 197 1357 illorum
233 1323 312 1347 esse
349 1309 466 1347 videri
505 1309 605 1356 velit,
646 1310 711 1361 qui
735 1323 803 1348 nos
833 1324 916 1348 cum
944 1314 1072 1349 nostra
1101 1310 1274 1348 doctrina
1302 1309 1475 1348 ferendos
1501 1310 1580 1347 ullo

48 1374 159 1412 modo
189 1385 270 1412 esse
296 1378 414 1425 putet,
442 1388 526 1412 cum
554 1388 623 1414 nos
651 1388 728 1414 non
756 1375 842 1414 unis
869 1375 981 1413 modo
1002 1375 1160 1414 uniusve
1188 1375 1300 1413 etiam
1335 1379 1400 1413 aut
1429 1375 1582 1413 alterius

47 1439 267 1485 Lutherani,
294 1444 335 1478 ut
361 1440 408 1478 ab
437 1440 560 1479 Hosio
589 1441 739 1492 quidem
768 1446 962 1487 vocantur,
990 1445 1026 1479 et
1045 1440 1163 1479 literis
1182 1445 1218 1479 et
1234 1441 1383 1492 scriptis
1408 1440 1583 1491 publicis,

50 1505 114 1542 sed
150 1505 280 1543 multis
314 1506 517 1552 multorum
554 1506 781 1545 testimoniis
818 1507 927 1544 facile
965 1505 1097 1544 docere
1130 1506 1332 1557 possimus,
1366 1518 1486 1557 neque
1512 1518 1582 1543 nos

47 1568 123 1606 illis
152 1569 340 1616 omnibus,
369 1583 490 1623 neque
516 1570 603 1608 illos
630 1571 741 1608 nobis
770 1574 846 1609 tam
874 1584 953 1608 esse
980 1572 1091 1619 (113)
1118 1569 1275 1616 invisos,
1294 1582 1403 1621 quam
1424 1569 1584 1608 distorta

51 1634 143 1672 haec
171 1635 352 1685 Caligula,
380 1640 422 1673 ut
450 1635 726 1687 Episcopoliter
752 1635 1010 1681 rhetoricetur,
1037 1635 1232 1685 ingeniose
1260 1639 1458 1674 asseverat.
1510 1635 1584 1673 Sed

49 1704 141 1745 esto,
177 1700 334 1738 oderint
362 1713 432 1738 nos
469 1700 678 1739 Lutherani
714 1701 760 1739 ad
798 1715 914 1739 unum
944 1714 1072 1739 omnes
1099 1713 1252 1752 prorsus
1288 1701 1508 1752 capitaliter,
1536 1714 1584 1738 an

49 1777 138 1802 vero
181 1763 254 1802 iam
299 1765 452 1803 illorum
489 1765 567 1802 odii
605 1766 752 1817 culpam
789 1765 970 1817 praestari
1011 1765 1120 1803 etiam
1160 1779 1180 1802 a
1217 1765 1328 1802 nobis
1367 1764 1583 1816 oportebit?

52 1829 168 1876 Dicit,
195 1842 265 1867 nos
293 1828 459 1867 vicissim
486 1829 641 1881 paribus
668 1830 707 1867 in
734 1829 973 1868 Lutheranos
1001 1829 1160 1879 flagrare
1188 1829 1298 1873 odiis,
1326 1828 1390 1867 sed
1418 1829 1586 1881 inopiam

50 1898 265 1932 nostrorum
311 1894 462 1933 obstare
507 1895 707 1946 quominus
746 1895 850 1946 paria
894 1908 975 1933 oum
1014 1895 1240 1933 Lutheranis
1285 1895 1354 1932 hac
1398 1895 1438 1933 in
1482 1898 1587 1946 parte

53 1961 174 1998 facere
202 1960 403 2011 possimus.
432 1959 618 1998 Audimus
644 1961 683 1998 id
713 1961 863 2012 quidem
893 1961 982 1999 satis
1011 1960 1318 2007 Hosianiee‚hoc
1338 1964 1406 2007 est,
1424 1960 1584 1998 futiliter

52 2030 86 2064 et
123 2026 357 2077 impudenter
395 2025 481 2064 dici.
537 2026 731 2064 Caeterum
771 2025 867 2064 unde
888 2026 1084 2077 probabit,
1112 2039 1149 2064 se
1189 2029 1434 2076 utrorumque
1460 2026 1583 2063 facul-

51 2096 145 2130 tates
172 2096 270 2130 recte
307 2091 517 2129 dimensum
554 2092 661 2129 esse?
715 2092 765 2129 Et
801 2095 843 2129 ut
880 2104 921 2129 ea
957 2091 1187 2136 omittamus,
1224 2105 1318 2142 quae
1344 2091 1391 2129 ad
1420 2094 1588 2130 nostram

52 2170 203 2196 arenam
231 2155 328 2194 nihil
355 2156 557 2207 pertinent,
585 2156 684 2194 unde
711 2169 848 2208 quaeso
878 2156 1041 2201 docebit,
1070 2156 1198 2194 eodem
1229 2157 1339 2207 plane
1357 2156 1440 2194 loco
1458 2156 1588 2196 haberi

53 2236 74 2260 a
103 2222 215 2260 nobis
242 2221 494 2268 Lutheranos,
521 2234 595 2273 quo
626 2234 695 2259 nos
723 2222 770 2259 ab
798 2221 874 2259 illis
903 2221 1033 2259 haberi
1049 2221 1208 2259 scribit?
1245 2221 1397 2260 Fatetur
1419 2222 1588 2273 ipsemet,

54 2300 123 2325 nos
152 2287 199 2325 ab
228 2286 302 2324 aris
330 2290 366 2324 et
394 2286 489 2324 focis
517 2287 685 2338 ipsorum
713 2287 831 2324 arceri
859 2287 1027 2325 omnino.
1058 2288 1134 2324 Aut
1162 2286 1280 2335 igitur
1309 2287 1429 2324 simile
1462 2299 1588 2325 exem-

54 2352 156 2403 plum
192 2365 213 2389 a
251 2351 389 2389 nostris
425 2350 466 2388 in
502 2350 741 2389 Lutheranos
779 2350 1013 2400 designatum
1055 2351 1234 2402 proferat,
1269 2354 1334 2390 aut
1371 2351 1587 2389 mendacem

54 2417 166 2455 istam
196 2429 299 2454 suam
330 2416 555 2454 calumniam
583 2416 823 2454 Reverendus
850 2416 959 2454 Pater
987 2419 1180 2465 agnoscat.
1235 2418 1360 2468 Atque
1385 2420 1428 2455 ut
1456 2417 1501 2455 de
1529 2430 1587 2455 me

55 2482 218 2533 primum
253 2480 395 2532 aliquid
424 2482 536 2529 (114)
565 2480 698 2528 dicam,
725 2481 827 2532 quod
853 2495 900 2519 ne
927 2480 999 2532 ipsi
1026 2481 1177 2532 quidem
1205 2480 1413 2520 Lutherani
1441 2482 1588 2521 diffiteri

55 2559 144 2584 sane
171 2550 343 2598 possunt.
392 2545 486 2583 Cuin
522 2545 680 2584 Bremae
716 2546 844 2584 relicta
873 2545 1008 2589 Frisia,
1033 2545 1104 2583 iter
1132 2546 1172 2584 in
1200 2546 1377 2596 Angliam
1407 2548 1588 2594 facturus,

55 2611 315 2661 hybernarem,
341 2614 383 2649 ut
410 2610 645 2649 ostenderem
672 2610 768 2648 tanti
796 2624 816 2649 a
844 2624 902 2648 me
930 2624 1006 2648 non
1033 2610 1113 2648 fieri
1142 2612 1468 2650 sacramentariam
1489 2612 1586 2650 hanc

57 2675 362 2722 controversiam,
399 2675 530 2727 quanti
566 2675 613 2712 ab
650 2675 734 2713 aliis
772 2688 903 2727 parum
932 2676 1142 2714 necessario
1170 2677 1287 2723 fieret,
1315 2677 1379 2715 ubi
1407 2678 1515 2715 fidem
1544 2690 1587 2715 ac

58 2740 269 2779 doctrinam
304 2753 426 2778 meam
459 2739 635 2791 primario
672 2739 752 2777 illic
778 2740 926 2778 Pastori
954 2741 1221 2791 exposuissem,
1247 2741 1408 2793 ipsomet
1434 2755 1493 2779 me
1522 2741 1586 2779 de-

58 2805 216 2844 ducente
256 2805 303 2844 ad
340 2805 506 2844 Coenam
539 2804 695 2843 Domini
732 2818 805 2843 una
834 2817 915 2844 curn
944 2805 1009 2843 illo
1047 2811 1082 2845 et
1109 2807 1296 2858 plerisque
1324 2807 1407 2845 aliis
1434 2819 1479 2845 ex
1507 2807 1587 2845 cius

60 2869 229 2908 Ecclesia
257 2870 382 2921 palam
410 2869 563 2919 accessi,
591 2869 881 2922 haudquaquam
909 2871 1077 2922 profecto
1113 2871 1152 2909 id
1180 2872 1361 2920 facturus,
1396 2871 1427 2909 si
1456 2872 1588 2915 eodem
