1818 3178
190 128 261 163 180
509 154 512 159 .
542 133 591 158 DE
620 128 900 157 SACRAMENTIS
930 126 1143 153 BcchEslAE
1172 122 1350 153 CHRISTI.

238 235 351 273 Quod
384 245 494 284 porro
532 231 578 268 ad
617 231 766 278 signum
804 229 1076 265 Sacramentale
1112 227 1200 277 agni
1223 226 1413 264 Paschalis
1440 225 1586 272 attinet,
1611 225 1706 263 illud

187 312 273 336 sane
319 298 427 335 etiam
462 296 618 345 ipsomet
654 293 733 330 Deo
772 296 901 329 autore
942 291 1157 328 institutum
1194 291 1537 341 praescriptumque
1567 288 1708 325 ibidem

185 363 374 405 habemus,
409 371 538 408 nempe
573 356 736 408 postium
763 369 807 393 ac
836 354 1131 406 superliminaris
1161 355 1343 403 sanguine
1369 353 1458 403 agni
1486 352 1710 390 cruentatio-

187 438 282 469 nem,
318 428 353 461 et
392 422 636 459 constitutum
671 421 724 458 ita
761 420 908 457 demum
947 433 967 456 a
1005 418 1168 456 Domino
1198 418 1286 468 agni
1311 417 1429 468 ipsius
1457 430 1581 463 esum3
1610 416 1712 467 quod

186 489 355 540 equidem
383 487 509 524 notius
537 490 604 529 est,
631 499 742 536 quam
770 489 810 521 ut
837 483 965 521 multis
993 483 1032 520 id
1060 483 1183 520 verbis
1211 486 1380 534 oporteat
1409 481 1609 533 approbari
1638 482 1680 529 ¹).

241 551 461 601 Mysterium
497 563 582 587 vero
623 548 852 587 Sacramenti
892 548 930 585 in
960 560 1075 585 coena
1101 547 1272 584 Paschali
1298 547 1427 598 paucis
1454 546 1602 597 quidem
1631 558 1712 583 ver-

190 616 258 661 bis‚
285 615 348 652 sed
375 615 492 652 multa
521 614 559 651 in
588 614 672 662 (fol.
703 615 785 660 78³)
815 626 852 650 se
881 611 1226 662 complectentibus,
1253 612 1430 649 describit
1454 611 1590 649 Paulus
1611 612 1714 661 Apo-

189 680 319 723 stolus,
341 679 427 716 dum
447 679 567 721 docet,
588 678 729 715 Pascha
747 691 826 715 esse
847 677 1035 714 Christum
1051 675 1095 724 c³).
1128 676 1319 713 Nimirum
1337 689 1455 725 agnus
1473 675 1536 713 ille
1554 675 1717 713 Pascha-

187 744 234 780 lis
269 748 379 793 typus
418 747 494 780 erat
535 743 676 780 Christi
713 742 866 779 Domini
900 742 1022 779 adhuc
1058 740 1219 785 venturi,
1256 741 1322 791 qui
1357 754 1465 778 verus
1502 741 1565 777 ille
1599 753 1718 790 agnus

188 809 323 845 tollens
359 811 552 858 peccatum
588 807 720 844 mundi
757 807 906 844 futurus
943 810 1033 850 erat,
1060 804 1379 856 quemadmodum
1405 804 1576 855 Baptista
1602 807 1716 842 testa-

191 877 264 910 tur.
304 872 353 909 Et
381 886 464 910 esus
492 872 581 921 agni
608 871 799 909 Paschalis
828 872 976 920 signum
1003 874 1081 908 erat
1112 869 1389 907 communionis
1418 869 1521 906 illius
1547 869 1623 905 iam
1641 872 1722 906 tum

190 937 303 974 etiam
340 937 468 987 populi
506 949 589 973 cum
627 937 776 973 Christo
814 936 978 973 Domino
1015 936 1055 972 in
1093 948 1247 985 corpore
1275 933 1410 984 ipsius.
1464 934 1597 984 Neque
1624 933 1723 970 enim

189 1014 340 1051 pascere
375 1005 535 1038 veterem
572 1000 776 1037 Ecclesiam
814 1013 933 1049 agnus
969 999 1032 1036 ille
1059 999 1253 1049 potuisset,
1282 998 1312 1035 si
1341 1011 1416 1035 non
1445 997 1609 1048 aliquam
1637 1010 1721 1034 cum

188 1065 270 1114 ipso
307 1064 347 1101 in
385 1077 495 1101 carne
530 1064 610 1101 eius
647 1064 946 1100 communionem
983 1063 1187 1108 habuisset,
1225 1061 1425 1099 mactando
1455 1061 1627 1099 videlicet
1656 1073 1720 1098 suo

191 1130 339 1166 demum
366 1132 542 1179 tempore,
570 1128 880 1179 quemadmodum
908 1132 944 1165 et
972 1141 1091 1177 agnus
1119 1127 1181 1164 ille
1209 1127 1358 1177 typicus
1391 1126 1638 1164 mactabatur.

245 1194 409 1230 Rursum
437 1194 589 1241 sanguis
616 1193 704 1242 agni
731 1193 830 1230 illius
858 1192 972 1243 typici
999 1192 1172 1243 postibus
1200 1192 1347 1229 aedium
1369 1196 1431 1229 aut
1450 1190 1723 1242 superliminari

191 1257 312 1294 illitus
345 1257 421 1294 sive
463 1256 653 1307 inspersus
689 1261 798 1306 typus
835 1261 912 1294 erat
948 1256 1223 1294 communionis
1260 1260 1412 1294 nostrae
1451 1269 1535 1293 cum
1575 1254 1724 1292 Christo

196 1322 360 1360 Domino
394 1322 432 1358 in
471 1321 651 1370 sanguine
683 1321 811 1370 ipsius,
837 1334 900 1371 per
931 1334 1038 1370 quem
1069 1321 1190 1358 omnis
1219 1324 1347 1358 nostra
1376 1319 1637 1357 condemnatio
1666 1331 1725 1356 ex-

195 1386 332 1436 pianda
360 1385 481 1422 adhuc
509 1390 597 1429 erat,
616 1407 665 1413 —
685 1385 1012 1434 Israelitarumque
1040 1385 1147 1422 aedes
1178 1384 1359 1433 sanguine
1385 1385 1574 1434 inspersae
1602 1383 1725 1431 desig-

202 1450 354 1495 nabant,
391 1449 584 1498 sanguinis
622 1449 760 1486 Christi
787 1449 960 1486 meritum
989 1449 1033 1486 ad
1061 1450 1240 1500 populum
1267 1449 1338 1487 Dei
1364 1450 1549 1500 pertinere
1575 1453 1725 1500 propter

202 1514 378 1551 donatam
415 1513 448 1551 ei
488 1513 651 1562 gratuito
678 1513 778 1550 illius
807 1513 1119 1557 communionem,
1156 1527 1266 1564 quam
1294 1514 1383 1551 dum
1410 1515 1450 1551 in
1477 1514 1630 1552 aedibus
1659 1527 1727 1551 no-

200 1578 286 1615 stris
323 1577 378 1625 (in
418 1578 593 1614 cordibus
629 1577 781 1627 inquam
810 1578 968 1625 nostris)
996 1578 1106 1615 Pater
1134 1578 1234 1615 Deus
1261 1578 1442 1625 intuetur,
1467 1578 1632 1616 transilit
1659 1591 1728 1615 nos

201 1643 239 1680 in
269 1642 579 1679 condemnatione
612 1642 743 1679 mundi
769 1642 896 1686 totius,
924 1656 1043 1692 neque
1071 1643 1294 1693 supplicium
1322 1643 1366 1680 (le
1394 1643 1552 1691 110-(f01.
1584 1643 1730 1691 781³)bis

203 1707 314 1743 sumit
351 1706 508 1756 amplius
545 1710 698 1757 propter
737 1710 900 1744 nostram
941 1719 1023 1744 cum
1061 1707 1210 1744 Christo
1249 1707 1289 1745 in
1325 1706 1506 1756 sanguine
1534 1720 1599 1745 suo
1629 1720 1731 1745 com-

203 1770 430 1809 munionem.

256 1834 434 1872 Videmus
471 1834 587 1884 igitur
625 1847 760 1872 coenae
799 1835 886 1872 olim
934 1835 1123 1873 Paschalis
1159 1837 1377 1886 mysterium
1412 1836 1528 1875 fuisse
1564 1841 1729 1875 nostram

208 1912 290 1936 cum
328 1899 476 1936 Christo
514 1899 676 1937 Domino
717 1900 1015 1937 communionem
1049 1900 1087 1937 in
1125 1913 1280 1951 corpore
1316 1905 1351 1938 et
1388 1902 1569 1951 sanguine
1602 1902 1735 1953 ipsius,

207 1976 301 2012 quae
335 1963 441 2012 signo
479 1963 568 2000 olim
607 1963 872 2000 Sacramentali
901 1964 1145 2001 solemnitatis
1173 1964 1304 2009 Pesah,
1331 1965 1376 2002 ab
1405 1965 1486 2016 ipso
1515 1965 1593 2003 Deo
1620 1966 1732 2004 insti-

207 2031 322 2071 tutae,
359 2027 672 2064 adumbrabatur:
708 2041 839 2078 nempe
873 2029 961 2077 agni
996 2028 1111 2079 typici
1137 2029 1376 2075 mactatione,
1403 2043 1467 2067 esu
1493 2030 1595 2068 illius
1624 2031 1734 2069 certis

211 2090 428 2127 ceremoniis
454 2089 628 2127 instituto
657 2095 693 2128 et
721 2090 847 2127 addita
873 2091 912 2128 in
943 2091 1113 2129 domibus
1142 2096 1231 2129 nota
1260 2093 1440 2142 sanguine
1466 2093 1596 2144 ipsius.

260 2154 320 2191 Ita
357 2155 492 2191 Paulus
538 2154 628 2191 alibi
673 2168 832 2199 rursum,
872 2154 1005 2193 Mosen
1042 2157 1079 2193 in
1118 2161 1239 2194 vetere
1276 2157 1445 2195 Ecclesia
1482 2158 1623 2195 Pascha
1660 2158 1737 2195 fide

212 2218 330 2255 edisse
368 2218 484 2261 docet,
520 2219 664 2269 fideque
699 2219 789 2256 item
822 2220 910 2268 agui
945 2220 1047 2258 illius
1084 2222 1199 2271 typici
1237 2223 1457 2271 sanguinem
1484 2223 1637 2268 fudisse,
1665 2223 1736 2259 hoc

215 2286 282 2326 est,
311 2283 439 2320 Mosen
467 2283 506 2320 in
533 2284 730 2321 mactando
759 2284 977 2334 edendoque
1004 2299 1100 2335 agno
1131 2287 1209 2333 illo,
1234 2288 1274 2325 in
1303 2288 1493 2325 fundendo
1519 2288 1608 2325 item
1634 2287 1736 2325 illius

215 2346 404 2393 sanguine,
448 2346 519 2383 fide
561 2352 743 2396 spectasse
782 2347 817 2383 et
866 2360 969 2384 suam
1015 2348 1141 2399 ipsius
1169 2349 1205 2387 et
1241 2351 1370 2401 populi
1407 2350 1465 2388 sui
1499 2351 1615 2387 totius
1653 2363 1732 2388 cum

217 2410 363 2447 Christo
409 2410 582 2456 Domino,
628 2425 710 2449 vero
747 2412 812 2448 illo
850 2425 945 2461 agno
982 2412 1063 2458 Dei,
1100 2415 1398 2452 communionem
1437 2416 1475 2452 in
1514 2428 1667 2466 corpore
1704 2419 1739 2452 et

219 2475 396 2522 sanguine
424 2474 550 2524 ipsius.

268 2538 580 2589 Perspicuumque
623 2546 677 2578 est
711 2541 786 2578 iam
823 2542 860 2579 et
897 2542 1190 2582 circumcisionis
1228 2544 1318 2582 olim
1355 2545 1391 2583 et
1426 2546 1515 2594 agni
1550 2545 1639 2583 item
1675 2558 1740 2583 seu

221 2615 356 2639 coenae
393 2603 579 2640 Paschalis
615 2606 835 2653 mysterium
870 2619 987 2644 unum
1023 2612 1132 2659 atque
1167 2609 1268 2646 idem
1303 2609 1417 2647 fuisse
1452 2609 1488 2646 in
1519 2612 1640 2646 vetere
1666 2608 1740 2646 Ec-

221 2665 342 2709 clesia,
381 2679 509 2715 nempe
549 2667 648 2704 illius
675 2672 754 2705 tum
783 2670 894 2707 etiam
924 2684 1046 2709 veram
1074 2686 1117 2710 ac
1146 2674 1343 2711 salutarem
1374 2687 1457 2711 cum
1486 2674 1634 2711 Christo
1662 2673 1742 2711 Do-

222 2731 322 2768 mino
361 2731 657 2768 communionem
694 2733 730 2770 in
762 2747 913 2784 corpore
949 2740 985 2774 et
1013 2738 1195 2787 sanguine
1223 2739 1351 2790 ipsius.
1406 2739 1488 2777 Iam
1515 2752 1600 2777 vero
1630 2738 1741 2778 nobis

265 2857 289 2899 ¹)
319 2857 411 2888 uma.
438 2856 485 2889 17.
614 2860 638 2896 2)
665 2859 677 2888 l
705 2859 776 2892 (τω,
