1818 3178
193 75 264 112 538
842 85 900 112 ΕΡ.
930 83 1072 112 Doc'ra.

244 185 413 224 Alterum
446 189 516 230 est,
552 196 626 235 quo
662 183 1009 235 paedobaptismum
1056 187 1225 223 nostrum
1262 185 1483 237 impugnare
1519 190 1715 225 conantur.

193 250 333 288 Dicunt
378 250 517 287 frustra
553 248 734 299 baptizari
769 261 845 295 eos,
889 249 954 299 qui
990 249 1168 299 baptismi
1203 251 1382 297 mysteria
1416 250 1604 302 percipere
1638 264 1715 289 non

193 317 360 365 possunt,
404 317 441 351 et
483 312 581 351 inter
623 313 798 363 mysteria
838 312 990 350 interim
1023 313 1105 363 ipsa
1142 313 1286 350 nullum
1323 314 1466 352 faciunt
1503 314 1715 361 discrimen,

192 379 266 416 imo
295 390 381 415 vero
409 382 444 415 et
472 377 640 415 ordinem
667 378 818 415 illorum
847 378 1052 420 invertunt,
1078 380 1120 414 ut
1149 377 1316 426 dogmati
1334 391 1401 416 suo
1420 379 1541 417 locum
1564 379 1717 424 faciant,

191 450 227 481 et
254 443 476 480 subvertunt
503 442 740 493 praecipuam
767 443 918 480 illorum
948 442 1274 492 significationem.
1327 443 1398 480 Sed
1427 444 1471 482 de
1499 444 1717 481 discrimine

192 508 324 545 ordine
360 513 395 545 et
431 507 706 556 significatione
741 507 1002 557 mysteriorum
1039 511 1179 557 postea,
1208 520 1309 544 nunc
1335 507 1428 545 mihi
1455 508 1720 559 respondeant,

193 586 240 610 an
276 585 352 610 non
387 572 614 623 participant
649 572 848 622 mysteriis,
883 572 947 623 qui
983 585 1024 610 ea
1061 573 1261 623 percipere,
1298 573 1333 610 h.
1363 586 1409 617 e.,
1444 573 1557 623 digne
1593 587 1715 612 secum

192 642 363 688 reputare
399 650 476 675 non
504 639 685 687 possunt?
740 637 829 675 Non
858 637 993 688 loquor
1030 637 1074 674 de
1112 637 1447 688 contemptoribus,
1474 638 1536 675 sed
1565 639 1630 689 qui
1657 639 1716 677 in-

192 702 374 739 firmiores
410 705 510 747 sunt,
536 715 647 752 quam
675 706 715 739 ut
743 715 784 739 ea
811 702 958 752 possint
985 701 1175 752 percipere
1200 714 1266 751 per
1294 706 1450 739 naturae
1477 702 1718 740 imbecillita-

193 770 279 804 tem.
335 766 375 803 Si
410 766 448 803 id
485 766 708 808 concedunt,
734 766 893 804 doceant
921 766 1126 817 scripturae
1153 767 1369 804 testimonio
1398 767 1536 818 aliquo,
1562 781 1625 806 eos
1653 768 1719 819 qui

194 831 381 880 mysteriis
410 836 726 869 sacramentorum
756 831 983 882 participant
1010 831 1058 868 ad
1087 831 1258 880 symbola
1285 832 1435 870 illorum
1465 833 1614 871 admitti
1641 846 1718 872 non

193 896 337 939 debere,
365 895 580 946 praesertim
609 909 691 933 cum
723 896 854 933 Petrus
881 900 1037 933 testetur
1064 909 1171 933 suum
1198 909 1275 934 non
1303 909 1394 942 esse,
1421 900 1461 934 ut
1488 911 1506 934 a
1532 897 1716 948 baptismo

192 960 405 998 excluderet
445 973 521 1006 eos,
555 973 647 1011 quos
684 960 871 1010 mysteriis
907 960 1008 998 illius
1043 960 1117 998 iam
1154 960 1353 1012 participes
1391 962 1553 1012 Spiritus
1592 962 1719 999 Sancti

191 1025 408 1063 testimonio
437 1024 599 1063 videbat.
652 1024 693 1061 Si
721 1038 806 1062 vero
834 1025 872 1062 id
902 1029 1055 1074 negant,
1081 1025 1281 1063 ostendant
1309 1039 1382 1076 quo
1410 1030 1524 1077 pacto
1551 1026 1657 1077 pueri
1683 1031 1720 1065 et

192 1090 285 1127 olim
322 1089 567 1127 servabantur
603 1093 639 1127 et
678 1103 778 1127 nunc
815 1094 1010 1127 servantur
1047 1089 1160 1128 etiam
1188 1094 1430 1141 posteaquam
1459 1095 1495 1128 et
1523 1091 1717 1128 circumci-

194 1154 311 1192 sionis
339 1157 374 1192 et
402 1154 580 1205 baptismi
613 1153 802 1204 mysteriis
828 1153 1052 1204 participare
1081 1153 1259 1191 hactenus
1288 1167 1361 1192 non
1391 1160 1563 1205 possunt,
1589 1160 1718 1206 quate-

193 1233 264 1257 nus
291 1220 355 1256 illa
382 1219 492 1257 etiam
522 1219 750 1268 cogitatione
778 1219 925 1269 assequi
954 1232 996 1255 ac
1023 1219 1210 1270 percipere
1237 1232 1314 1257 non
1344 1226 1494 1270 queant.
1533 1220 1717 1271 Equidem

193 1298 328 1334 negare
358 1298 433 1322 non
461 1288 620 1335 possunt
650 1283 946 1321 circumcisionis
974 1284 1214 1334 praecipuum
1242 1285 1465 1334 mysterium
1485 1299 1564 1323 esse
1585 1286 1717 1324 foedus

192 1349 298 1392 illud,
333 1362 408 1399 quo
446 1362 483 1385 se
516 1348 611 1385 Deus
638 1348 717 1399 ipse
745 1361 808 1385 ore
836 1361 903 1385 suo
937 1347 1109 1385 Abrahae
1137 1352 1172 1386 et
1201 1348 1279 1386 eius
1308 1349 1460 1387 seminis
1488 1350 1609 1387 Deum
1638 1352 1718 1387 sore

192 1413 450 1464 pollicebatur,
488 1411 791 1463 quandoquidem
830 1412 985 1462 ipsemet
1021 1411 1120 1449 Deus
1150 1412 1471 1450 circumcisionem
1501 1413 1610 1450 huius
1638 1415 1715 1451 foe-

194 1478 290 1515 deris
319 1478 467 1527 signum
497 1482 619 1515 vocat.
649 1477 781 1527 Neque
808 1476 895 1513 item
926 1489 1061 1525 negare
1090 1481 1248 1527 possunt
1275 1477 1512 1528 praecipuum
1541 1477 1716 1528 baptismi

192 1543 412 1592 mysterium
458 1555 549 1586 esse,
593 1541 781 1579 Christum
829 1541 1009 1586 induisse,
1053 1542 1366 1592 quemadmodum
1415 1542 1552 1579 Paulus
1597 1542 1717 1587 docet,

195 1607 276 1645 sine
321 1619 395 1657 quo
443 1619 551 1644 nemo
599 1605 737 1643 servari
783 1618 846 1642 seu
892 1604 939 1642 ad
975 1609 1118 1656 patrem
1155 1605 1347 1656 pervenire
1383 1619 1546 1656 unquam
1582 1611 1717 1657 potest.

195 1671 352 1708 Vertant
381 1683 419 1707 se
448 1670 563 1719 igitur
592 1669 652 1706 hic
680 1682 754 1719 quo
782 1670 921 1712 volent,
949 1673 1046 1707 certe
1076 1674 1139 1706 aut
1166 1682 1300 1720 pueros
1328 1683 1347 1706 a
1373 1670 1525 1707 Christo
1544 1670 1719 1721 omnique

193 1736 353 1773 foederis
390 1735 637 1786 promissione
674 1740 709 1771 et
745 1733 902 1784 proinde
937 1748 957 1771 a
995 1734 1113 1771 salute
1150 1747 1297 1784 quoque
1332 1734 1411 1784 ipsa
1448 1734 1658 1777 excludent.
1687 1735 1718 1772 si

190 1801 276 1839 illos
313 1814 431 1852 neque
468 1800 766 1837 circumcisionis
803 1813 923 1850 neque
961 1799 1139 1850 baptismi
1175 1799 1364 1845 mysteriis
1402 1799 1624 1850 participare
1658 1799 1716 1836 di-

192 1870 292 1911 cant,
327 1871 363 1903 et
399 1871 478 1902 tum
506 1864 723 1902 mendacem
754 1864 894 1901 facient
924 1877 1006 1901 cum
1035 1864 1182 1901 Patrem
1210 1863 1334 1914 ipsum
1364 1863 1494 1907 Deum,
1522 1863 1586 1914 qui
1613 1877 1650 1901 se
1677 1864 1717 1901 in

192 1929 340 1967 foedere
385 1928 537 1966 seminis
578 1941 727 1978 quoque
770 1927 893 1965 nostri
930 1927 1049 1965 Deum
1078 1927 1168 1964 iore
1204 1927 1404 1977 promittit,
1442 1932 1521 1964 tum
1560 1940 1644 1965 vero
1682 1931 1718 1965 et

193 1994 382 2031 Christum
421 1992 639 2038 Dominum,
676 1992 740 2042 qui
776 1992 868 2029 adeo
906 2005 1064 2040 regnum
1104 1991 1292 2029 coelorum
1330 1991 1377 2028 ad
1404 2004 1540 2042 pueros
1568 1991 1718 2042 proprie

191 2059 379 2110 pertinere
416 2062 588 2103 testatur,
624 2061 663 2095 ut
701 2057 765 2107 qui
791 2057 869 2094 illis
898 2056 1038 2094 similes
1067 2069 1143 2094 non
1173 2056 1260 2101 sint,
1288 2056 1334 2093 ab
1363 2068 1404 2093 co
1435 2069 1563 2093 omnes
1591 2056 1718 2093 exclu-

191 2124 266 2161 dat.
322 2125 396 2160 Aut
436 2122 468 2159 si
494 2122 619 2172 pueris
647 2121 912 2171 mysteriorum
942 2120 1269 2172 participationem
1298 2120 1529 2171 permittant.
1556 2121 1718 2171 pruden-

190 2188 304 2225 tiores
342 2190 439 2224 certe
476 2190 584 2223 erunt
620 2185 701 2236 ipso
736 2185 827 2229 Deo,
864 2184 928 2235 qui
971 2190 1049 2222 tum
1086 2186 1250 2222 infantes
1278 2198 1297 2222 a
1328 2185 1612 2222 circumcisione
1639 2198 1716 2223 non

190 2251 403 2296 excluserit,
437 2255 631 2302 propterea
668 2249 768 2301 quod
803 2251 883 2287 eius
921 2249 1098 2302 mysterio
1136 2249 1416 2300 participarent,
1451 2249 1596 2287 etiamsi
1623 2249 1714 2286 illud

189 2316 314 2353 animo
361 2315 558 2365 complecti
602 2327 680 2352 non
725 2318 893 2365 possent,
935 2314 1008 2364 ipsi
1045 2319 1167 2351 tamen
1205 2326 1268 2351 eos
1305 2327 1325 2350 a
1365 2313 1552 2363 baptismo
1588 2317 1716 2351 arcent

189 2384 385 2429 propterea
412 2378 511 2428 quod
540 2377 642 2414 illius
671 2377 847 2426 mysteria
874 2377 1062 2427 percipere
1091 2389 1168 2413 non
1205 2376 1361 2426 possint,
1390 2375 1536 2413 etiamsi
1562 2375 1614 2412 eis
1643 2375 1716 2413 lar-

189 2444 341 2493 giantur
367 2443 519 2480 illorum
549 2441 890 2493 participationem.
917 2441 999 2479 Nos
1028 2441 1119 2478 certi
1147 2446 1251 2478 extra
1281 2440 1490 2483 Christum,
1517 2440 1715 2489 mysticam

190 2506 367 2557 baptismi
404 2506 525 2544 nostri
553 2510 704 2549 vestem,
732 2505 919 2542 neminem
949 2504 1088 2541 servari
1116 2517 1237 2554 posse,
1264 2517 1284 2540 a
1322 2502 1586 2552 mysteriorum
1614 2515 1715 2552 sym-

191 2572 287 2610 bolis
322 2585 385 2609 eos
420 2584 497 2608 non
533 2583 714 2616 arcemus,
743 2583 839 2620 quos
868 2569 1068 2619 mysteriis,
1095 2569 1242 2607 etiamsi
1270 2569 1334 2606 illa
1363 2568 1488 2606 animo
1518 2566 1716 2617 complecti

188 2650 265 2675 non
300 2636 460 2688 possint,
496 2640 594 2673 certo
631 2635 855 2686 participare
893 2635 1043 2678 scimus,
1070 2638 1181 2685 atque
1209 2634 1269 2671 hic
1298 2633 1403 2684 sequi
1430 2633 1614 2670 malumus
1643 2631 1714 2668 Dei

187 2700 311 2739 Patris
339 2699 550 2750 exemplum
576 2705 612 2737 et
639 2699 883 2744 voluntatem,
914 2711 996 2735 cum
1024 2711 1097 2749 qua
1125 2711 1229 2735 suam
1260 2710 1407 2748 quoque
1436 2696 1605 2733 Christus
1632 2695 1713 2746 ipse

188 2765 375 2803 Dominus
403 2767 531 2801 noster
561 2763 771 2813 coniungit,
797 2777 910 2815 quam
938 2777 1065 2801 eorum
1094 2763 1158 2814 qui
1185 2763 1363 2801 adversus
1390 2763 1491 2800 illam
1521 2776 1540 2800 a
1560 2762 1714 2812 symbo-

191 2830 238 2868 lis
265 2829 527 2880 mysteriorum
557 2833 684 2866 arcent
713 2842 787 2874 eos,
814 2829 877 2879 qui
905 2828 1082 2879 mysteria
1111 2841 1236 2866 secum
1262 2833 1430 2878 reputare
1450 2840 1525 2865 non
1545 2833 1717 2878 possunt,
