1818 3178
1568 113 1639 149 341

110 221 326 273 Westphalo
356 221 491 267 doceri,
519 222 618 272 quod
647 224 683 259 et
710 234 778 260 nos
807 221 995 268 docemus,
1028 222 1174 260 etiamsi
1202 221 1413 261 doctrinam
1438 223 1523 270 (fol.
1541 224 1632 270 119)

108 291 275 325 nostram
311 286 401 324 diris
437 287 611 324 omnibus
648 287 839 326 devoveat.
893 287 952 326 Ex
989 287 1046 325 his
1079 287 1195 337 igitur
1231 287 1405 326 omnibus
1440 287 1550 325 facile
1576 291 1633 325 est

106 352 241 397 videre,
276 354 457 402 quantum
491 350 579 388 fidei
614 351 661 389 sit
695 351 937 389 tribuendum
973 351 1081 389 furiis
1125 351 1400 403 Westphalicis‚
1435 364 1529 402 quae
1554 364 1632 390 non

105 420 262 467 possunt
290 415 561 466 conquiescere,
587 416 660 454 nisi
688 430 832 455 sursum
860 430 903 454 ac
931 417 1103 455 deorsum
1131 417 1257 454 omnia
1285 417 1476 463 misceant,
1502 416 1631 454 novis—

105 493 176 530 que
202 492 348 517 rursum
375 479 497 517 turbis
524 479 711 518 Ecclesias
738 481 966 531 perturbent.
997 480 1139 518 Similis
1165 480 1417 531 impudentiae
1443 484 1510 526 est,
1529 479 1630 531 quod

103 543 220 589 addit,
255 556 314 580 me
348 542 431 581 ideo
469 543 641 582 simulare
678 544 960 582 consensionem
995 545 1034 582 in
1069 550 1290 594 argumento
1328 545 1399 582 hoc
1434 545 1479 582 de
1507 545 1632 582 Coena

103 607 258 645 Domini
294 620 377 646 cum
414 610 633 658 Augustana
670 610 925 654 Confessione,
970 613 1009 646 ut
1045 609 1098 647 ita
1134 609 1281 647 demum
1315 610 1460 648 facilius
1495 623 1554 648 me
1589 611 1630 648 in

105 673 235 722 Regna
270 673 395 710 nescio
432 687 526 724 quae
561 678 596 712 et
632 674 819 712 Ecclesias
854 674 1023 723 ingerere
1058 673 1211 725 possim.
1267 674 1436 712 Somniat
1463 675 1629 725 Erinnys

104 737 369 789 Westphalica,
402 738 526 776 omnia
562 739 692 788 Regna
719 742 890 789 oportere
915 751 957 776 ea
985 737 1192 783 observare,
1219 751 1313 789 quae
1339 738 1494 790 Imperii
1519 743 1628 777 auto-

102 802 212 841 ritate
256 803 487 849 sanciuntur,
531 817 651 854 neque
686 803 810 841 locum
851 816 931 840 esse
966 816 1127 854 usquam
1159 803 1409 841 restituendae
1443 804 1630 854 religioni,

103 867 175 904 nisi
211 881 275 918 per
311 867 490 905 sancitam
525 867 679 918 Imperii
715 867 913 905 autoritate
941 869 1201 916 Augustanam
1229 868 1524 907 Confessionem.
1576 871 1629 907 At

102 944 189 969 vero
225 936 371 970 tantum
404 932 508 969 abest
544 935 584 969 ut
621 931 763 968 aditum
799 931 958 982 aliquem
986 931 1034 968 ad
1061 931 1355 969 insinuationem
1380 933 1630 971 restituendae

102 996 295 1045 religionis
340 996 451 1033 faciat
487 995 667 1032 autoritas
703 996 949 1044 Augustanae
986 995 1255 1039 Confessionis,
1292 1008 1375 1033 cum
1411 996 1513 1041 alibi,
1547 1001 1628 1034 tum

102 1073 188 1098 vero
224 1060 395 1111 inprimis
433 1060 493 1097 hic
527 1060 568 1097 in
603 1072 684 1097 mea
719 1060 851 1110 patria,
888 1060 934 1096 ad
970 1073 1081 1110 quam
1117 1060 1277 1098 reditum
1303 1074 1427 1098 meum
1454 1063 1630 1111 sugillare

103 1124 173 1161 hoc
199 1125 282 1161 loco
313 1124 551 1174 Westphalus
578 1124 736 1168 videtur,
763 1127 805 1161 ut
832 1124 894 1161 vix
921 1124 993 1161 alia
1019 1137 1059 1161 re
1086 1124 1160 1161 ulla
1187 1125 1303 1162 animi
1330 1127 1552 1164 nostratium
1581 1127 1629 1164 ab

101 1188 330 1226 instituenda
356 1188 549 1237 religionis
577 1188 812 1225 restitutione
839 1189 994 1225 alienari
1024 1188 1144 1237 magis
1180 1189 1337 1240 possint,
1364 1204 1474 1240 quam
1494 1191 1524 1228 si
1543 1192 1627 1242 quis

99 1254 202 1290 illam
237 1253 284 1290 ad
320 1254 581 1301 Augustanam
619 1252 912 1299 Confessionem,
949 1255 1133 1303 quatenus
1169 1266 1214 1290 ex
1248 1254 1402 1304 Imperii
1429 1255 1628 1294 autoritate

101 1316 244 1353 sancita
272 1319 339 1359 est,
365 1315 597 1364 adstringere
624 1315 726 1353 velit.
756 1315 946 1352 Nimirum
973 1315 1131 1366 quisque
1159 1316 1344 1361 clamaret,
1363 1317 1496 1355 violari
1512 1319 1629 1357 avitas

100 1380 247 1418 Patriae
282 1380 473 1417 libertates
516 1384 551 1417 et
579 1380 728 1430 quidem
754 1380 793 1417 in
823 1393 933 1418 causa
962 1381 1129 1418 omnium
1155 1381 1389 1431 gravissima,
1418 1384 1450 1421 si
1476 1384 1628 1433 religio-

99 1445 158 1482 nis
192 1445 273 1495 ipsa
299 1443 483 1481 restitutio
511 1443 558 1481 ad
584 1444 853 1495 praescriptum
879 1447 1122 1494 Augustanae
1150 1446 1331 1484 duntaxat
1359 1447 1629 1494 Confessionis,

98 1510 296 1547 autoritate
322 1508 476 1559 Imperii
504 1509 679 1553 sancitae,
706 1513 955 1553 revocaretur,
983 1523 1066 1547 cum
1092 1510 1131 1547 id
1157 1510 1255 1548 inter
1282 1511 1373 1549 alias
1399 1512 1537 1562 patrias
1565 1513 1626 1550 hic

97 1573 287 1611 libertates
324 1586 466 1624 semper
494 1572 541 1610 sit
569 1574 821 1619 observatum,
849 1578 889 1611 ut
916 1574 1088 1623 Regnum
1115 1574 1294 1612 Poloniae
1321 1575 1368 1613 ad
1395 1577 1516 1614 nullas
1544 1590 1625 1614 om-

100 1638 190 1675 nino
227 1638 381 1688 Imperii
417 1638 629 1675 sanctiones
667 1637 963 1687 adstringeretur
990 1652 1167 1690 unquam,
1194 1639 1331 1683 nedum
1360 1645 1399 1678 ut
1427 1641 1478 1678 eis
1507 1642 1626 1679 subii-

99 1706 241 1740 ceretur
276 1703 351 1740 ullo
379 1702 503 1741 modo.
532 1702 751 1753 Westphalo
774 1704 902 1753 judice
927 1704 1043 1753 igitur
1070 1705 1260 1742 insinuare
1287 1719 1345 1743 me
1372 1719 1414 1743 eo
1443 1707 1627 1753 volebam,

99 1767 200 1818 quod
235 1767 380 1806 animos
416 1768 582 1805 omnium
618 1781 639 1804 a
674 1781 733 1805 me
769 1769 853 1816 (fol.
884 1770 975 1816 120)
1011 1769 1173 1807 maxime
1200 1770 1448 1808 alienaturum
1475 1776 1566 1817 erat,
1595 1774 1626 1811 si

100 1833 301 1871 obtendere
326 1833 539 1871 voluissem.
587 1832 659 1869 Sed
686 1832 852 1883 Erinnys
880 1832 1134 1884 Westplialica
1161 1847 1205 1871 ex
1234 1847 1299 1872 suo
1327 1837 1466 1884 angulo
1495 1837 1624 1875 orbem

98 1898 314 1936 universum
347 1896 510 1942 metitur,
537 1900 572 1934 et
601 1910 684 1934 cum
718 1911 838 1947 neque
874 1898 985 1935 finem
1013 1911 1133 1949 neque
1161 1899 1315 1936 modum
1342 1900 1462 1938 ullum
1488 1901 1623 1940 habeat

97 1963 301 2002 mentendii
345 1961 572 2013 depravandi
608 1975 650 1999 ac
688 1962 941 2000 calumniandi
976 1967 1105 2001 nostra
1142 1965 1280 2009 omnia,
1325 1965 1505 2016 permittit
1551 1966 1624 2004 sibi

96 2030 273 2081 perfricta
300 2029 424 2066 fronte
450 2028 490 2065 in
517 2040 598 2073 nOS,
625 2027 808 2078 quidquid
836 2028 869 2065 ei
896 2028 936 2065 in
962 2032 1125 2066 mentem
1151 2029 1265 2074 venit,
1292 2030 1438 2068 etiamsi
1465 2031 1623 2069 vanissi-

97 2109 198 2133 mum
224 2107 304 2132 esse
331 2097 487 2131 constet.
516 2093 595 2129 Ubi
623 2105 707 2129 vero
734 2106 794 2130 me
819 2093 960 2142 ingessi
987 2094 1027 2131 in
1054 2094 1185 2143 Regna
1212 2098 1247 2132 et
1275 2094 1474 2141 Ecclesias,
1493 2110 1622 2146 quem-

95 2159 298 2199 admodum
326 2162 487 2208 nugatur
516 2157 782 2208 Westphalus?
811 2158 953 2196 Extant
981 2159 1189 2197 vocationis
1218 2172 1319 2197 meae
1336 2160 1496 2198 illustria
1515 2162 1621 2199 testi-

95 2226 235 2270 monia,
261 2229 339 2262 tam
366 2223 426 2260 hic
451 2223 492 2260 in
519 2236 599 2260 mea
625 2223 757 2273 patria,
784 2237 897 2274 quam
923 2224 1014 2261 alibi
1041 2223 1191 2275 ubique,
1227 2225 1362 2275 quibus
1391 2239 1479 2263 sane
1498 2225 1622 2265 Wcst-

96 2291 228 2342 phalus
266 2302 349 2326 cum
385 2288 560 2325 omnibus
596 2290 672 2326 suis
705 2288 825 2334 furiis,
852 2288 964 2326 fidem
991 2289 1174 2338 abrogare
1201 2303 1278 2327 non
1305 2294 1438 2340 potest.
1495 2291 1622 2331 Quare

98 2369 200 2395 suam
236 2354 360 2406 potius
397 2366 506 2403 quam
534 2366 651 2390 meam
681 2353 915 2390 vocationem
942 2354 1132 2391 intueatur
1160 2354 1412 2405 WestphaIus,
1440 2369 1622 2408 suumque

95 2423 134 2459 in
162 2422 225 2458 illa
254 2418 514 2460 ministerium,
541 2421 582 2455 ut
609 2418 701 2455 illud
731 2417 809 2455 Deo
838 2419 876 2455 in
905 2418 996 2455 Eius
1025 2419 1112 2456 olim
1141 2419 1279 2456 iudicio
1307 2420 1514 2470 approbare
1531 2435 1619 2472 pos-

96 2488 162 2533 sit3
191 2499 310 2536 neque
346 2485 442 2522 enim
483 2484 576 2520 clam
612 2487 678 2533 est,
714 2483 802 2533 quid
839 2483 883 2521 de
919 2497 961 2521 eo
988 2484 1154 2535 plerique
1181 2485 1354 2529 sentiant,
1381 2486 1493 2524 etiam
1522 2489 1619 2527 cives

96 2551 165 2594 sui,
200 2564 246 2587 ne
281 2549 370 2600 quid
407 2548 451 2585 dc
486 2548 569 2585 aliis
598 2547 733 2585 dicam.
788 2547 902 2585 Quod
930 2561 1040 2598 porro
1069 2549 1116 2585 ad
1143 2549 1279 2587 erroris
1307 2551 1379 2588 mei
1416 2552 1554 2589 semina
1584 2558 1619 2590 ct

97 2615 288 2653 doctrinae
324 2626 410 2651 suae
445 2612 554 2660 (boni
582 2612 696 2649 tritici
724 2612 882 2659 scilicet)
911 2613 1072 2650 fructum
1102 2614 1246 2656 attinet,
1283 2619 1379 2652 certe
1405 2616 1497 2653 adeo
1525 2617 1620 2655 nihil

95 2679 156 2716 hic
192 2691 284 2729 opus
319 2681 397 2714 erat
433 2689 542 2726 opera
580 2689 658 2713 mea
695 2676 741 2713 ad
776 2676 1204 2727 impediendumtritici
1240 2679 1350 2717 huius
1377 2680 1620 2731 Westphalici

93 2744 268 2786 fructum,
304 2755 325 2779 a
361 2753 433 2791 quo
470 2740 611 2790 alioqui
647 2740 765 2777 maior
803 2740 994 2777 hominum
1030 2754 1114 2792 pars
1150 2742 1291 2780 dudum
1326 2746 1431 2792 (ante
1457 2745 1618 2782 reditum

96 2820 183 2844 sane
217 2807 358 2853 meum)
394 2818 547 2856 prorsus
584 2805 822 2850 abhorrebat,
856 2809 897 2842 ut
931 2805 1025 2843 mihi
1061 2805 1278 2857 depellenda
1314 2808 1426 2846 fuerit
1453 2809 1615 2859 suspicio

93 2872 205 2910 etiam
241 2871 339 2922 apud
374 2871 527 2916 multos,
560 2870 624 2920 qui
659 2883 717 2908 me
753 2875 920 2920 utraque,
956 2869 1055 2920 quod
1093 2870 1240 2917 dicitur,
1276 2872 1365 2910 sella
1391 2871 1517 2910 sedere
1545 2872 1614 2910 hac
