1818 3178
539 122 752 152 RESPONSJO
784 122 876 151 Anv.
908 122 1073 151 nosmM.
1499 110 1570 150 419

51 226 236 277 pheticam
263 226 351 264 item
378 229 491 276 atque
520 226 1022 278 Apostolicam'doctrinam
1050 239 1117 277 pro
1148 238 1215 263 suo
1243 225 1500 268 fundamento,
1520 225 1579 261 cui

49 289 129 340 ipsa
165 293 342 340 perpetuo
383 287 498 326 inniti
535 289 682 336 debeat,
717 293 927 327 reverenter
964 289 1137 338 agnoscit
1174 288 1416 338 sequiturque
1450 299 1577 324 vocem

50 354 219 392 Pastoris
247 354 316 396 sui.
354 366 431 391 non
468 359 592 392 autem
627 354 685 391 illi
714 367 824 392 sensu
852 367 895 392 ac
923 367 1108 392 consensu
1137 366 1201 391 suo
1229 352 1447 404 praecurrit.
1503 351 1579 389 Ne·

48 431 180 468 gamus
207 430 308 465 ergO,
337 430 484 455 sensum
513 431 556 455 ac
579 431 802 456 consensum
822 418 932 456 ullius
949 418 1104 456 omnino
1124 417 1328 461 Ecclesiae,
1342 416 1480 455 nedum
1495 418 1580 464 (70)

51 483 142 528 eius,
176 495 286 532 quam
327 482 470 519 Hosius
506 486 734 534 propugnat,
770 496 838 534 pro
876 496 964 522 vero
1000 482 1173 532 legitimo
1198 487 1308 532 atque
1334 486 1484 519 aeterno
1513 480 1582 519 Dei

51 547 165 585 verbo
193 546 406 585 habendum
434 560 526 591 esse.
563 548 595 585 si
622 560 698 585 non
728 560 858 585 vocem
886 547 1053 585 Pastoris
1081 547 1139 585 sui
1167 550 1354 597 sequatur,
1389 558 1466 583 non
1493 546 1581 583 item

51 624 71 648 a
109 610 230 660 capite
266 623 332 648 suo
371 615 452 649 tota
489 611 711 662 dependeat,
745 616 780 649 et
815 611 1059 662 Propheticae
1086 615 1197 662 atque
1226 611 1465 661 Apostolicae
1491 609 1581 647 doc·

50 674 171 713 trinae
199 688 278 713 non
304 676 408 714 omni
435 689 481 714 ex
508 681 613 727 parte
641 676 798 715 nitatur.
844 676 930 714 Imo
958 689 1058 722 vero,
1084 676 1151 714 ubi
1178 676 1217 714 id
1246 690 1324 714 non
1352 677 1584 721 observetur,

47 740 188 778 larvam
227 754 316 779 sane
353 741 589 792 pestilentem
629 733 867 799 Catholicae‘
882 741 1072 780 Ecclesiae
1108 745 1145 779 et
1172 742 1295 779 furum
1324 754 1367 779 ac
1395 742 1581 779 latronum

50 805 264 856 speluncam
301 806 611 844 nocentissimam
648 819 741 852 esse,
782 806 922 844 Christi
956 806 1076 858 ipsius
1113 806 1269 844 Domini
1308 819 1399 844 voce
1426 808 1583 844 affirma·

51 881 147 908 mus,
186 870 351 908 Tantum
379 870 499 915 abest,
526 873 584 916 ut,
612 883 725 921 quam
753 870 898 909 Hosius
926 870 1111 917 obtendit,
1136 883 1205 921 pro
1234 870 1429 908 Catholica
1446 870 1586 908 Christi

53 933 221 971 Ecclesia
256 935 453 985 ipsumque
488 935 581 972 adeo
619 934 781 973 Hosium
818 948 887 986 pro
923 935 1092 973 membro
1128 934 1230 972 illius
1271 935 1349 971 ullo
1380 934 1490 971 modo
1520 934 1584 971 lia-

54 997 219 1042 beamus,
254 999 371 1036 multo
407 999 531 1037 minus
569 1003 692 1036 autem
728 1003 771 1037 ut
799 999 1036 1037 coniuratum
1063 998 1256 1036 Hosianae
1282 998 1474 1035 Ecclesiae
1501 1011 1585 1035 sen·

53 1075 136 1099 sum
162 1075 206 1100 ac
234 1075 458 1101 consensum
486 1063 657 1101 unanimi
686 1063 893 1114 scripturae
919 1063 1037 1100 totius
1054 1063 1170 1100 menti
1189 1061 1367 1112 anteponi
1386 1063 1585 1112 patiamur.

401 1192 465 1230 Ad
496 1192 756 1229 secundam
785 1192 931 1229 simul
958 1204 1012 1229 ac
1038 1191 1236 1229 tertiam

100 1322 150 1359 ita
175 1321 453 1372 respondemuS,
481 1321 596 1372 quod,
622 1335 749 1359 eversa
777 1322 899 1372 prima
927 1321 1041 1360 Hosii
1069 1321 1370 1367 ratiocinatione,
1399 1325 1580 1372 utranque

52 1386 149 1423 hanc
187 1386 298 1423 etiam
328 1399 498 1423 corruere
525 1390 685 1437 oportet.
739 1386 934 1424 Catholica
963 1386 1140 1423 nimirum
1170 1386 1337 1424 Ecclesia
1365 1399 1467 1423 suam
1497 1400 1584 1436 erga

52 1454 163 1501 caput
190 1463 296 1488 suum
326 1449 609 1495 subiectionem,
637 1461 743 1488 suam
760 1452 847 1498 (71)
867 1463 955 1499 erga
976 1450 1168 1488 Pastorem
1190 1463 1295 1487 suum
1317 1450 1581 1495 obedientiam,

52 1527 159 1553 suum
197 1515 237 1552 in
272 1514 496 1565 Prophetica
533 1520 643 1565 atque
670 1515 889 1565 Apostolica
919 1514 1090 1553 doctrina
1117 1514 1400 1552 fundamentum
1427 1528 1580 1565 prorsus

53 1577 287 1615 immutabile
323 1583 501 1629 perpetuo
537 1578 722 1627 agnoscit,
753 1579 867 1631 inque
904 1593 1053 1618 omnem
1091 1593 1241 1618 sensum
1276 1593 1319 1618 ac
1357 1594 1582 1619 consensum

53 1656 162 1680 suum
202 1655 398 1680 censuram
436 1643 587 1681 Christo
624 1642 787 1681 Domino
817 1650 1028 1682 reverenter
1057 1645 1246 1682 submittit
1272 1645 1313 1682 in
1341 1645 1513 1683 doctrina
1541 1658 1584 1683 ac

55 1707 168 1745 verbo
198 1707 328 1758 ipsius.
375 1707 491 1745 Quod
524 1711 768 1758 posteaquam
804 1707 948 1746 Hosius
985 1708 1026 1746 in
1055 1722 1121 1746 sua
1150 1709 1400 1759 creatorisque
1428 1709 1485 1746 sui
1512 1709 1583 1746 Pa-

53 1785 121 1824 pae
158 1772 320 1809 Romani
351 1772 516 1809 Ecclesia
543 1772 665 1810 facere
693 1772 886 1819 detrectat,
913 1773 1034 1824 reipsa
1063 1773 1238 1817 declarat,
1267 1787 1372 1811 suam
1399 1778 1436 1812 et
1463 1775 1585 1826 Papae

55 1837 113 1875 sui
150 1832 357 1873 Ecclesiam
393 1849 472 1874 esse
509 1837 589 1874 sine
626 1837 881 1874 controversia
909 1837 1167 1888 Apostaticam
1193 1838 1304 1888 plane
1331 1852 1351 1876 a
1381 1838 1587 1885 Catholica,

57 1915 100 1940 ac
137 1900 294 1952 proinde
332 1901 672 1939 Antichristianam
710 1914 860 1952 quoque
896 1901 1118 1947 Ecclesiam,
1153 1903 1258 1940 cuius
1285 1903 1428 1954 alioqui
1456 1916 1586 1941 sensus

55 1979 98 2004 ac
135 1979 338 2004 consensus
365 1966 471 2003 aliud
498 1966 595 2003 nihil
623 1966 684 2010 sit,
712 1979 824 2017 quam
854 1966 1049 2004 coniurata
1078 1967 1256 2005 adversus
1285 1967 1476 2005 Christum
1506 1967 1584 2005 Do-

57 2032 202 2069 minum
239 2035 274 2069 et
302 2031 535 2068 Catholicam
563 2030 642 2069 eius
669 2031 879 2069 Ecclesiam
906 2032 1031 2069 furum
1058 2044 1101 2069 ac
1129 2032 1316 2069 latronum
1347 2032 1588 2083 conspiratio,

58 2095 194 2135 nedum
230 2099 272 2133 ut
307 2097 346 2133 in
384 2096 459 2133 ulla
497 2099 600 2146 parte
642 2095 859 2134 Catholicae
888 2095 1028 2133 Christi
1056 2096 1248 2134 Ecclesiae
1276 2097 1447 2135 universa
1476 2097 1588 2136 Hosii

56 2165 91 2199 et
128 2161 249 2211 Papae
288 2160 346 2198 sui
382 2160 551 2197 Ecclesia
589 2160 730 2197 censeri
768 2173 971 2210 sensusque
997 2172 1040 2198 ac
1068 2172 1273 2198 consensus
1299 2160 1400 2198 illius
1427 2174 1494 2211 pro
1522 2174 1587 2199 ex-

56 2236 184 2274 presso
222 2223 293 2261 Dei
329 2223 443 2261 verbo
480 2222 609 2260 haberi
645 2222 926 2273 quoquomodo,
959 2227 1023 2260 aut
1052 2223 1195 2267 debeat,
1222 2227 1287 2261 aut
1315 2224 1425 2261 etiarn
1453 2224 1586 2274 possit.

59 2289 224 2326 Tantum
259 2288 378 2334 abest,
410 2292 453 2325 ut
484 2287 525 2325 in
552 2288 624 2325 hac
652 2287 763 2325 Hosii
792 2290 828 2325 et
854 2288 977 2338 Papae
1004 2288 1061 2325 sui
1089 2288 1258 2326 Ecclesia
1287 2288 1456 2326 doctrina
1485 2288 1588 2327 verbi

60 2353 189 2390 Divini
215 2353 342 2390 locum
370 2352 508 2389 habere
527 2354 611 2401 (72)
637 2351 768 2398 ullum,
798 2352 933 2389 nedum
962 2356 1005 2389 ut
1032 2353 1110 2390 eius
1140 2352 1273 2390 veritas
1301 2352 1347 2390 ab
1375 2353 1477 2391 illius
1505 2366 1589 2391 sen-

59 2430 101 2454 su
130 2429 173 2454 ac
201 2429 385 2454 consensu
413 2416 557 2454 nefario
585 2416 661 2467 peti
688 2415 950 2467 expectarique
977 2421 1100 2467 queat.
1152 2415 1266 2454 Videt
1292 2416 1408 2466 igitur
1436 2417 1591 2464 Hosius,

58 2486 121 2518 aut
158 2482 190 2518 si
229 2481 261 2518 is
290 2480 420 2518 videns
450 2480 567 2518 videri
595 2480 703 2527 nolit,
741 2480 868 2518 vident
895 2480 1046 2518 interim
1073 2480 1125 2532 pii
1152 2494 1293 2526 omnes,
1321 2494 1446 2519 eversa
1472 2482 1592 2532 prima

62 2560 127 2583 sua
163 2545 466 2589 ratiocinatione,
503 2545 615 2582 simul
653 2558 802 2596 quoque
840 2548 876 2583 et
915 2545 1115 2583 secundam
1152 2550 1188 2584 et
1215 2547 1362 2584 tertiam
1392 2547 1594 2585 subsistere

63 2609 351 2661 haudquaquam
378 2622 498 2660 posse,
535 2622 617 2646 cum
646 2609 747 2647 aliud
778 2608 872 2646 nihil
900 2609 986 2655 sint,
1015 2623 1126 2660 quam
1155 2610 1291 2661 prioris
1321 2612 1434 2649 veluti
1453 2625 1592 2663 appen-

63 2674 164 2713 dices
193 2675 390 2726 quaedam.

666 2751 734 2791 Ad
763 2756 996 2803 quartam.

113 2866 210 2905 Dum
247 2868 349 2914 dicit,
386 2881 492 2907 verae
530 2868 738 2907 vocationis
776 2868 814 2906 in
857 2867 959 2906 verbi
996 2867 1205 2907 ministerio
1235 2867 1331 2909 hanc
1359 2881 1436 2909 esse
1466 2874 1593 2914 notam
