<?xml version="1.0" encoding="UTF-8"?>
<!DOCTYPE html PUBLIC "-//W3C//DTD XHTML 1.0 Transitional//EN"
    "http://www.w3.org/TR/xhtml1/DTD/xhtml1-transitional.dtd">
<html xmlns="http://www.w3.org/1999/xhtml" xml:lang="en" lang="en">
 <head>
  <title>
</title>
<meta http-equiv="Content-Type" content="text/html;charset=utf-8" />
  <meta name='ocr-system' content='tesseract 3.04.00' />
  <meta name='ocr-capabilities' content='ocr_page ocr_carea ocr_par ocr_line ocrx_word'/>
</head>
<body>
  <div class='ocr_page' id='page_1' title='image "./operatameditaqua01lask_0336.png"; bbox 0 0 1818 3178; ppageno 0'>
   <div class='ocr_carea' id='block_1_1' title="bbox 131 137 1289 175">
    <p class='ocr_par' dir='ltr' id='par_1_1' title="bbox 131 137 1289 175">
     <span class='ocr_line' id='line_1_1' title="bbox 131 137 1289 175; baseline -0.004 -4"><span class='ocrx_word' id='word_1_1' title='bbox 131 140 204 175; x_wconf 78' lang='lat'>204</span> <span class='ocrx_word' id='word_1_2' title='bbox 439 144 443 151; x_wconf 93' lang='lat'><em>&#39;</em></span> <span class='ocrx_word' id='word_1_3' title='bbox 481 143 532 169; x_wconf 84' lang='lat' dir='ltr'>DE</span> <span class='ocrx_word' id='word_1_4' title='bbox 561 138 842 168; x_wconf 73' lang='lat' dir='ltr'>SAGRAMENTIS</span> <span class='ocrx_word' id='word_1_5' title='bbox 873 138 1085 166; x_wconf 73' lang='lat' dir='ltr'>ECCLESIAE</span> <span class='ocrx_word' id='word_1_6' title='bbox 1112 137 1289 167; x_wconf 79' lang='lat' dir='ltr'>CHRISTI.</span> 
     </span>
    </p>
   </div>
   <div class='ocr_carea' id='block_1_2' title="bbox 115 238 1687 2797">
    <p class='ocr_par' dir='ltr' id='par_1_2' title="bbox 119 238 1687 986">
     <span class='ocr_line' id='line_1_2' title="bbox 128 238 1643 292; baseline -0.007 -5"><span class='ocrx_word' id='word_1_7' title='bbox 128 261 212 286; x_wconf 87' lang='lat' dir='ltr'>caro</span> <span class='ocrx_word' id='word_1_8' title='bbox 247 254 308 285; x_wconf 86' lang='lat' dir='ltr'>aut</span> <span class='ocrx_word' id='word_1_9' title='bbox 341 243 550 283; x_wconf 87' lang='lat' dir='ltr'>substantia</span> <span class='ocrx_word' id='word_1_10' title='bbox 584 242 661 292; x_wconf 84' lang='lat' dir='ltr'>ipsa</span> <span class='ocrx_word' id='word_1_11' title='bbox 700 240 987 281; x_wconf 78' lang='lat' dir='ltr'>demonstratur,</span> <span class='ocrx_word' id='word_1_12' title='bbox 1024 239 1088 277; x_wconf 89' lang='lat' dir='ltr'>sed</span> <span class='ocrx_word' id='word_1_13' title='bbox 1124 240 1211 288; x_wconf 83' lang='lat' dir='ltr'>agni</span> <span class='ocrx_word' id='word_1_14' title='bbox 1245 239 1367 290; x_wconf 89' lang='lat' dir='ltr'>potius</span> <span class='ocrx_word' id='word_1_15' title='bbox 1404 238 1579 277; x_wconf 76' lang='lat' dir='ltr'>mactatio</span> <span class='ocrx_word' id='word_1_16' title='bbox 1609 242 1643 277; x_wconf 70' lang='lat' dir='ltr'>et</span> 
     </span>
     <span class='ocr_line' id='line_1_3' title="bbox 126 303 1641 355; baseline -0.006 -5"><span class='ocrx_word' id='word_1_17' title='bbox 126 310 375 355; x_wconf 89' lang='lat' dir='ltr'>manducatio,</span> <span class='ocrx_word' id='word_1_18' title='bbox 402 312 441 345; x_wconf 87' lang='lat' dir='ltr'>ut</span> <span class='ocrx_word' id='word_1_19' title='bbox 468 321 488 344; x_wconf 83' lang='lat' dir='ltr'>a</span> <span class='ocrx_word' id='word_1_20' title='bbox 516 305 677 343; x_wconf 92' lang='lat' dir='ltr'>Domino</span> <span class='ocrx_word' id='word_1_21' title='bbox 704 304 875 342; x_wconf 86' lang='lat' dir='ltr'>instituta</span> <span class='ocrx_word' id='word_1_22' title='bbox 903 308 993 342; x_wconf 87' lang='lat' dir='ltr'>erat.</span> <span class='ocrx_word' id='word_1_23' title='bbox 1022 303 1176 354; x_wconf 83' lang='lat' dir='ltr'><strong>Alioqui</strong></span> <span class='ocrx_word' id='word_1_24' title='bbox 1202 304 1283 355; x_wconf 86' lang='lat' dir='ltr'>ipsa</span> <span class='ocrx_word' id='word_1_25' title='bbox 1309 304 1397 353; x_wconf 83' lang='lat' dir='ltr'>agni</span> <span class='ocrx_word' id='word_1_26' title='bbox 1420 303 1536 355; x_wconf 80' lang='lat' dir='ltr'><strong>typici</strong></span> <span class='ocrx_word' id='word_1_27' title='bbox 1557 317 1641 341; x_wconf 74' lang='lat' dir='ltr'>caro</span> 
     </span>
     <span class='ocr_line' id='line_1_4' title="bbox 125 368 1642 419; baseline -0.006 -5"><span class='ocrx_word' id='word_1_28' title='bbox 125 390 199 414; x_wconf 90' lang='lat' dir='ltr'>non</span> <span class='ocrx_word' id='word_1_29' title='bbox 228 378 304 413; x_wconf 89' lang='lat' dir='ltr'>erat</span> <span class='ocrx_word' id='word_1_30' title='bbox 330 371 528 412; x_wconf 80' lang='lat' dir='ltr'>transilitio</span> <span class='ocrx_word' id='word_1_31' title='bbox 557 374 620 407; x_wconf 88' lang='lat' dir='ltr'>aut</span> <span class='ocrx_word' id='word_1_32' title='bbox 647 370 826 407; x_wconf 78' lang='lat' dir='ltr'>transitus</span> <span class='ocrx_word' id='word_1_33' title='bbox 855 381 973 418; x_wconf 90' lang='lat' dir='ltr'>neque</span> <span class='ocrx_word' id='word_1_34' title='bbox 1001 368 1148 417; x_wconf 83' lang='lat' dir='ltr'>signum</span> <span class='ocrx_word' id='word_1_35' title='bbox 1168 369 1444 412; x_wconf 83' lang='lat' dir='ltr'>transilitionis,</span> <span class='ocrx_word' id='word_1_36' title='bbox 1472 369 1642 419; x_wconf 85' lang='lat' dir='ltr'>quando-</span> 
     </span>
     <span class='ocr_line' id='line_1_5' title="bbox 125 427 1644 490; baseline -0.005 -14"><span class='ocrx_word' id='word_1_37' title='bbox 125 439 270 490; x_wconf 82' lang='lat' dir='ltr'>quidem</span> <span class='ocrx_word' id='word_1_38' title='bbox 305 448 432 473; x_wconf 86' lang='lat' dir='ltr'>omnes</span> <span class='ocrx_word' id='word_1_39' title='bbox 469 439 544 470; x_wconf 77' lang='lat' dir='ltr'>tum</span> <span class='ocrx_word' id='word_1_40' title='bbox 581 446 699 480; x_wconf 73' lang='lat' dir='ltr'>agnos</span> <span class='ocrx_word' id='word_1_41' title='bbox 736 432 851 469; x_wconf 87' lang='lat' dir='ltr'>Pesah</span> <span class='ocrx_word' id='word_1_42' title='bbox 889 427 967 468; x_wconf 83' lang='lat' dir='ltr'>esse</span> <span class='ocrx_word' id='word_1_43' title='bbox 994 431 1232 482; x_wconf 81' lang='lat' dir='ltr'><strong>oportuisset,</strong></span> <span class='ocrx_word' id='word_1_44' title='bbox 1269 432 1300 469; x_wconf 89' lang='lat' dir='ltr'>si</span> <span class='ocrx_word' id='word_1_45' title='bbox 1327 433 1394 469; x_wconf 79' lang='lat' dir='ltr'>sub</span> <span class='ocrx_word' id='word_1_46' title='bbox 1424 431 1644 482; x_wconf 84' lang='lat' dir='ltr'>pronomine</span> 
     </span>
     <span class='ocr_line' id='line_1_6' title="bbox 129 495 1643 547; baseline -0.002 -11"><span class='ocrx_word' id='word_1_47' title='bbox 129 501 254 538; x_wconf 52' lang='lat' dir='ltr'>&#39;‘hoc&#39;&#39;</span> <span class='ocrx_word' id='word_1_48' title='bbox 290 498 498 537; x_wconf 86' lang='lat' dir='ltr'>substantia</span> <span class='ocrx_word' id='word_1_49' title='bbox 535 497 612 547; x_wconf 90' lang='lat' dir='ltr'>ipsa</span> <span class='ocrx_word' id='word_1_50' title='bbox 655 496 776 534; x_wconf 85' lang='lat' dir='ltr'>carnis</span> <span class='ocrx_word' id='word_1_51' title='bbox 813 495 1021 544; x_wconf 73' lang='lat' dir='ltr'>agnellinae</span> <span class='ocrx_word' id='word_1_52' title='bbox 1058 495 1405 541; x_wconf 80' lang='lat' dir='ltr'>demonstrabatur3</span> <span class='ocrx_word' id='word_1_53' title='bbox 1433 499 1469 534; x_wconf 87' lang='lat' dir='ltr'>et</span> <span class='ocrx_word' id='word_1_54' title='bbox 1504 497 1643 533; x_wconf 88' lang='lat' dir='ltr'>frustra</span> 
     </span>
     <span class='ocr_line' id='line_1_7' title="bbox 123 559 1644 609; baseline -0.003 -6"><span class='ocrx_word' id='word_1_55' title='bbox 123 570 200 604; x_wconf 85' lang='lat' dir='ltr'>erat</span> <span class='ocrx_word' id='word_1_56' title='bbox 225 568 282 602; x_wconf 89' lang='lat' dir='ltr'>tot</span> <span class='ocrx_word' id='word_1_57' title='bbox 309 563 484 601; x_wconf 87' lang='lat' dir='ltr'>adhibere</span> <span class='ocrx_word' id='word_1_58' title='bbox 511 561 737 599; x_wconf 79' lang='lat' dir='ltr'>ceremonias</span> <span class='ocrx_word' id='word_1_59' title='bbox 766 561 862 598; x_wconf 82' lang='lat' dir='ltr'>circa</span> <span class='ocrx_word' id='word_1_60' title='bbox 890 560 978 609; x_wconf 80' lang='lat' dir='ltr'>agni</span> <span class='ocrx_word' id='word_1_61' title='bbox 1003 559 1105 597; x_wconf 89' lang='lat' dir='ltr'>illius</span> <span class='ocrx_word' id='word_1_62' title='bbox 1132 560 1470 605; x_wconf 78' lang='lat' dir='ltr'>manducationem,</span> <span class='ocrx_word' id='word_1_63' title='bbox 1507 561 1537 598; x_wconf 92' lang='lat' dir='ltr'>si</span> <span class='ocrx_word' id='word_1_64' title='bbox 1566 561 1644 598; x_wconf 88' lang='lat' dir='ltr'>sola</span> 
     </span>
     <span class='ocr_line' id='line_1_8' title="bbox 125 622 1687 671; baseline -0.003 -6"><span class='ocrx_word' id='word_1_65' title='bbox 125 628 243 665; x_wconf 81' lang='lat' dir='ltr'>carnis</span> <span class='ocrx_word' id='word_1_66' title='bbox 278 626 378 663; x_wconf 89' lang='lat' dir='ltr'>illius</span> <span class='ocrx_word' id='word_1_67' title='bbox 414 624 621 661; x_wconf 82' lang='lat' dir='ltr'>substantia</span> <span class='ocrx_word' id='word_1_68' title='bbox 657 623 703 660; x_wconf 88' lang='lat' dir='ltr'>ad</span> <span class='ocrx_word' id='word_1_69' title='bbox 740 623 855 660; x_wconf 76' lang='lat' dir='ltr'>Pes:·h</span> <span class='ocrx_word' id='word_1_70' title='bbox 891 623 1068 671; x_wconf 80' lang='lat' dir='ltr'>mysteria</span> <span class='ocrx_word' id='word_1_71' title='bbox 1096 622 1353 660; x_wconf 84' lang='lat' dir='ltr'>adumbranda</span> <span class='ocrx_word' id='word_1_72' title='bbox 1381 623 1470 660; x_wconf 90' lang='lat' dir='ltr'>satis</span> <span class='ocrx_word' id='word_1_73' title='bbox 1496 623 1641 660; x_wconf 79' lang='lat' dir='ltr'>fuisset.</span> <span class='ocrx_word' id='word_1_74' title='bbox 1684 631 1687 634; x_wconf 79' lang='grc'>’</span> 
     </span>
     <span class='ocr_line' id='line_1_9' title="bbox 125 685 1641 734; baseline -0.003 -6"><span class='ocrx_word' id='word_1_75' title='bbox 125 689 270 728; x_wconf 70' lang='lat' dir='ltr'>Quodsi</span> <span class='ocrx_word' id='word_1_76' title='bbox 308 690 385 726; x_wconf 83' lang='lat' dir='ltr'>sola</span> <span class='ocrx_word' id='word_1_77' title='bbox 423 688 544 725; x_wconf 89' lang='lat' dir='ltr'>carnis</span> <span class='ocrx_word' id='word_1_78' title='bbox 582 688 621 724; x_wconf 91' lang='lat' dir='ltr'>in</span> <span class='ocrx_word' id='word_1_79' title='bbox 657 699 755 734; x_wconf 68' lang='lat' dir='ltr'>agno</span> <span class='ocrx_word' id='word_1_80' title='bbox 792 686 962 724; x_wconf 85' lang='lat' dir='ltr'>Paschali</span> <span class='ocrx_word' id='word_1_81' title='bbox 1000 685 1209 723; x_wconf 86' lang='lat' dir='ltr'>substantia</span> <span class='ocrx_word' id='word_1_82' title='bbox 1247 686 1336 724; x_wconf 87' lang='lat' dir='ltr'>satis</span> <span class='ocrx_word' id='word_1_83' title='bbox 1373 699 1448 724; x_wconf 88' lang='lat' dir='ltr'>non</span> <span class='ocrx_word' id='word_1_84' title='bbox 1484 691 1564 724; x_wconf 81' lang='lat' dir='ltr'>erat</span> <span class='ocrx_word' id='word_1_85' title='bbox 1597 687 1641 724; x_wconf 85' lang='lat' dir='ltr'>ad</span> 
     </span>
     <span class='ocr_line' id='line_1_10' title="bbox 123 750 1641 802; baseline -0.003 -10"><span class='ocrx_word' id='word_1_86' title='bbox 123 754 374 792; x_wconf 79' lang='lat' dir='ltr'>adumbranda</span> <span class='ocrx_word' id='word_1_87' title='bbox 401 753 520 790; x_wconf 89' lang='lat' dir='ltr'>Pesah</span> <span class='ocrx_word' id='word_1_88' title='bbox 547 752 737 802; x_wconf 85' lang='lat' dir='ltr'>mysteria,</span> <span class='ocrx_word' id='word_1_89' title='bbox 762 751 871 789; x_wconf 85' lang='lat' dir='ltr'>facile</span> <span class='ocrx_word' id='word_1_90' title='bbox 898 755 952 789; x_wconf 90' lang='lat' dir='ltr'>est</span> <span class='ocrx_word' id='word_1_91' title='bbox 980 750 1115 795; x_wconf 82' lang='lat' dir='ltr'>videre,</span> <span class='ocrx_word' id='word_1_92' title='bbox 1143 751 1212 788; x_wconf 87' lang='lat' dir='ltr'>sub</span> <span class='ocrx_word' id='word_1_93' title='bbox 1239 751 1462 801; x_wconf 81' lang='lat' dir='ltr'>pronomine</span> <span class='ocrx_word' id='word_1_94' title='bbox 1488 752 1641 789; x_wconf 86' lang='lat' dir='ltr'>demon-</span> 
     </span>
     <span class='ocr_line' id='line_1_11' title="bbox 123 814 1643 865; baseline -0.004 -8"><span class='ocrx_word' id='word_1_95' title='bbox 123 819 275 857; x_wconf 84' lang='lat' dir='ltr'>strativo</span> <span class='ocrx_word' id='word_1_96' title='bbox 302 817 342 855; x_wconf 88' lang='lat' dir='ltr'>in</span> <span class='ocrx_word' id='word_1_97' title='bbox 370 816 491 854; x_wconf 88' lang='lat' dir='ltr'>verbis</span> <span class='ocrx_word' id='word_1_98' title='bbox 519 816 599 853; x_wconf 89' lang='lat' dir='ltr'>istis</span> <span class='ocrx_word' id='word_1_99' title='bbox 631 816 730 852; x_wconf 76' lang='lat' dir='ltr'>uhoc</span> <span class='ocrx_word' id='word_1_100' title='bbox 757 821 811 853; x_wconf 88' lang='lat' dir='ltr'>est</span> <span class='ocrx_word' id='word_1_101' title='bbox 829 814 981 865; x_wconf 84' lang='lat' dir='ltr'>pesah&#39;&#39;,</span> <span class='ocrx_word' id='word_1_102' title='bbox 1000 827 1073 852; x_wconf 91' lang='lat' dir='ltr'>non</span> <span class='ocrx_word' id='word_1_103' title='bbox 1097 814 1218 851; x_wconf 81' lang='lat' dir='ltr'>carnis</span> <span class='ocrx_word' id='word_1_104' title='bbox 1240 814 1448 863; x_wconf 86' lang='lat' dir='ltr'>agnellinae</span> <span class='ocrx_word' id='word_1_105' title='bbox 1468 816 1643 852; x_wconf 86' lang='lat' dir='ltr'>substan-</span> 
     </span>
     <span class='ocr_line' id='line_1_12' title="bbox 121 878 1643 930; baseline -0.003 -10"><span class='ocrx_word' id='word_1_106' title='bbox 121 884 221 928; x_wconf 68' lang='lat' dir='ltr'>tiam,</span> <span class='ocrx_word' id='word_1_107' title='bbox 248 882 310 920; x_wconf 89' lang='lat' dir='ltr'>sed</span> <span class='ocrx_word' id='word_1_108' title='bbox 337 881 548 918; x_wconf 87' lang='lat' dir='ltr'>institutam</span> <span class='ocrx_word' id='word_1_109' title='bbox 576 893 595 917; x_wconf 92' lang='lat' dir='ltr'>a</span> <span class='ocrx_word' id='word_1_110' title='bbox 624 879 703 917; x_wconf 87' lang='lat' dir='ltr'>Deo</span> <span class='ocrx_word' id='word_1_111' title='bbox 731 880 820 928; x_wconf 76' lang='lat' dir='ltr'>agni</span> <span class='ocrx_word' id='word_1_112' title='bbox 847 880 960 930; x_wconf 85' lang='lat' dir='ltr'>typici</span> <span class='ocrx_word' id='word_1_113' title='bbox 987 879 1252 916; x_wconf 81' lang='lat' dir='ltr'>mactationem</span> <span class='ocrx_word' id='word_1_114' title='bbox 1280 882 1316 916; x_wconf 89' lang='lat' dir='ltr'>et</span> <span class='ocrx_word' id='word_1_115' title='bbox 1343 878 1422 916; x_wconf 86' lang='lat' dir='ltr'>eius</span> <span class='ocrx_word' id='word_1_116' title='bbox 1440 879 1643 916; x_wconf 86' lang='lat' dir='ltr'>manduca·</span> 
     </span>
     <span class='ocr_line' id='line_1_13' title="bbox 119 945 544 986; baseline -0.007 0"><span class='ocrx_word' id='word_1_117' title='bbox 119 949 256 986; x_wconf 86' lang='lat' dir='ltr'>tionem</span> <span class='ocrx_word' id='word_1_118' title='bbox 284 945 544 984; x_wconf 85' lang='lat' dir='ltr'>demonstrari.</span> 
     </span>
    </p>

    <p class='ocr_par' dir='ltr' id='par_1_3' title="bbox 118 1007 1644 1445">
     <span class='ocr_line' id='line_1_14' title="bbox 172 1007 1643 1061; baseline -0.002 -13"><span class='ocrx_word' id='word_1_119' title='bbox 172 1014 295 1061; x_wconf 84' lang='lat' dir='ltr'>Atque</span> <span class='ocrx_word' id='word_1_120' title='bbox 321 1010 360 1046; x_wconf 90' lang='lat' dir='ltr'>in</span> <span class='ocrx_word' id='word_1_121' title='bbox 380 1008 573 1059; x_wconf 87' lang='lat' dir='ltr'>Baptismo</span> <span class='ocrx_word' id='word_1_122' title='bbox 600 1009 701 1053; x_wconf 89' lang='lat' dir='ltr'>item,</span> <span class='ocrx_word' id='word_1_123' title='bbox 729 1008 815 1045; x_wconf 92' lang='lat' dir='ltr'>dum</span> <span class='ocrx_word' id='word_1_124' title='bbox 845 1007 946 1045; x_wconf 81' lang='lat' dir='ltr'>iuxta</span> <span class='ocrx_word' id='word_1_125' title='bbox 976 1007 1080 1045; x_wconf 88' lang='lat' dir='ltr'>Pauli</span> <span class='ocrx_word' id='word_1_126' title='bbox 1109 1008 1190 1055; x_wconf 87' lang='lat' dir='ltr'>(fol.</span> <span class='ocrx_word' id='word_1_127' title='bbox 1212 1008 1320 1054; x_wconf 69' lang='lat'>107³)</span> <span class='ocrx_word' id='word_1_128' title='bbox 1349 1007 1556 1045; x_wconf 84' lang='lat' dir='ltr'>doctrinam</span> <span class='ocrx_word' id='word_1_129' title='bbox 1585 1008 1643 1045; x_wconf 78' lang='lat' dir='ltr'>di-</span> 
     </span>
     <span class='ocr_line' id='line_1_15' title="bbox 121 1072 1643 1122; baseline -0.002 -9"><span class='ocrx_word' id='word_1_130' title='bbox 121 1076 256 1113; x_wconf 84' lang='lat' dir='ltr'>cimus:</span> <span class='ocrx_word' id='word_1_131' title='bbox 293 1075 363 1112; x_wconf 85' lang='lat' dir='ltr'>hoc</span> <span class='ocrx_word' id='word_1_132' title='bbox 398 1079 453 1112; x_wconf 90' lang='lat' dir='ltr'>est</span> <span class='ocrx_word' id='word_1_133' title='bbox 481 1073 773 1122; x_wconf 76' lang='lat' dir='ltr'>regenerationis</span> <span class='ocrx_word' id='word_1_134' title='bbox 801 1073 1001 1118; x_wconf 83' lang='lat' dir='ltr'>lavacrum,</span> <span class='ocrx_word' id='word_1_135' title='bbox 1036 1077 1100 1109; x_wconf 86' lang='lat' dir='ltr'>aut</span> <span class='ocrx_word' id='word_1_136' title='bbox 1126 1073 1230 1109; x_wconf 80' lang='lat' dir='ltr'>iuxta</span> <span class='ocrx_word' id='word_1_137' title='bbox 1261 1072 1429 1110; x_wconf 87' lang='lat' dir='ltr'>Ananiae</span> <span class='ocrx_word' id='word_1_138' title='bbox 1457 1073 1565 1110; x_wconf 86' lang='lat' dir='ltr'>verba</span> <span class='ocrx_word' id='word_1_139' title='bbox 1596 1073 1643 1110; x_wconf 88' lang='lat' dir='ltr'>ad</span> 
     </span>
     <span class='ocr_line' id='line_1_16' title="bbox 121 1131 1642 1188; baseline -0.003 -10"><span class='ocrx_word' id='word_1_140' title='bbox 121 1142 294 1178; x_wconf 86' lang='lat' dir='ltr'>Paulum:</span> <span class='ocrx_word' id='word_1_141' title='bbox 334 1140 404 1176; x_wconf 91' lang='lat' dir='ltr'>hoc</span> <span class='ocrx_word' id='word_1_142' title='bbox 439 1143 494 1176; x_wconf 89' lang='lat' dir='ltr'>est</span> <span class='ocrx_word' id='word_1_143' title='bbox 529 1142 761 1188; x_wconf 88' lang='lat' dir='ltr'>peccatorum</span> <span class='ocrx_word' id='word_1_144' title='bbox 800 1137 954 1181; x_wconf 84' lang='lat' dir='ltr'>ablutio,</span> <span class='ocrx_word' id='word_1_145' title='bbox 991 1142 1088 1175; x_wconf 89' lang='lat' dir='ltr'>certe</span> <span class='ocrx_word' id='word_1_146' title='bbox 1124 1137 1192 1174; x_wconf 87' lang='lat' dir='ltr'>sub</span> <span class='ocrx_word' id='word_1_147' title='bbox 1228 1131 1450 1188; x_wconf 83' lang='lat' dir='ltr'>pronomine</span> <span class='ocrx_word' id='word_1_148' title='bbox 1489 1138 1642 1175; x_wconf 81' lang='lat' dir='ltr'>clemon-</span> 
     </span>
     <span class='ocr_line' id='line_1_17' title="bbox 119 1201 1643 1254; baseline -0.002 -11"><span class='ocrx_word' id='word_1_149' title='bbox 119 1206 270 1243; x_wconf 83' lang='lat' dir='ltr'>strativo</span> <span class='ocrx_word' id='word_1_150' title='bbox 317 1204 440 1254; x_wconf 72' lang='lat' dir='ltr'>ine-pte</span> <span class='ocrx_word' id='word_1_151' title='bbox 477 1202 559 1253; x_wconf 86' lang='lat' dir='ltr'>quis</span> <span class='ocrx_word' id='word_1_152' title='bbox 593 1202 781 1251; x_wconf 79' lang='lat' dir='ltr'>intelligat</span> <span class='ocrx_word' id='word_1_153' title='bbox 815 1201 934 1252; x_wconf 80' lang='lat' dir='ltr'>ipsam</span> <span class='ocrx_word' id='word_1_154' title='bbox 969 1214 1086 1252; x_wconf 87' lang='lat' dir='ltr'>aquae</span> <span class='ocrx_word' id='word_1_155' title='bbox 1132 1201 1392 1244; x_wconf 80' lang='lat' dir='ltr'>substantiam,</span> <span class='ocrx_word' id='word_1_156' title='bbox 1428 1215 1510 1239; x_wconf 86' lang='lat' dir='ltr'>cum</span> <span class='ocrx_word' id='word_1_157' title='bbox 1547 1216 1643 1253; x_wconf 86' lang='lat' dir='ltr'>aqua</span> 
     </span>
     <span class='ocr_line' id='line_1_18' title="bbox 120 1265 1644 1321; baseline -0.001 -14"><span class='ocrx_word' id='word_1_158' title='bbox 120 1270 197 1321; x_wconf 85' lang='lat' dir='ltr'>ipsa</span> <span class='ocrx_word' id='word_1_159' title='bbox 231 1282 304 1306; x_wconf 88' lang='lat' dir='ltr'>non</span> <span class='ocrx_word' id='word_1_160' title='bbox 343 1268 390 1305; x_wconf 89' lang='lat' dir='ltr'>sit</span> <span class='ocrx_word' id='word_1_161' title='bbox 425 1267 582 1310; x_wconf 89' lang='lat' dir='ltr'>ablutio,</span> <span class='ocrx_word' id='word_1_162' title='bbox 618 1267 682 1304; x_wconf 89' lang='lat' dir='ltr'>sed</span> <span class='ocrx_word' id='word_1_163' title='bbox 719 1266 862 1303; x_wconf 89' lang='lat' dir='ltr'>ablutio</span> <span class='ocrx_word' id='word_1_164' title='bbox 895 1279 991 1317; x_wconf 84' lang='lat' dir='ltr'>aqua</span> <span class='ocrx_word' id='word_1_165' title='bbox 1026 1265 1195 1303; x_wconf 86' lang='lat' dir='ltr'>adhibita</span> <span class='ocrx_word' id='word_1_166' title='bbox 1231 1267 1309 1305; x_wconf 86' lang='lat' dir='ltr'>fiat.</span> <span class='ocrx_word' id='word_1_167' title='bbox 1374 1266 1500 1305; x_wconf 74' lang='lat' dir='ltr'>Quare</span> <span class='ocrx_word' id='word_1_168' title='bbox 1534 1267 1644 1305; x_wconf 89' lang='lat' dir='ltr'>facile</span> 
     </span>
     <span class='ocr_line' id='line_1_19' title="bbox 118 1330 1641 1383; baseline -0.002 -11"><span class='ocrx_word' id='word_1_169' title='bbox 118 1339 171 1372; x_wconf 88' lang='lat' dir='ltr'>est</span> <span class='ocrx_word' id='word_1_170' title='bbox 201 1334 335 1378; x_wconf 88' lang='lat' dir='ltr'>videre,</span> <span class='ocrx_word' id='word_1_171' title='bbox 363 1332 431 1369; x_wconf 90' lang='lat' dir='ltr'>sub</span> <span class='ocrx_word' id='word_1_172' title='bbox 457 1331 676 1382; x_wconf 86' lang='lat' dir='ltr'>pronomine</span> <span class='ocrx_word' id='word_1_173' title='bbox 705 1330 996 1368; x_wconf 85' lang='lat' dir='ltr'>demonstrativo</span> <span class='ocrx_word' id='word_1_174' title='bbox 1025 1330 1210 1368; x_wconf 84' lang='lat' dir='ltr'>actionem</span> <span class='ocrx_word' id='word_1_175' title='bbox 1236 1331 1365 1382; x_wconf 85' lang='lat' dir='ltr'>ipsam.</span> <span class='ocrx_word' id='word_1_176' title='bbox 1396 1344 1525 1383; x_wconf 88' lang='lat' dir='ltr'>nempe</span> <span class='ocrx_word' id='word_1_177' title='bbox 1543 1331 1641 1369; x_wconf 88' lang='lat' dir='ltr'>tinc-</span> 
     </span>
     <span class='ocr_line' id='line_1_20' title="bbox 119 1394 1152 1445; baseline -0.002 -12"><span class='ocrx_word' id='word_1_178' title='bbox 119 1398 258 1435; x_wconf 84' lang='lat' dir='ltr'>tionem</span> <span class='ocrx_word' id='word_1_179' title='bbox 285 1411 305 1434; x_wconf 89' lang='lat' dir='ltr'>a</span> <span class='ocrx_word' id='word_1_180' title='bbox 334 1395 495 1434; x_wconf 87' lang='lat' dir='ltr'>Domino</span> <span class='ocrx_word' id='word_1_181' title='bbox 522 1395 735 1432; x_wconf 88' lang='lat' dir='ltr'>institutam</span> <span class='ocrx_word' id='word_1_182' title='bbox 760 1395 801 1432; x_wconf 84' lang='lat' dir='ltr'>in</span> <span class='ocrx_word' id='word_1_183' title='bbox 829 1408 924 1445; x_wconf 88' lang='lat' dir='ltr'>aqua</span> <span class='ocrx_word' id='word_1_184' title='bbox 953 1394 1152 1444; x_wconf 84' lang='lat' dir='ltr'>designari.</span> 
     </span>
    </p>

    <p class='ocr_par' dir='ltr' id='par_1_4' title="bbox 119 1459 1643 1770">
     <span class='ocr_line' id='line_1_21' title="bbox 172 1459 1642 1511; baseline -0.002 -11"><span class='ocrx_word' id='word_1_185' title='bbox 172 1463 229 1501; x_wconf 86' lang='lat' dir='ltr'>Ad</span> <span class='ocrx_word' id='word_1_186' title='bbox 265 1461 422 1499; x_wconf 89' lang='lat' dir='ltr'>eundem</span> <span class='ocrx_word' id='word_1_187' title='bbox 458 1460 572 1510; x_wconf 80' lang='lat' dir='ltr'>igitur</span> <span class='ocrx_word' id='word_1_188' title='bbox 599 1459 751 1497; x_wconf 91' lang='lat' dir='ltr'>modum</span> <span class='ocrx_word' id='word_1_189' title='bbox 788 1463 823 1496; x_wconf 88' lang='lat' dir='ltr'>et</span> <span class='ocrx_word' id='word_1_190' title='bbox 852 1472 920 1496; x_wconf 86' lang='lat' dir='ltr'>nos</span> <span class='ocrx_word' id='word_1_191' title='bbox 947 1459 988 1496; x_wconf 92' lang='lat' dir='ltr'>in</span> <span class='ocrx_word' id='word_1_192' title='bbox 1016 1471 1151 1497; x_wconf 87' lang='lat' dir='ltr'>coenae</span> <span class='ocrx_word' id='word_1_193' title='bbox 1179 1459 1301 1497; x_wconf 88' lang='lat' dir='ltr'>verbis</span> <span class='ocrx_word' id='word_1_194' title='bbox 1327 1459 1550 1511; x_wconf 87' lang='lat' dir='ltr'>pronomine</span> <span class='ocrx_word' id='word_1_195' title='bbox 1578 1460 1642 1497; x_wconf 82' lang='lat' dir='ltr'>de-</span> 
     </span>
     <span class='ocr_line' id='line_1_22' title="bbox 119 1524 1643 1576; baseline -0.002 -10"><span class='ocrx_word' id='word_1_196' title='bbox 119 1527 362 1566; x_wconf 83' lang='lat' dir='ltr'>monstrativo</span> <span class='ocrx_word' id='word_1_197' title='bbox 395 1525 523 1563; x_wconf 51' lang='lat' dir='ltr'>&#39;‘hoo&#39;&#39;</span> <span class='ocrx_word' id='word_1_198' title='bbox 552 1525 799 1562; x_wconf 87' lang='lat' dir='ltr'>demonstrari</span> <span class='ocrx_word' id='word_1_199' title='bbox 837 1524 1009 1570; x_wconf 88' lang='lat' dir='ltr'>dicimus,</span> <span class='ocrx_word' id='word_1_200' title='bbox 1044 1537 1122 1562; x_wconf 91' lang='lat' dir='ltr'>non</span> <span class='ocrx_word' id='word_1_201' title='bbox 1158 1538 1246 1563; x_wconf 90' lang='lat' dir='ltr'>sane</span> <span class='ocrx_word' id='word_1_202' title='bbox 1280 1538 1415 1576; x_wconf 89' lang='lat' dir='ltr'>panem</span> <span class='ocrx_word' id='word_1_203' title='bbox 1449 1524 1570 1576; x_wconf 87' lang='lat' dir='ltr'>ipsum</span> <span class='ocrx_word' id='word_1_204' title='bbox 1599 1538 1643 1564; x_wconf 88' lang='lat' dir='ltr'>ac</span> 
     </span>
     <span class='ocr_line' id='line_1_23' title="bbox 120 1589 1641 1642; baseline -0.001 -12"><span class='ocrx_word' id='word_1_205' title='bbox 120 1593 256 1634; x_wconf 84' lang='lat' dir='ltr'>vinum,</span> <span class='ocrx_word' id='word_1_206' title='bbox 284 1590 380 1642; x_wconf 89' lang='lat' dir='ltr'>quod</span> <span class='ocrx_word' id='word_1_207' title='bbox 410 1590 456 1628; x_wconf 91' lang='lat' dir='ltr'>ad</span> <span class='ocrx_word' id='word_1_208' title='bbox 485 1589 733 1628; x_wconf 83' lang='lat' dir='ltr'>substantiam</span> <span class='ocrx_word' id='word_1_209' title='bbox 759 1589 912 1626; x_wconf 86' lang='lat' dir='ltr'>illorum</span> <span class='ocrx_word' id='word_1_210' title='bbox 938 1589 1085 1635; x_wconf 85' lang='lat' dir='ltr'>attinet,</span> <span class='ocrx_word' id='word_1_211' title='bbox 1107 1589 1170 1627; x_wconf 88' lang='lat' dir='ltr'>sed</span> <span class='ocrx_word' id='word_1_212' title='bbox 1189 1593 1307 1627; x_wconf 87' lang='lat' dir='ltr'>totam</span> <span class='ocrx_word' id='word_1_213' title='bbox 1329 1603 1464 1628; x_wconf 85' lang='lat' dir='ltr'>coenae</span> <span class='ocrx_word' id='word_1_214' title='bbox 1483 1591 1641 1629; x_wconf 85' lang='lat' dir='ltr'>formam</span> 
     </span>
     <span class='ocr_line' id='line_1_24' title="bbox 119 1653 1641 1705; baseline -0.001 -11"><span class='ocrx_word' id='word_1_215' title='bbox 119 1671 160 1694; x_wconf 84' lang='lat' dir='ltr'>ac</span> <span class='ocrx_word' id='word_1_216' title='bbox 195 1656 453 1701; x_wconf 83' lang='lat' dir='ltr'>ceremoniam,</span> <span class='ocrx_word' id='word_1_217' title='bbox 484 1658 526 1692; x_wconf 92' lang='lat' dir='ltr'>ut</span> <span class='ocrx_word' id='word_1_218' title='bbox 561 1658 616 1692; x_wconf 87' lang='lat' dir='ltr'>est</span> <span class='ocrx_word' id='word_1_219' title='bbox 653 1667 672 1691; x_wconf 89' lang='lat' dir='ltr'>a</span> <span class='ocrx_word' id='word_1_220' title='bbox 710 1653 873 1691; x_wconf 90' lang='lat' dir='ltr'>Domino</span> <span class='ocrx_word' id='word_1_221' title='bbox 908 1653 1097 1699; x_wconf 86' lang='lat' dir='ltr'>instituta,</span> <span class='ocrx_word' id='word_1_222' title='bbox 1122 1653 1240 1705; x_wconf 83' lang='lat' dir='ltr'>ipsam</span> <span class='ocrx_word' id='word_1_223' title='bbox 1268 1654 1423 1705; x_wconf 89' lang='lat' dir='ltr'>inquam</span> <span class='ocrx_word' id='word_1_224' title='bbox 1450 1659 1641 1693; x_wconf 78' lang='lat' dir='ltr'>externam</span> 
     </span>
     <span class='ocr_line' id='line_1_25' title="bbox 120 1718 1641 1770; baseline 0.001 -15"><span class='ocrx_word' id='word_1_225' title='bbox 120 1734 254 1758; x_wconf 64' lang='lat' dir='ltr'>coenae</span> <span class='ocrx_word' id='word_1_226' title='bbox 289 1719 486 1763; x_wconf 87' lang='lat' dir='ltr'>actionem,</span> <span class='ocrx_word' id='word_1_227' title='bbox 521 1719 592 1756; x_wconf 85' lang='lat' dir='ltr'>hoc</span> <span class='ocrx_word' id='word_1_228' title='bbox 619 1722 685 1763; x_wconf 90' lang='lat' dir='ltr'>est,</span> <span class='ocrx_word' id='word_1_229' title='bbox 711 1718 820 1769; x_wconf 85' lang='lat' dir='ltr'>panis</span> <span class='ocrx_word' id='word_1_230' title='bbox 847 1722 882 1756; x_wconf 90' lang='lat' dir='ltr'>et</span> <span class='ocrx_word' id='word_1_231' title='bbox 909 1718 1034 1769; x_wconf 89' lang='lat' dir='ltr'>poculi</span> <span class='ocrx_word' id='word_1_232' title='bbox 1059 1718 1279 1768; x_wconf 88' lang='lat' dir='ltr'>imperatam</span> <span class='ocrx_word' id='word_1_233' title='bbox 1305 1718 1641 1770; x_wconf 83' lang='lat' dir='ltr'>participationem.</span> 
     </span>
    </p>

    <p class='ocr_par' dir='ltr' id='par_1_5' title="bbox 115 1783 1643 2734">
     <span class='ocr_line' id='line_1_26' title="bbox 170 1783 1641 1836; baseline -0.001 -13"><span class='ocrx_word' id='word_1_234' title='bbox 170 1785 257 1823; x_wconf 88' lang='lat' dir='ltr'>Huc</span> <span class='ocrx_word' id='word_1_235' title='bbox 292 1784 381 1822; x_wconf 84' lang='lat' dir='ltr'>facit</span> <span class='ocrx_word' id='word_1_236' title='bbox 416 1784 523 1822; x_wconf 88' lang='lat' dir='ltr'>etiam</span> <span class='ocrx_word' id='word_1_237' title='bbox 561 1784 717 1821; x_wconf 89' lang='lat' dir='ltr'>Paulina</span> <span class='ocrx_word' id='word_1_238' title='bbox 753 1783 791 1820; x_wconf 90' lang='lat' dir='ltr'>in</span> <span class='ocrx_word' id='word_1_239' title='bbox 828 1783 950 1820; x_wconf 82' lang='lat' dir='ltr'>verbis</span> <span class='ocrx_word' id='word_1_240' title='bbox 979 1796 1113 1821; x_wconf 87' lang='lat' dir='ltr'>coenae</span> <span class='ocrx_word' id='word_1_241' title='bbox 1139 1783 1409 1835; x_wconf 81' lang='lat' dir='ltr'>interpretatiO,</span> <span class='ocrx_word' id='word_1_242' title='bbox 1437 1784 1514 1835; x_wconf 89' lang='lat' dir='ltr'>qui,</span> <span class='ocrx_word' id='word_1_243' title='bbox 1541 1785 1641 1836; x_wconf 89' lang='lat' dir='ltr'>quod</span> 
     </span>
     <span class='ocr_line' id='line_1_27' title="bbox 120 1847 1642 1897; baseline 0 -9"><span class='ocrx_word' id='word_1_244' title='bbox 120 1850 288 1888; x_wconf 80' lang='lat' dir='ltr'>Christus</span> <span class='ocrx_word' id='word_1_245' title='bbox 315 1847 499 1886; x_wconf 90' lang='lat' dir='ltr'>Dominus</span> <span class='ocrx_word' id='word_1_246' title='bbox 525 1847 566 1885; x_wconf 90' lang='lat' dir='ltr'>in</span> <span class='ocrx_word' id='word_1_247' title='bbox 593 1847 715 1885; x_wconf 88' lang='lat' dir='ltr'>verbis</span> <span class='ocrx_word' id='word_1_248' title='bbox 744 1860 878 1885; x_wconf 86' lang='lat' dir='ltr'>coenae</span> <span class='ocrx_word' id='word_1_249' title='bbox 906 1861 1041 1897; x_wconf 68' lang='lat' dir='ltr'>corpus</span> <span class='ocrx_word' id='word_1_250' title='bbox 1070 1854 1190 1892; x_wconf 89' lang='lat' dir='ltr'>vocat,</span> <span class='ocrx_word' id='word_1_251' title='bbox 1217 1848 1332 1886; x_wconf 88' lang='lat' dir='ltr'>veluti</span> <span class='ocrx_word' id='word_1_252' title='bbox 1351 1852 1513 1887; x_wconf 86' lang='lat' dir='ltr'>mentem</span> <span class='ocrx_word' id='word_1_253' title='bbox 1534 1850 1642 1888; x_wconf 85' lang='lat' dir='ltr'>Chri-</span> 
     </span>
     <span class='ocr_line' id='line_1_28' title="bbox 120 1906 1643 1965; baseline 0.001 -14"><span class='ocrx_word' id='word_1_254' title='bbox 120 1914 165 1952; x_wconf 80' lang='lat' dir='ltr'>sti</span> <span class='ocrx_word' id='word_1_255' title='bbox 193 1914 393 1965; x_wconf 82' lang='lat' dir='ltr'>explicans,</span> <span class='ocrx_word' id='word_1_256' title='bbox 420 1926 546 1951; x_wconf 90' lang='lat' dir='ltr'>vocem</span> <span class='ocrx_word' id='word_1_257' title='bbox 576 1927 712 1962; x_wconf 73' lang='lat' dir='ltr'>corpus</span> <span class='ocrx_word' id='word_1_258' title='bbox 739 1916 860 1950; x_wconf 86' lang='lat' dir='ltr'>mutat</span> <span class='ocrx_word' id='word_1_259' title='bbox 887 1912 926 1950; x_wconf 91' lang='lat' dir='ltr'>in</span> <span class='ocrx_word' id='word_1_260' title='bbox 956 1913 1121 1964; x_wconf 89' lang='lat' dir='ltr'>corporis</span> <span class='ocrx_word' id='word_1_261' title='bbox 1150 1906 1462 1952; x_wconf 82' lang='lat' dir='ltr'>c&#39;ommunionem.</span> <span class='ocrx_word' id='word_1_262' title='bbox 1516 1915 1643 1960; x_wconf 88' lang='lat' dir='ltr'>Panis,</span> 
     </span>
     <span class='ocr_line' id='line_1_29' title="bbox 118 1977 1640 2031; baseline 0.002 -17"><span class='ocrx_word' id='word_1_263' title='bbox 118 1978 251 2029; x_wconf 85' lang='lat' dir='ltr'>inquit,</span> <span class='ocrx_word' id='word_1_264' title='bbox 278 1991 383 2028; x_wconf 92' lang='lat' dir='ltr'>quem</span> <span class='ocrx_word' id='word_1_265' title='bbox 413 1977 632 2027; x_wconf 77' lang='lat' dir='ltr'>frangimus,</span> <span class='ocrx_word' id='word_1_266' title='bbox 659 1990 785 2015; x_wconf 89' lang='lat' dir='ltr'>nonne</span> <span class='ocrx_word' id='word_1_267' title='bbox 806 1977 1017 2015; x_wconf 88' lang='lat' dir='ltr'>communio</span> <span class='ocrx_word' id='word_1_268' title='bbox 1037 1978 1202 2029; x_wconf 85' lang='lat' dir='ltr'>corporis</span> <span class='ocrx_word' id='word_1_269' title='bbox 1220 1978 1364 2016; x_wconf 66' lang='lat' dir='ltr'>Christi</span> <span class='ocrx_word' id='word_1_270' title='bbox 1377 1981 1433 2016; x_wconf 88' lang='lat' dir='ltr'>est</span> <span class='ocrx_word' id='word_1_271' title='bbox 1447 1978 1488 2026; x_wconf 90' lang='lat'>¹),</span> <span class='ocrx_word' id='word_1_272' title='bbox 1507 1993 1640 2031; x_wconf 89' lang='lat' dir='ltr'>—qua</span> 
     </span>
     <span class='ocr_line' id='line_1_30' title="bbox 118 2033 1638 2092; baseline 0.002 -13"><span class='ocrx_word' id='word_1_273' title='bbox 118 2056 204 2080; x_wconf 85' lang='lat' dir='ltr'>sane</span> <span class='ocrx_word' id='word_1_274' title='bbox 232 2042 332 2080; x_wconf 89' lang='lat' dir='ltr'>vocis</span> <span class='ocrx_word' id='word_1_275' title='bbox 356 2042 465 2080; x_wconf 87' lang='lat' dir='ltr'>istius</span> <span class='ocrx_word' id='word_1_276' title='bbox 491 2043 700 2080; x_wconf 72' lang='lat' dir='ltr'>mutatione</span> <span class='ocrx_word' id='word_1_277' title='bbox 726 2042 968 2092; x_wconf 87' lang='lat' dir='ltr'>manife-(fol.</span> <span class='ocrx_word' id='word_1_278' title='bbox 991 2033 1166 2090; x_wconf 70' lang='lat' dir='ltr'>107b)ste‘</span> <span class='ocrx_word' id='word_1_279' title='bbox 1185 2043 1366 2088; x_wconf 83' lang='lat' dir='ltr'>videmus,</span> <span class='ocrx_word' id='word_1_280' title='bbox 1393 2043 1550 2082; x_wconf 90' lang='lat' dir='ltr'>Paulum</span> <span class='ocrx_word' id='word_1_281' title='bbox 1569 2045 1638 2082; x_wconf 88' lang='lat' dir='ltr'>sub</span> 
     </span>
     <span class='ocr_line' id='line_1_31' title="bbox 117 2106 1641 2160; baseline 0.001 -16"><span class='ocrx_word' id='word_1_282' title='bbox 117 2107 335 2158; x_wconf 89' lang='lat' dir='ltr'>pronomine</span> <span class='ocrx_word' id='word_1_283' title='bbox 363 2106 654 2144; x_wconf 85' lang='lat' dir='ltr'>demonstrativo</span> <span class='ocrx_word' id='word_1_284' title='bbox 682 2107 721 2144; x_wconf 92' lang='lat' dir='ltr'>in</span> <span class='ocrx_word' id='word_1_285' title='bbox 751 2120 886 2145; x_wconf 86' lang='lat' dir='ltr'>coenae</span> <span class='ocrx_word' id='word_1_286' title='bbox 912 2107 1048 2151; x_wconf 85' lang='lat' dir='ltr'>verbis,</span> <span class='ocrx_word' id='word_1_287' title='bbox 1074 2120 1150 2145; x_wconf 90' lang='lat' dir='ltr'>non</span> <span class='ocrx_word' id='word_1_288' title='bbox 1171 2111 1248 2145; x_wconf 88' lang='lat' dir='ltr'>tam</span> <span class='ocrx_word' id='word_1_289' title='bbox 1265 2108 1511 2160; x_wconf 86' lang='lat' dir='ltr'>proculdubio</span> <span class='ocrx_word' id='word_1_290' title='bbox 1531 2109 1641 2160; x_wconf 88' lang='lat' dir='ltr'>panis</span> 
     </span>
     <span class='ocr_line' id='line_1_32' title="bbox 120 2171 1639 2224; baseline 0.002 -15"><span class='ocrx_word' id='word_1_291' title='bbox 120 2172 363 2210; x_wconf 86' lang='lat' dir='ltr'>substantiam</span> <span class='ocrx_word' id='word_1_292' title='bbox 389 2171 521 2222; x_wconf 88' lang='lat' dir='ltr'>ipsam,</span> <span class='ocrx_word' id='word_1_293' title='bbox 548 2184 657 2222; x_wconf 89' lang='lat' dir='ltr'>quam</span> <span class='ocrx_word' id='word_1_294' title='bbox 686 2172 811 2222; x_wconf 79' lang='lat' dir='ltr'>potius</span> <span class='ocrx_word' id='word_1_295' title='bbox 831 2172 931 2209; x_wconf 82' lang='lat' dir='ltr'>ilh&#39;us</span> <span class='ocrx_word' id='word_1_296' title='bbox 949 2172 1273 2224; x_wconf 86' lang='lat' dir='ltr'>participationem</span> <span class='ocrx_word' id='word_1_297' title='bbox 1291 2172 1531 2212; x_wconf 86' lang='lat' dir='ltr'>intellexisse.</span> <span class='ocrx_word' id='word_1_298' title='bbox 1560 2174 1639 2212; x_wconf 87' lang='lat' dir='ltr'>Ne·</span> 
     </span>
     <span class='ocr_line' id='line_1_33' title="bbox 119 2235 1640 2290; baseline 0.003 -18"><span class='ocrx_word' id='word_1_299' title='bbox 119 2249 189 2286; x_wconf 90' lang='lat' dir='ltr'>que</span> <span class='ocrx_word' id='word_1_300' title='bbox 223 2236 318 2273; x_wconf 87' lang='lat' dir='ltr'>enim</span> <span class='ocrx_word' id='word_1_301' title='bbox 361 2235 467 2286; x_wconf 87' lang='lat' dir='ltr'>panis</span> <span class='ocrx_word' id='word_1_302' title='bbox 507 2235 715 2274; x_wconf 86' lang='lat' dir='ltr'>substantia</span> <span class='ocrx_word' id='word_1_303' title='bbox 743 2237 823 2287; x_wconf 88' lang='lat' dir='ltr'>ipsa</span> <span class='ocrx_word' id='word_1_304' title='bbox 857 2236 898 2273; x_wconf 90' lang='lat' dir='ltr'>in</span> <span class='ocrx_word' id='word_1_305' title='bbox 925 2249 1041 2274; x_wconf 87' lang='lat' dir='ltr'>coena</span> <span class='ocrx_word' id='word_1_306' title='bbox 1070 2237 1283 2274; x_wconf 83' lang='lat' dir='ltr'>communio</span> <span class='ocrx_word' id='word_1_307' title='bbox 1312 2250 1395 2275; x_wconf 87' lang='lat' dir='ltr'>vere</span> <span class='ocrx_word' id='word_1_308' title='bbox 1422 2251 1465 2275; x_wconf 90' lang='lat' dir='ltr'>ac</span> <span class='ocrx_word' id='word_1_309' title='bbox 1492 2238 1640 2290; x_wconf 86' lang='lat' dir='ltr'>proprie</span> 
     </span>
     <span class='ocr_line' id='line_1_34' title="bbox 118 2300 1639 2354; baseline 0.003 -18"><span class='ocrx_word' id='word_1_310' title='bbox 118 2311 197 2336; x_wconf 86' lang='lat' dir='ltr'>esse</span> <span class='ocrx_word' id='word_1_311' title='bbox 225 2302 287 2336; x_wconf 89' lang='lat' dir='ltr'>aut</span> <span class='ocrx_word' id='word_1_312' title='bbox 313 2300 436 2337; x_wconf 89' lang='lat' dir='ltr'>vocari</span> <span class='ocrx_word' id='word_1_313' title='bbox 462 2304 597 2350; x_wconf 89' lang='lat' dir='ltr'>potest,</span> <span class='ocrx_word' id='word_1_314' title='bbox 616 2304 669 2346; x_wconf 90' lang='lat' dir='ltr'>ut,</span> <span class='ocrx_word' id='word_1_315' title='bbox 696 2304 877 2351; x_wconf 86' lang='lat' dir='ltr'>quatenus</span> <span class='ocrx_word' id='word_1_316' title='bbox 906 2313 1032 2339; x_wconf 89' lang='lat' dir='ltr'>vocem</span> <span class='ocrx_word' id='word_1_317' title='bbox 1056 2301 1338 2339; x_wconf 58' lang='lat' dir='ltr'>‘communionis</span> <span class='ocrx_word' id='word_1_318' title='bbox 1367 2302 1411 2340; x_wconf 90' lang='lat' dir='ltr'>de</span> <span class='ocrx_word' id='word_1_319' title='bbox 1430 2302 1510 2353; x_wconf 78' lang='lat' dir='ltr'>ipsa</span> <span class='ocrx_word' id='word_1_320' title='bbox 1531 2304 1639 2354; x_wconf 90' lang='lat' dir='ltr'>panis</span> 
     </span>
     <span class='ocr_line' id='line_1_35' title="bbox 119 2362 1639 2416; baseline 0.003 -16"><span class='ocrx_word' id='word_1_321' title='bbox 119 2362 324 2400; x_wconf 85' lang='lat' dir='ltr'>substantia</span> <span class='ocrx_word' id='word_1_322' title='bbox 349 2364 553 2414; x_wconf 84' lang='lat' dir='ltr'>praedicari</span> <span class='ocrx_word' id='word_1_323' title='bbox 579 2364 728 2416; x_wconf 89' lang='lat' dir='ltr'>proprie</span> <span class='ocrx_word' id='word_1_324' title='bbox 755 2378 831 2402; x_wconf 91' lang='lat' dir='ltr'>non</span> <span class='ocrx_word' id='word_1_325' title='bbox 857 2377 965 2416; x_wconf 90' lang='lat' dir='ltr'>posse</span> <span class='ocrx_word' id='word_1_326' title='bbox 993 2365 1173 2408; x_wconf 87' lang='lat' dir='ltr'>videmus,</span> <span class='ocrx_word' id='word_1_327' title='bbox 1198 2366 1308 2403; x_wconf 82' lang='lat' dir='ltr'>fateri</span> <span class='ocrx_word' id='word_1_328' title='bbox 1335 2370 1432 2403; x_wconf 88' lang='lat' dir='ltr'>certe</span> <span class='ocrx_word' id='word_1_329' title='bbox 1451 2379 1639 2416; x_wconf 79' lang='lat' dir='ltr'>cogamur,</span> 
     </span>
     <span class='ocr_line' id='line_1_36' title="bbox 118 2427 1636 2482; baseline 0.005 -20"><span class='ocrx_word' id='word_1_330' title='bbox 118 2439 194 2463; x_wconf 89' lang='lat' dir='ltr'>non</span> <span class='ocrx_word' id='word_1_331' title='bbox 220 2439 328 2477; x_wconf 84' lang='lat' dir='ltr'>posse</span> <span class='ocrx_word' id='word_1_332' title='bbox 353 2427 464 2464; x_wconf 81' lang='lat' dir='ltr'>etiam</span> <span class='ocrx_word' id='word_1_333' title='bbox 491 2428 559 2465; x_wconf 90' lang='lat' dir='ltr'>sub</span> <span class='ocrx_word' id='word_1_334' title='bbox 586 2434 808 2480; x_wconf 85' lang='lat' dir='ltr'>pronomine</span> <span class='ocrx_word' id='word_1_335' title='bbox 836 2429 1128 2468; x_wconf 85' lang='lat' dir='ltr'>demonstrativo</span> <span class='ocrx_word' id='word_1_336' title='bbox 1155 2431 1194 2468; x_wconf 88' lang='lat' dir='ltr'>iu</span> <span class='ocrx_word' id='word_1_337' title='bbox 1224 2443 1359 2469; x_wconf 87' lang='lat' dir='ltr'>coenae</span> <span class='ocrx_word' id='word_1_338' title='bbox 1377 2430 1499 2468; x_wconf 88' lang='lat' dir='ltr'>verbis</span> <span class='ocrx_word' id='word_1_339' title='bbox 1518 2431 1636 2482; x_wconf 87' lang='lat' dir='ltr'>ipsam</span> 
     </span>
     <span class='ocr_line' id='line_1_37' title="bbox 118 2491 1637 2546; baseline 0.005 -20"><span class='ocrx_word' id='word_1_340' title='bbox 118 2491 224 2542; x_wconf 85' lang='lat' dir='ltr'>panis</span> <span class='ocrx_word' id='word_1_341' title='bbox 253 2491 498 2528; x_wconf 86' lang='lat' dir='ltr'>substantiam</span> <span class='ocrx_word' id='word_1_342' title='bbox 527 2492 783 2532; x_wconf 89' lang='lat' dir='ltr'>demonstrari.</span> <span class='ocrx_word' id='word_1_343' title='bbox 813 2493 972 2532; x_wconf 85' lang='lat' dir='ltr'>Faciunt</span> <span class='ocrx_word' id='word_1_344' title='bbox 999 2494 1071 2532; x_wconf 89' lang='lat' dir='ltr'>huc</span> <span class='ocrx_word' id='word_1_345' title='bbox 1098 2499 1285 2546; x_wconf 87' lang='lat' dir='ltr'>praeterea</span> <span class='ocrx_word' id='word_1_346' title='bbox 1312 2495 1423 2537; x_wconf 88' lang='lat' dir='ltr'>etiam</span> <span class='ocrx_word' id='word_1_347' title='bbox 1443 2495 1637 2546; x_wconf 82' lang='lat' dir='ltr'>ipsiusmet</span> 
     </span>
     <span class='ocr_line' id='line_1_38' title="bbox 120 2555 1636 2610; baseline 0.003 -18"><span class='ocrx_word' id='word_1_348' title='bbox 120 2556 259 2594; x_wconf 86' lang='lat' dir='ltr'>Christi</span> <span class='ocrx_word' id='word_1_349' title='bbox 295 2555 446 2592; x_wconf 88' lang='lat' dir='ltr'>Domini</span> <span class='ocrx_word' id='word_1_350' title='bbox 483 2557 592 2594; x_wconf 86' lang='lat' dir='ltr'>verba</span> <span class='ocrx_word' id='word_1_351' title='bbox 631 2558 673 2595; x_wconf 84' lang='lat' dir='ltr'>(le</span> <span class='ocrx_word' id='word_1_352' title='bbox 702 2571 836 2596; x_wconf 87' lang='lat' dir='ltr'>coenae</span> <span class='ocrx_word' id='word_1_353' title='bbox 863 2560 997 2610; x_wconf 72' lang='lat' dir='ltr'>poculo</span> <span class='ocrx_word' id='word_1_354' title='bbox 1025 2560 1129 2598; x_wconf 85' lang='lat' dir='ltr'>iuxta</span> <span class='ocrx_word' id='word_1_355' title='bbox 1158 2559 1282 2597; x_wconf 85' lang='lat' dir='ltr'>Lucae</span> <span class='ocrx_word' id='word_1_356' title='bbox 1310 2564 1344 2597; x_wconf 87' lang='lat' dir='ltr'>et</span> <span class='ocrx_word' id='word_1_357' title='bbox 1370 2559 1477 2597; x_wconf 90' lang='lat' dir='ltr'>Pauli</span> <span class='ocrx_word' id='word_1_358' title='bbox 1507 2573 1636 2597; x_wconf 87' lang='lat' dir='ltr'>narra-</span> 
     </span>
     <span class='ocr_line' id='line_1_39' title="bbox 116 2620 1635 2663; baseline 0.003 -5"><span class='ocrx_word' id='word_1_359' title='bbox 116 2621 270 2658; x_wconf 84' lang='lat' dir='ltr'>tionem.</span> <span class='ocrx_word' id='word_1_360' title='bbox 326 2621 391 2657; x_wconf 89' lang='lat' dir='ltr'>Ait</span> <span class='ocrx_word' id='word_1_361' title='bbox 426 2620 522 2657; x_wconf 91' lang='lat' dir='ltr'>enim</span> <span class='ocrx_word' id='word_1_362' title='bbox 558 2621 635 2658; x_wconf 91' lang='lat' dir='ltr'>illic</span> <span class='ocrx_word' id='word_1_363' title='bbox 662 2622 867 2662; x_wconf 89' lang='lat' dir='ltr'>Dominus:</span> <span class='ocrx_word' id='word_1_364' title='bbox 902 2624 974 2661; x_wconf 87' lang='lat' dir='ltr'>hoc</span> <span class='ocrx_word' id='word_1_365' title='bbox 1006 2629 1060 2663; x_wconf 89' lang='lat' dir='ltr'>est</span> <span class='ocrx_word' id='word_1_366' title='bbox 1087 2628 1346 2663; x_wconf 86' lang='lat' dir='ltr'>testamentum</span> <span class='ocrx_word' id='word_1_367' title='bbox 1375 2625 1414 2662; x_wconf 90' lang='lat' dir='ltr'>in</span> <span class='ocrx_word' id='word_1_368' title='bbox 1437 2638 1520 2662; x_wconf 86' lang='lat' dir='ltr'>meo</span> <span class='ocrx_word' id='word_1_369' title='bbox 1550 2639 1635 2662; x_wconf 85' lang='lat' dir='ltr'>san-</span> 
     </span>
     <span class='ocr_line' id='line_1_40' title="bbox 115 2684 335 2734; baseline -0.005 -12"><span class='ocrx_word' id='word_1_370' title='bbox 115 2684 240 2734; x_wconf 84' lang='lat' dir='ltr'>guine,</span> <span class='ocrx_word' id='word_1_371' title='bbox 266 2687 335 2721; x_wconf 85' lang='lat' dir='ltr'>etc.</span> 
     </span>
    </p>

    <p class='ocr_par' dir='ltr' id='par_1_6' title="bbox 170 2746 1636 2797">
     <span class='ocr_line' id='line_1_41' title="bbox 170 2746 1636 2797; baseline 0.004 -12"><span class='ocrx_word' id='word_1_372' title='bbox 170 2747 229 2785; x_wconf 91' lang='lat' dir='ltr'>Ad</span> <span class='ocrx_word' id='word_1_373' title='bbox 273 2759 381 2797; x_wconf 89' lang='lat' dir='ltr'>quem</span> <span class='ocrx_word' id='word_1_374' title='bbox 427 2746 574 2784; x_wconf 88' lang='lat' dir='ltr'>modum</span> <span class='ocrx_word' id='word_1_375' title='bbox 618 2749 714 2786; x_wconf 86' lang='lat' dir='ltr'>enim</span> <span class='ocrx_word' id='word_1_376' title='bbox 750 2750 788 2788; x_wconf 89' lang='lat' dir='ltr'>in</span> <span class='ocrx_word' id='word_1_377' title='bbox 827 2751 927 2790; x_wconf 83' lang='lat' dir='ltr'>hisce</span> <span class='ocrx_word' id='word_1_378' title='bbox 963 2753 1085 2791; x_wconf 88' lang='lat' dir='ltr'>verbis</span> <span class='ocrx_word' id='word_1_379' title='bbox 1119 2753 1332 2791; x_wconf 87' lang='lat' dir='ltr'>testamenti</span> <span class='ocrx_word' id='word_1_380' title='bbox 1369 2766 1439 2791; x_wconf 88' lang='lat' dir='ltr'>vox</span> <span class='ocrx_word' id='word_1_381' title='bbox 1477 2753 1522 2791; x_wconf 92' lang='lat' dir='ltr'>de</span> <span class='ocrx_word' id='word_1_382' title='bbox 1560 2753 1636 2791; x_wconf 89' lang='lat' dir='ltr'>vini</span> 
     </span>
    </p>
   </div>
   <div class='ocr_carea' id='block_1_3' title="bbox 233 2839 405 2845">
    <p class='ocr_par' dir='ltr' id='par_1_7' title="bbox 233 2839 405 2845">
     <span class='ocr_line' id='line_1_42' title="bbox 233 2839 405 2845; baseline 0 0"><span class='ocrx_word' id='word_1_383' title='bbox 233 2839 405 2845; x_wconf 95' lang='lat' dir='ltr'> </span> 
     </span>
    </p>
   </div>
   <div class='ocr_carea' id='block_1_4' title="bbox 163 2887 394 2927">
    <p class='ocr_par' dir='ltr' id='par_1_8' title="bbox 163 2887 394 2927">
     <span class='ocr_line' id='line_1_43' title="bbox 163 2887 394 2927; baseline 0 -9"><span class='ocrx_word' id='word_1_384' title='bbox 163 2889 184 2927; x_wconf 86' lang='lat'>¹)</span> <span class='ocrx_word' id='word_1_385' title='bbox 210 2889 224 2918; x_wconf 91' lang='grc'><strong>1</strong></span> <span class='ocrx_word' id='word_1_386' title='bbox 250 2887 320 2918; x_wconf 86' lang='lat' dir='ltr'>Cor.</span> <span class='ocrx_word' id='word_1_387' title='bbox 346 2887 394 2919; x_wconf 89' lang='lat'>10.</span> 
     </span>
    </p>
   </div>
  </div>
 </body>
</html>
