1818 3178
183 123 207 153 0
818 112 1060 144 PRAEFATIO.

185 228 348 285 publice
376 242 452 283 pro
483 224 678 267 concione
707 220 979 278 paucissimae
1010 219 1087 260 hae
1117 218 1379 272 quaestiones
1409 216 1575 259 novitiis
1604 233 1698 274 pro-

185 300 459 356 ponebantur,
493 303 537 337 ut
568 300 865 336 attestarentur
897 291 1048 347 palam,
1082 305 1123 330 se
1154 289 1327 331 eandem
1357 288 1478 331 fidem
1502 289 1698 345 amplecti

189 386 311 426 quam
355 368 621 424 profiteretur
667 364 866 412 Ecclesia,
914 362 1032 403 cuius
1079 360 1314 402 societatem
1354 361 1395 401 in
1429 362 1700 403 sacramentis

191 440 434 496 praesertim
465 442 717 492 expeterent.
750 434 899 489 Itaque
931 432 1138 474 falluntur
1170 431 1242 486 qui
1273 446 1324 471 ex
1356 430 1543 486 Epistola
1573 431 1698 473 Lasci

189 511 239 554 ad
268 510 562 564 Bullingerum
595 507 701 557 data,
735 506 815 547 iam
848 521 885 547 a.
919 505 1024 545 1551
1058 503 1172 544 1111110
1202 500 1517 544 Catechismum
1538 503 1695 546 editum

187 583 311 624 fuisse
342 586 703 636 argumentantur.
740 575 992 619 Hauddubie
1023 582 1161 616 tamen
1188 574 1270 615 iam
1290 573 1366 616 sub
1387 574 1512 617 finem
1530 590 1567 618 a.
1587 576 1698 618 1550

188 654 239 696 ab
268 654 290 695 a
321 652 455 694 Lasco
487 651 744 706 conscriptus
775 655 863 690 erat
894 647 1020 689 latino
1042 661 1245 697 sermone,
1278 661 1403 702 quem
1427 654 1584 689 textum
1612 649 1698 704 ipse

186 725 301 767 nobis
332 725 372 765 in
405 723 512 765 libro
542 738 630 772 suo,
664 722 731 762 cui
762 722 901 762 Forma
933 736 979 761 ac
1009 719 1115 760 ratio
1146 717 1296 760 titulus
1326 725 1400 770 est,
1434 719 1622 762 exhibuit
1650 722 1697 775 ¹).

189 794 514 850 Aliquantulum
546 809 641 834 eum
675 792 882 834 contraxit
912 790 1058 832 deinde
1089 791 1173 830 sive
1206 789 1292 845 ipse
1325 797 1472 832 auctor
1501 792 1585 833 sive
1617 791 1698 832 Mi-

186 867 365 918 cronius,
398 873 437 907 et
459 865 618 921 belgice
643 864 761 905 vertit
783 862 1010 904 indefessus
1031 861 1156 903 Lasci
1178 863 1397 918 interpres,
1419 862 1699 906 Utenhovius.

185 936 404 989 Quatenus
435 943 574 978 autom
608 935 742 976 versio
775 933 934 989 belgica
966 948 988 974 3
1020 940 1137 974 textu
1169 932 1297 975 latino
1316 933 1494 983 diflerat,
1526 949 1698 977 accura-

183 1009 336 1050 tissime
383 1008 424 1048 in
469 1006 646 1048 editione
696 1014 836 1046 nostra
882 1004 933 1046 ad
966 1004 1202 1059 marginem
1235 1004 1524 1050 indicavimus
1587 1005 1702 1048 Exiit

186 1079 286 1121 haec
317 1078 452 1120 versio
482 1093 519 1120 a.
555 1077 665 1119 1553
696 1075 774 1118 sub
804 1075 883 1116 1100
913 1074 1059 1117 titulo:

241 1150 329 1192 Een
359 1155 462 1191 corte
492 1149 814 1201 undersoeoekinye
844 1149 909 1188 des
934 1148 1134 1202 qkeloofs,
1167 1161 1260 1188 ouer
1290 1149 1337 1189 de
1358 1149 1494 1200 ybene,
1516 1149 1580 1190 die
1601 1150 1698 1190 haer

186 1227 243 1264 tot
283 1224 329 1263 de
358 1221 559 1277 Duytselce
591 1219 840 1273 Ghenzeynte‚
875 1219 938 1260 die
970 1225 1008 1260 te
1037 1218 1194 1260 Donden
1228 1220 1278 1269 is,
1312 1220 1506 1273 beylceuen
1536 1220 1701 1270 millen,-

188 1295 431 1348 uutylzestelt
474 1294 564 1334 cloer
594 1293 640 1332 de
682 1291 885 1332 Dienaers
915 1292 1129 1333 derselaer.
1195 1290 1339 1333 Coloss.
1373 1291 1459 1333 III.
1492 1292 1575 1333 Het
1605 1297 1700 1333 mort

192 1365 342 1407 Christi
371 1380 494 1407 woene
522 1364 716 1420 oyelreliek
746 1364 785 1404 in
816 1379 842 1404 u
873 1368 951 1404 met
981 1364 1064 1404 alle
1095 1365 1277 1419 wyslceyt.
1311 1364 1370 1406 80.
1406 1378 1441 1404 a.
1476 1363 1587 1405 1553
1620 1365 1667 1418 Ξ).

243 1433 433 1488 Repetita
464 1432 564 1472 haec
596 1430 720 1472 editio
751 1438 810 1472 est
841 1446 951 1472 anno
982 1432 1168 1486 sequenti
1192 1432 1231 1473 in
1256 1431 1473 1473 MlcRoNII
1495 1432 1700 1487 opusculo

187 1507 233 1547 de
268 1504 410 1546 Clariszt.
444 1503 693 1544 ordinaweien
725 1504 794 1544 der
825 1503 1166 1544 Nederlantsclcer
1202 1505 1352 1554 Glaem„
1387 1502 1458 1545 fol.
1484 1504 1698 1547 96—112.

186 1576 329 1617 Tertio
353 1574 450 1616 exiit
475 1574 658 1615 Londini
683 1589 718 1615 a.
750 1574 861 1615 1555
884 1575 931 1628 ³),
957 1582 1107 1629 quarto
1130 1589 1166 1615 a.
1193 1575 1301 1616 1556
1327 1574 1364 1617 d.
1386 1577 1437 1616 12
1456 1573 1572 1630 Sept.
1590 1575 1701 1631 apud

188 1647 286 1688 [olm
310 1648 432 1701 Dave,
458 1644 600 1687 eodem
626 1660 796 1701 prorsus
819 1644 951 1696 titulo,
978 1652 1015 1687 et
1039 1646 1185 1701 quinto
1206 1645 1386 1701 denique
1408 1645 1567 1688 Emdae
1589 1646 1699 1702 apud

189 1716 438 1760 Ctematium
471 1732 507 1758 a.
545 1718 670 1767 1558,
704 1715 824 1758 titulo
855 1717 895 1757 in
923 1716 1035 1758 hune
1059 1716 1225 1758 modum
1251 1716 1490 1772 paullulum
1514 1724 1695 1760 mutato:

247 1791 328 1831 Een
358 1791 463 1831 horte
493 1789 813 1841 ondersoeekinqe
834 1790 900 1830 des
917 1789 1116 1844 ybelooss,
1139 1804 1232 1830 ouer
1254 1790 1424 1842 deykene
1441 1789 1504 1830 die
1526 1791 1622 1830 lcaer
1643 1795 1701 1832 tot

187 1861 234 1902 de
267 1861 468 1917 Duytselze
500 1858 741 1909 ermeinte,
776 1861 837 1901 die
869 1865 906 1901 te
924 1860 1084 1901 Londen
1114 1875 1231 1912 war,
1263 1862 1456 1913 beylceuen
1477 1862 1697 1905 wouden.

196 1932 241 1973 W
243 1932 428 1985 tqhescelt
457 1932 548 1971 εἷσεν
577 1932 624 1970 [Ze
655 1931 849 1971 Dienaers
872 1932 941 1971 der
959 1932 1100 1972 seluer.
1138 1932 1279 1973 Coloss.
1303 1931 1390 1972 III.
1413 1947 1446 1973 e.
1477 1932 1577 1974 mvi.
1613 1932 1699 1973 Hel

189 2003 371 2044 woordt
405 2000 557 2043 Christi
584 2016 685 2042 wone
715 2002 884 2057 ryekelie
913 2002 953 2042 in
984 2017 1022 2053 u,
1059 2002 1100 2043 in
1132 2003 1301 2058 allerley
1331 2003 1516 2059 wysheyt.
1549 2002 1675 2046 1558.

243 2072 406 2115 Gallice
436 2079 476 2114 et
505 2072 743 2127 germanice
774 2088 890 2114 versa
922 2072 1023 2114 haec
1052 2072 1148 2115 fidei
1178 2073 1412 2129 exploratio
1444 2073 1630 2115 occurrit
1654 2074 1696 2115 in

188 2144 441 2187 versionibus
480 2144 568 2185 eius
609 2144 757 2200 operis,
792 2144 903 2200 quod
935 2145 1097 2187 Lascus
1136 2147 1271 2187 Forma
1302 2162 1349 2187 ac
1379 2146 1486 2187 ratio
1516 2144 1699 2187 intitula-

189 2218 256 2268 vit,
289 2231 371 2272 qua
401 2216 449 2258 de
481 2231 525 2257 re
555 2215 666 2257 infra.
695 2215 857 2257 dicendi
889 2216 1005 2258 loeus
1037 2216 1216 2262 dabitur.
1266 2217 1368 2260 Esse
1400 2217 1578 2274 denique
1609 2216 1700 2259 bre·

188 2287 373 2330 viculum
413 2287 526 2329 hunc
567 2286 873 2330 Catechismum
917 2304 941 2330 a
982 2289 1177 2331 Datheno
1223 2289 1263 2331 in
1297 2305 1415 2331 suam
1449 2288 1694 2345 Liturgiam

187 2360 385 2401 insertum
428 2366 479 2408 et,
513 2358 677 2415 publica
711 2358 922 2401 Ecclesiae
954 2362 1201 2403 auctoritate
1233 2361 1454 2410 sancitum,
1487 2359 1597 2417 apud
1630 2375 1702 2402 no-

185 2436 331 2472 strates
361 2429 595 2481 obtinuisse,
628 2429 760 2471 donec
791 2429 883 2471 loco
912 2430 1168 2473 submoverit
1200 2447 1296 2474 eum
1329 2438 1454 2488 atque
1490 2430 1700 2487 expulerit

185 2500 379 2559 Synodus
411 2501 694 2551 Dordmceua,
728 2502 864 2543 notius
895 2509 957 2544 est
978 2503 1179 2552 omnibus,
1203 2519 1330 2560 quam
1352 2513 1399 2546 ut
1420 2503 1470 2546 de
1490 2503 1697 2546 industria

183 2573 435 2615 ostendatur.
469 2571 670 2612 Editionis
700 2587 736 2613 a.
773 2572 893 2624 1558,
927 2588 1034 2629 quae
1065 2575 1153 2617 sola
1176 2581 1386 2631 superstes
1407 2591 1495 2618 esse
1516 2574 1694 2624 videtur,

183 2643 398 2700 exemplar
428 2649 609 2685 asservat
638 2643 748 2686 Bibl.
782 2643 905 2685 Rem.
940 2644 1174 2689 Amstelod.
1207 2645 1262 2688 N.
1297 2647 1394 2689 115.

223 2779 248 2817 ¹)
271 2777 371 2808 Lnsm
397 2777 506 2817 Opera,
529 2775 599 2807 Vol.
622 2775 665 2813 Il,
689 2775 747 2808 127
771 2787 816 2818 sq.

222 2834 247 2872 ²)
271 2834 319 2864 Cf.
343 2842 384 2864 LE
406 2832 511 2870 Loxe,
540 2832 646 2864 Geeclz.
658 2831 713 2862 der
729 2831 967 2873 lcruyskercken.
984 2843 1014 2874 p.
1032 2832 1082 2866 37.
1105 2832 1197 2866 catal
1211 2833 1293 2867 .libr.
1308 2833 1435 2876 prohib.
1450 2846 1477 2868 a.
1493 2834 1587 2869 1569.
1602 2846 1633 2879 p.
1647 2835 1697 2868 88.

223 2889 247 2932 ³)
273 2889 322 2922 Cf.
350 2887 491 2932 Cataloy.
513 2885 597 2922 Blbl.
630 2886 827 2919 marcianae.
851 2888 1010 2922 Auriciae.
1035 2888 1127 2923 1826.
1170 2888 1227 2923 N⁰.
1253 2887 1345 2924 2367.
