1818 3178
1540 108 1612 143 363

82 223 193 261 etiam
229 221 383 271 agnosci
417 220 565 258 facilius
602 219 731 270 possit.
786 221 910 271 Atque
937 218 1028 256 alibi
1057 218 1207 270 quidem
1233 218 1384 256 initium
1412 217 1522 256 huius
1551 230 1612 254 sa·

83 288 243 338 pientiae
286 285 376 325 facit
412 285 585 323 timorem
623 285 789 330 Domini,
830 292 867 322 et
902 298 982 322 eam
1021 288 1193 322 constare
1227 284 1466 335 potissimum
1505 281 1615 320 docet

83 351 256 402 diligenti
293 349 555 388 mandatorum
584 349 655 387 Dei
683 349 854 386 custodia
881 361 925 386 ac
953 348 1228 386 observatione.
1284 347 1360 384 Hic
1388 359 1473 384 vero
1502 346 1614 398 paulo

86 418 220 455 clarius
256 415 418 466 idipsum
452 414 612 465 explicat
646 414 903 464 rationemque
939 414 1018 451 eius
1053 412 1170 463 ipsius
1207 413 1352 450 timoris
1388 412 1428 449 in
1457 411 1527 448 hac
1555 424 1615 449 sa-

84 481 235 533 pientia,
271 479 439 528 Regibus
476 479 713 530 potissimum
748 491 951 529 eorumque
986 477 1205 529 proceribus
1241 478 1435 528 aliquanto
1470 476 1618 528 plenius

85 548 169 594 (39)
205 545 371 595 exponit,
406 549 460 586 ut.
495 543 560 595 qui
598 544 707 581 nobis
747 543 815 580 Dei
850 543 888 580 in
925 543 1034 580 terris
1061 543 1262 591 imaginem
1291 542 1480 592 quandam
1509 555 1617 592 prae-

87 611 236 648 cellenti
272 622 338 647 sua
366 608 563 646 vocatione
590 621 700 658 quarn
728 607 897 658 proxime
924 607 1102 651 referunt,
1127 607 1175 643 ab
1202 607 1249 644 iis
1279 607 1391 644 etiam
1420 606 1489 644 Dei
1515 606 1617 644 filius

86 687 198 725 quam
234 673 501 711 officiosissime
529 673 683 711 colatur.
738 672 855 709 Docet
882 671 1007 720 igitur,
1037 671 1077 707 in
1106 670 1232 708 divina
1261 671 1329 707 hac
1357 670 1538 721 sapientia
1567 670 1618 708 ti-

86 752 228 777 morem
264 739 413 789 quidem
450 738 602 788 requiri,
640 736 702 774 sed
740 749 819 774 esse
846 735 1033 786 peculiare
1057 735 1246 785 quoddam
1273 734 1352 771 eius
1380 734 1525 772 timoris
1551 747 1619 783 ge-

90 817 172 841 nus.
216 803 360 853 Nempe
388 815 478 846 non,
505 814 578 852 quo
607 801 680 838 sibi
707 804 771 838 aut
800 799 924 837 hostes
952 799 998 836 ab
1028 798 1198 835 hostibus
1225 803 1289 835 aut
1317 798 1413 836 cives
1441 811 1462 835 a
1488 802 1620 848 tyran-

90 868 148 905 nis
177 867 253 905 suis
281 870 452 904 metuunt
470 866 650 914 —longe
678 864 777 902 enim
805 877 825 900 a
854 863 1005 901 Christo
1035 862 1212 907 Domino,
1238 862 1316 899 filio
1346 861 1416 900 Dei
1444 862 1532 904 vivi,
1551 861 1619 899 ab·

90 938 177 972 sunt
205 933 355 970 hostilia
383 931 654 982 tyrannicaque
681 930 806 966 omnia
831 950 882 957 —
911 927 974 965 sed
1002 940 1111 977 quem
1140 927 1294 963 clientes
1320 926 1502 977 patronis,
1530 925 1621 963 boni

87 998 179 1036 item
215 997 313 1034 servi
349 995 510 1034 dominis
545 999 580 1032 et
614 993 725 1031 liberi
758 992 976 1044 parentibus
1014 991 1090 1028 suis
1126 991 1223 1028 ultro
1261 1003 1299 1027 se
1334 990 1467 1027 debere
1502 1003 1620 1038 agno-

90 1066 212 1101 scunt.
257 1061 419 1099 Hostilis
446 1073 490 1098 ac
515 1059 735 1109 tyrannicus
762 1058 825 1095 ille
850 1057 963 1094 timor
992 1069 1074 1093 cum
1103 1055 1188 1092 odio
1218 1068 1361 1106 semper
1391 1055 1621 1092 animorum-

88 1141 158 1178 que
191 1127 418 1164 alienatione
455 1125 616 1176 quadam
644 1128 699 1161 est
730 1122 967 1167 coniunctus,
1002 1121 1042 1158 id
1069 1120 1169 1171 quod
1199 1120 1341 1170 alioqui
1370 1133 1442 1157 vox
1469 1120 1534 1156 illa
1561 1124 1621 1169 ty-

91 1193 263 1230 rannica:
292 1191 453 1229 Oderint
481 1189 570 1227 dum
596 1193 776 1233 metuant,
802 1188 922 1238 palam
951 1190 1123 1224 testatur.
1160 1185 1235 1222 Hic
1263 1198 1362 1229 vero,
1389 1198 1499 1235 quem
1528 1184 1621 1221 Pro-

90 1259 201 1309 pheta
246 1257 356 1295 nobis
403 1255 651 1298 commendat,
690 1253 737 1290 ab
775 1264 901 1289 amore
936 1256 1048 1301 atque
1084 1249 1324 1287 observantia
1359 1249 1624 1300 proficiscitur,

91 1321 394 1372 obsequendique
429 1319 595 1357 studium
629 1331 673 1356 ac
707 1316 1000 1356 sollicitudinem
1036 1314 1227 1366 quandam
1261 1314 1302 1352 in
1341 1313 1451 1351 nobis
1487 1313 1624 1363 gignit,

91 1400 139 1424 ne
173 1399 248 1437 quo
284 1385 397 1422 modo
433 1397 510 1428 eos,
537 1383 675 1434 quibus
703 1381 889 1419 eiusmodi
915 1380 1089 1418 timorem
1116 1380 1217 1417 ultro
1246 1392 1314 1416 nos
1343 1378 1477 1416 debere
1504 1374 1623 1428 agno-

91 1450 240 1496 scimus,
275 1450 360 1497 (40)
403 1451 533 1486 nostra
578 1446 655 1484 sive
705 1443 957 1495 imprudentia
994 1443 1071 1480 sive
1109 1442 1339 1491 negligentia
1376 1440 1622 1487 offendamus,

93 1515 156 1552 sed
190 1514 316 1565 potius
351 1513 425 1550 illis
463 1513 620 1563 placere,
646 1509 851 1561 gratificari
878 1514 988 1559 atque
1016 1507 1173 1558 obsequi
1202 1506 1322 1544 modis
1351 1506 1526 1544 omnibus
1553 1519 1621 1556 pro

93 1583 222 1618 nostra
257 1578 357 1615 virili
393 1576 622 1619 studeamus,
666 1580 701 1612 et
737 1575 777 1612 in
812 1578 940 1610 nostra
977 1571 1194 1622 nobis'ipsi
1229 1571 1299 1608 hac
1334 1570 1374 1608 in
1401 1575 1517 1622 parte,
1543 1574 1624 1608 tum

93 1643 352 1695 imprudentia,
387 1647 468 1679 tum
494 1639 753 1678 insufficientia
781 1641 847 1687 (ne
874 1637 962 1688 quid
992 1637 1037 1674 de
1065 1636 1294 1685 negligentia
1324 1636 1462 1683 dicam)
1492 1634 1624 1685 displi-

96 1722 260 1755 ceamus3
299 1708 349 1745 ita
384 1712 521 1750 tamen,
547 1710 587 1743 ut
616 1704 860 1742 certissimam
887 1702 1016 1740 veniae
1045 1714 1160 1752 spem,
1188 1701 1298 1738 nobis
1326 1699 1476 1751 quidem
1505 1699 1626 1745 diffisi,

96 1773 160 1810 sed
186 1785 327 1815 eorum,
355 1784 448 1822 quos
474 1770 527 1807 ita
553 1781 775 1812 reveremur,
804 1766 1036 1816 benignitate
1056 1766 1201 1811 confisi,
1221 1778 1364 1815 semper
1384 1764 1624 1802 retineamus.

98 1837 212 1874 Hunc
240 1849 328 1873 sane
352 1835 463 1872 talem
491 1846 578 1882 erga
607 1831 797 1870 Christum
825 1830 1029 1869 Dominum
1057 1830 1231 1868 timorem
1258 1829 1413 1880 requirit
1439 1829 1625 1880 Propheta

96 1903 135 1939 in
171 1915 212 1939 ea
249 1900 442 1951 sapientia,
476 1898 521 1936 ad
559 1911 671 1948 quam
708 1897 768 1934 hic
805 1896 926 1945 Reges
953 1908 1199 1946 proceresque
1224 1895 1373 1931 illorum
1403 1907 1533 1931 omnes
1561 1907 1625 1931 ex-

98 1967 280 2008 hortatur,
316 1965 348 2002 si
382 1963 532 2014 quando
568 1962 812 1999 inclarescere
839 1960 990 1997 videant
1016 1972 1173 2008 regnum
1200 1958 1331 2009 ipsius.
1385 1958 1539 2004 Servite‚
1565 1957 1625 1995 in-

97 2031 192 2082 quit,
219 2029 383 2067 Domino
410 2028 450 2065 in
477 2028 622 2066 timore.
678 2027 819 2076 Estque
848 2025 938 2062 haec
964 2024 1082 2075 prima
1109 2023 1256 2061 timoris
1283 2023 1360 2061 eius
1388 2027 1489 2065 nota,
1515 2036 1626 2073 quem

96 2095 282 2146 Propheta
316 2094 356 2131 i=n
385 2093 510 2131 divina
539 2092 607 2129 hac
635 2091 816 2142 sapientia
842 2089 1010 2141 requirit,
1043 2102 1087 2126 ac
1113 2089 1256 2139 primus
1284 2087 1395 2125 etiam
1425 2087 1627 2138 sapientiae

95 2160 246 2209 gradus,
272 2159 318 2196 ad
346 2172 455 2209 quam
486 2158 604 2207 Reges
632 2168 878 2208 proceresque
906 2168 1034 2192 omnes
1063 2154 1294 2191 cohortatur.
1341 2152 1442 2190 Quia
1472 2165 1558 2189 vero
1585 2152 1626 2189 in

96 2225 224 2263 hostili
265 2224 330 2261 illo
375 2229 439 2261 aut
472 2221 668 2272 tyrannico
704 2224 806 2258 metu
844 2219 1012 2257 simulari
1048 2231 1124 2256 non
1161 2231 1244 2255 raro
1281 2222 1402 2268 potest
1440 2216 1625 2255 serviendi

97 2289 168 2325 hoc
204 2287 380 2330 studium,
425 2285 471 2323 ad
508 2298 617 2336 quem
653 2283 806 2321 modum
836 2283 1008 2320 Herodes
1035 2281 1129 2319 illud
1157 2286 1241 2332 post
1271 2285 1400 2318 natum
1430 2281 1624 2319 Christum

97 2356 182 2403 (41)
219 2352 425 2390 Dominum
470 2350 568 2401 apud
613 2349 748 2398 Magos
784 2348 965 2385 insidiose
1001 2347 1214 2389 simulabat,
1257 2346 1361 2384 addit
1400 2350 1437 2383 et
1472 2346 1626 2383 alteram

94 2419 241 2458 timoris
269 2418 380 2455 huius
406 2420 535 2453 notam
562 2415 759 2466 Propheta,
786 2427 880 2464 quae
906 2413 945 2450 in
973 2412 1148 2450 hostilem
1175 2412 1460 2462 tyrannicumve
1486 2416 1627 2448 metum

94 2485 201 2521 illum
238 2482 368 2520 cadere
397 2481 498 2519 nullo
526 2480 638 2517 modo
666 2482 802 2530 potest,
829 2477 944 2516 animi
974 2477 1145 2515 videlicet
1171 2476 1352 2526 gaudium
1378 2481 1490 2527 atque
1517 2477 1624 2514 exul-

93 2547 286 2586 tationem.
337 2546 433 2583 Quis
470 2545 569 2582 enim
598 2543 771 2581 secundis
800 2542 964 2580 hostium
992 2546 1284 2591 tyrannorumve
1310 2540 1421 2578 rebus
1449 2554 1527 2578 non
1555 2554 1624 2591 po-

94 2611 168 2649 tius
195 2610 432 2662 perturbetur
458 2621 570 2658 quam
599 2607 766 2650 laetetur,
792 2606 938 2643 etiamsi
967 2618 1240 2655 nonnunquam
1265 2604 1445 2642 laetitiam
1474 2605 1625 2642 simule·

95 2675 204 2712 mus?
241 2687 335 2725 quae
370 2678 493 2710 tamen
531 2673 582 2709 ita
617 2670 784 2708 simulari
812 2683 1002 2720 nunquam
1030 2673 1165 2719 potest,
1192 2669 1285 2719 quin
1313 2682 1391 2707 scse
1418 2669 1526 2706 fucus
1554 2669 1625 2718 hy-

94 2739 283 2789 pocriseos
326 2737 465 2775 alicubi
507 2735 653 2786 prodat.
706 2734 798 2772 Eius
833 2735 886 2771 rei
921 2734 1149 2784 praeclarum
1186 2734 1225 2770 in
1262 2746 1305 2771 eo
1341 2733 1422 2784 ipso
1461 2732 1626 2778 Herode,

97 2803 200 2840 cuius
227 2802 301 2840 iam
329 2800 579 2846 meminimus,
605 2799 811 2850 exemplum
840 2798 1031 2836 habemus.
1060 2798 1099 2835 Is
1120 2797 1182 2835 ubi
1203 2797 1397 2835 Christum
1415 2796 1622 2834 Dominum

96 2870 224 2903 natum
260 2871 338 2903 esse
373 2864 549 2908 audisset,
585 2868 740 2900 conatus
776 2865 831 2899 cst
867 2860 1017 2911 quidem
1052 2864 1088 2898 et
1123 2860 1202 2911 ipsc
1239 2860 1412 2898 simulare
1448 2872 1623 2908 magnam
