1818 3178
162 126 234 163 260
694 127 810 155 mma.
840 124 931 153 Mus.
961 121 1156 152 FRANcor.

162 239 288 288 Atque
321 236 374 273 ita
402 233 549 271 demum
576 230 688 268 etiam
717 228 874 276 singulis
903 226 1088 277 capitibus
1115 225 1293 264 addemus
1321 225 1515 263 doctrinae
1541 227 1692 262 nostrae

168 299 469 343 confessionem
497 293 714 345 praesertim
741 304 840 335 vem,
868 304 940 341 qua
967 294 1071 341 parte
1096 290 1137 327 in
1165 290 1351 340 Apologia
1377 288 1520 340 aliquid
1547 288 1695 333 dicitur,

167 364 267 415 quod
293 364 333 400 in
359 363 438 412 ipsa
467 358 713 397 confessione
740 369 955 407 expressum
979 368 1057 393 non
1084 354 1253 394 habetur.
1305 354 1429 392 Locus
1455 366 1567 405 porro
1594 354 1627 391 is
1653 353 1695 391 in

165 427 351 478 Apologia
386 429 489 463 extat
524 424 564 460 in
601 422 720 473 capite
756 421 802 458 de
836 420 1020 465 Ecclesia,
1054 419 1094 457 in
1131 419 1264 457 decimi
1294 419 1453 457 Articuli
1481 418 1696 456 Confessio-

165 493 223 530 nis
253 493 282 539 ¹)
310 489 567 541 explicatione,
592 488 633 525 in
661 500 734 537 quo
763 487 853 523 haec
879 486 1075 534 leguntur:
1104 486 1189 532 (43)

218 554 475 592 uDecimus
512 551 771 590 Articulus
807 549 1112 600 approbatus
1147 552 1240 592 est,
1274 547 1321 586 in
1358 560 1450 598 quo
1488 547 1695 585 confite-

167 632 316 664 amur,
355 631 440 656 nos
478 616 689 655 sentire:
733 614 873 653 Quod
900 614 949 651 in
977 626 1127 650 coena
1153 611 1351 649 Domini
1377 625 1485 650 vere
1511 616 1556 649 et
1583 610 1693 649 sub-

164 682 514 722 nstantialiter
549 680 714 719 adsint
752 692 928 729 corpus
963 682 1007 716 et
1043 676 1244 726 sanguis
1273 676 1485 723 Christi,
1512 680 1556 714 et
1583 688 1695 714 vere

162 748 526 786 uexhibeantur
563 758 663 783 cum
698 744 807 782 illis
847 744 1014 788 rebus,
1048 755 1170 793 quae
1207 741 1468 785 videntur,
1503 753 1624 791 pane
1651 744 1696 777 et

160 814 323 859 mino,
363 812 438 850 his
480 810 563 862 qui
608 813 969 848 sacramentum
1006 807 1275 858 accipiunt.
1328 806 1465 844 Hanc
1503 809 1693 843 senten-

159 876 307 913 ntiam
335 878 625 912 constanter
653 872 988 910 defenderunt
1016 870 1183 908 nostri
1213 868 1606 906 concionatores.
1635 867 1694 904 Et

159 939 523 990 acomperimus,
550 950 644 975 non
670 941 864 975 tantum
887 936 1012 974 Rom.
1034 935 1308 972 Ecclesiam
1327 934 1582 972 affirmare
1599 945 1693 970 cor-

159 1004 401 1055 aporalem
427 1001 759 1053 praesentiam
788 1000 993 1045 Christi,
1023 1000 1251 1038 sedidem
1278 1003 1314 1037 et
1341 1011 1468 1037 nunc
1496 998 1697 1043 sentire,

158 1073 234 1107 aet
271 1053 386 1105 olim
423 1067 642 1105 sensisse>
673 1066 903 1103 Graecam
942 1065 1144 1111 Eccles„
1182 1067 1231 1101 ut
1274 1067 1493 1102 testatur
1529 1063 1694 1100 Canon

160 1133 375 1170 aMissae
401 1131 523 1182 apud
553 1130 769 1168 Graecos
796 1133 840 1167 et
868 1133 1041 1167 extant
1067 1128 1369 1179 quorundam
1397 1127 1694 1178 scriptorum

161 1196 492 1234 atestimonia.
567 1195 683 1232 Nam
741 1194 962 1244 Cyrillus
1012 1194 1062 1231 in
1101 1194 1239 1232 Ioan.
1281 1206 1378 1244 cap.
1421 1195 1468 1231 15
1508 1192 1697 1243 inquit,

161 1261 442 1299 uChristum
484 1260 812 1310 corporaliter
852 1259 997 1297 nobis
1039 1258 1269 1296 exhiberi
1313 1259 1361 1297 in
1408 1271 1576 1305 coena3
1622 1257 1693 1295 sic

162 1326 317 1364 nenim
344 1325 431 1363 ait:
467 1325 573 1362 Non
600 1328 758 1362 tamen
786 1336 1032 1373 negamus,
1067 1328 1200 1361 recta
1230 1336 1315 1361 nos
1343 1323 1445 1361 fide
1482 1322 1694 1360 charita-

161 1396 336 1442 ateque
372 1391 567 1428 sincera
596 1389 794 1427 Christo
824 1388 1171 1439 spiritualiter
1200 1387 1458 1436 coniungi,
1487 1387 1565 1424 sed
1594 1386 1696 1424 nul-

161 1457 283 1493 ulam
328 1455 473 1492 nobis
515 1452 890 1491 coniunctionis
931 1452 1173 1490 rationem
1217 1451 1470 1489 secundum
1508 1463 1695 1488 carnem

160 1531 293 1555 acum
320 1517 410 1554 illo
439 1530 562 1563 esse,
588 1516 636 1553 id
662 1516 888 1567 profecto
917 1529 1261 1566 pernegamus,
1286 1515 1432 1566 idque
1459 1528 1480 1553 a
1508 1515 1696 1553 divinis

162 1581 455 1632 ascripturis
492 1581 688 1619 omnino
727 1581 945 1618 alienum
973 1580 1198 1619 dicimus.
1254 1580 1377 1618 Quis
1405 1580 1531 1617 enim
1559 1580 1696 1617 dubi-

163 1647 340 1694 utavit,
375 1646 620 1683 Christum
655 1645 800 1683 etiam
838 1645 907 1683 sic
945 1645 1091 1683 vitem
1119 1658 1244 1691 esse,
1272 1657 1357 1683 nos
1384 1657 1496 1683 vero
1523 1644 1694 1695 palmi-

164 1715 287 1757 ates,
323 1711 404 1761 qui
439 1711 582 1749 vitam
625 1710 768 1748 nobis
804 1709 915 1747 inde
950 1709 1284 1760 acquirimus?
1337 1709 1464 1747 Audi
1491 1709 1693 1747 Paulum

166 1775 462 1813 adicentem:
501 1774 623 1812 Quia
651 1787 813 1812 omnes
842 1787 981 1811 unum
1009 1786 1182 1824 corpus
1210 1786 1371 1811 sumus
1398 1773 1448 1811 in
1476 1773 1697 1821 Christo,

167 1838 327 1889 aquia,
362 1838 455 1875 etsi
481 1839 566 1885 (44)
593 1837 736 1875 multi
771 1850 953 1883 sumus,
991 1850 1133 1874 unum
1169 1837 1399 1874 tamenin
1428 1850 1478 1874 6ο
1516 1851 1697 1883 sumus,

167 1915 360 1939 nomnes
395 1901 515 1939 enim
553 1914 645 1939 uno
683 1914 803 1952 pane
842 1901 1210 1952 participamus,
1265 1903 1335 1938 An
1371 1902 1589 1940 fortasse
1615 1915 1693 1953 pu-

168 1971 291 2012 utat,
328 1967 549 2017 ignotam
590 1966 736 2004 nobis
772 1967 1008 2016 mysticae
1045 1966 1420 2004 benedictionis
1462 1966 1696 2005 virtutem

168 2045 324 2078 nesse,
359 2044 498 2082 quae,
537 2043 636 2067 cum
663 2031 711 2068 in
749 2031 890 2068 nobis
926 2031 1009 2076 fit,
1036 2044 1194 2068 nonne
1223 2031 1557 2081 corporaliter
1585 2043 1696 2081 quo-

171 2109 290 2146 uque
318 2095 455 2141 facit,
483 2090 937 2133 communicatione
966 2095 1127 2133 carnis
1146 2095 1356 2142 Christi,
1378 2095 1624 2133 Christum
1649 2096 1697 2133 in

171 2161 343 2198 anobis
386 2160 703 2198 inhabitare?
756 2159 814 2197 Et
849 2160 988 2211 paulo
1027 2164 1161 2210 post:
1201 2160 1339 2198 Unde
1376 2160 1698 2198 consideran-

174 2225 311 2261 udum
352 2228 439 2271 est,
476 2237 565 2262 non
603 2223 899 2262 habitudine
935 2225 1110 2272 solum,
1150 2238 1271 2276 quae
1296 2238 1376 2275 per
1404 2225 1696 2262 charitatem

173 2286 531 2335 uintelligitur‚
569 2286 824 2324 Christum
852 2287 900 2324 in
928 2287 1071 2325 nobis
1099 2301 1227 2334 esse3
1255 2298 1418 2326 verum
1445 2287 1591 2325 etiam
1619 2301 1696 2326 na·

175 2350 358 2386 nturali
399 2350 803 2400 participatione,
839 2354 926 2390 etc.
982 2351 1112 2389 Haec
1151 2352 1493 2397 recitavimus,
1527 2365 1621 2390 non
1648 2357 1699 2391 ut

175 2413 284 2450 uhic
318 2413 702 2463 disputationem
743 2415 796 2452 de
831 2414 919 2452 hac
954 2429 1001 2453 re
1028 2416 1405 2454 institueremus
1433 2418 1546 2464 (non
1573 2417 1697 2455 enim

175 2477 450 2527 nixnprobat
486 2478 609 2516 hune
643 2481 743 2517 Art.
787 2479 915 2518 Caes,
955 2479 1220 2528 Maiestas),
1246 2480 1327 2518 sed
1352 2484 1403 2518 ut
1440 2481 1624 2519 clarius
1652 2495 1699 2519 e·

177 2541 323 2578 utiam
351 2542 701 2591 perspicerent,
728 2543 1003 2594 quicunque
1030 2545 1126 2582 ista
1155 2545 1333 2594 legent,
1361 2557 1447 2582 nos
1474 2544 1700 2583 defende-

177 2619 255 2642 are
282 2609 523 2655 receptam
550 2606 597 2642 in
625 2611 728 2644 tota
756 2607 985 2645 Ecclesia
1012 2609 1333 2648 sententiam:
1363 2608 1574 2646 Quodin
1597 2622 1698 2647 coe-

175 2683 262 2706 ana
305 2668 499 2706 Domini
543 2682 649 2707 vere
692 2674 734 2708 et
779 2672 1200 2711 substantialiter
1234 2673 1401 2711 adsint
1443 2686 1620 2724 corpus
1655 2679 1701 2713 et

175 2732 404 2782 usanguis
443 2732 647 2776 Christi,
692 2738 736 2771 ct
774 2748 882 2773 vere
918 2736 1250 2775 exhibeantur
1288 2750 1384 2774 cum
1422 2737 1498 2774 his
1533 2738 1699 2785 rebus,

208 2860 231 2899 ¹)
256 2859 332 2891 Cod.
355 2859 516 2891 Francorzz
541 2858 572 2890 [ic
595 2858 704 2891 decimi
731 2861 938 2902 Comsesxiomis
959 2863 1104 2897 articulo.
