1818 3178
301 557 1399 630 ILLUSTRI

216 727 339 773 AC
427 727 1082 777 MAGNIFICO
1165 731 1473 778 DOMI-

256 844 403 903 NO,
475 847 926 894 DOMINO
994 848 1439 908 IOANNI,

122 999 278 1045 (bacili
323 1000 368 1046 in
418 1001 620 1057 Tarnow,
670 1001 924 1048 Oce-stellano
975 1002 1277 1051 Craeovz'ensz':
1333 1009 1378 1051 et
1413 1022 1575 1051 summo

151 1084 402 1140 apparatus
446 1079 592 1126 bellica·
623 1097 716 1142 per
764 1083 1010 1128 universum
1043 1083 1244 1145 Beymcm
1278 1086 1543 1145 capitaneo:

483 1161 676 1207 loamzes
715 1159 744 1206 ἀ
786 1162 932 1208 Lusco
967 1163 1015 1210 S.
1047 1163 1111 1210 P.
1149 1163 1214 1210 D.

139 1518 319 1555 SPARSI
356 1522 444 1557 sunt
479 1523 565 1558 ante
601 1533 717 1558 unum
753 1525 816 1559 aut
852 1522 1010 1561 alterum
1046 1536 1211 1562 mensem
1246 1528 1357 1576 atque
1390 1526 1436 1564 ad
1467 1542 1523 1567 me
1551 1529 1615 1567 de·

88 1596 186 1620 mum
215 1584 327 1621 etiam
354 1584 458 1622 allati
486 1584 648 1622 Articuli
674 1585 840 1636 quidam,
869 1586 1035 1626 Illustris
1062 1602 1105 1626 ac
1132 1589 1335 1639 Magnifice
1364 1591 1541 1632 Domine!
1572 1594 1616 1633 tle

89 1661 144 1685 me
180 1661 332 1699 meaque
370 1648 544 1687 doctrina
580 1663 644 1701 per
684 1651 844 1690 Hosium
882 1665 927 1690 ex
955 1653 1111 1691 Erasmo
1139 1656 1292 1701 Albero,
1320 1662 1360 1695 ut
1385 1658 1519 1697 titulus
1548 1660 1614 1697 ha-

87 1712 163 1756 bet,
195 1713 385 1764 exscripti,
421 1719 457 1751 et
495 1714 566 1751 huc
602 1715 752 1752 tandem
788 1716 828 1753 in
864 1717 1061 1755 Poloniam
1097 1719 1144 1756 ad
1180 1719 1451 1760 traducendum
1479 1737 1615 1761 nomen

85 1790 208 1814 meum
242 1778 464 1824 transmissi,
501 1779 637 1829 quibus
673 1793 742 1829 ego
781 1783 841 1829 (1)
869 1782 981 1819 unico
1020 1796 1107 1820 sane
1136 1784 1248 1822 verbo
1274 1787 1501 1836 respondere
1527 1802 1615 1839 pos-

85 1855 175 1888 sem,
213 1855 345 1893 nempe
379 1843 482 1880 aliud
520 1843 618 1881 nihil
654 1858 732 1882 esse
768 1859 880 1896 quam
916 1860 1017 1884 mera
1053 1852 1088 1886 et
1124 1849 1254 1899 putida
1289 1851 1494 1895 mendacia.
1521 1867 1616 1904 quos

26 1889 29 1896 ¹
85 1905 226 1957 alioqui
261 1906 380 1944 libelli
415 1908 546 1953 nostri,
582 1922 640 1946 mc
675 1910 785 1947 etiam
820 1915 977 1957 tacente,
1013 1914 1190 1952 vanitatis
1225 1918 1336 1966 atque
1361 1916 1617 1968 impudentiae

86 1971 322 2010 convincent.
379 1972 463 2019 Sed,
503 1973 682 2024 quoniam
720 1989 838 2026 neque
867 1976 997 2015 Alberi
1023 1991 1161 2028 procax
1187 1981 1446 2020 maledicentia
1473 1987 1508 2022 et
1535 1998 1614 2023 ma-

85 2035 202 2073 ledica
249 2036 455 2087 procacitas
500 2038 652 2089 perinde
690 2039 750 2077 hic
786 2044 895 2092 atque
935 2042 1028 2079 alibi
1073 2048 1127 2081 est
1165 2045 1316 2094 cognita.
1351 2051 1386 2084 et
1423 2048 1615 2088 Hosianae

84 2101 172 2138 item
210 2101 449 2151 hypocriseos
486 2103 593 2140 fucus
630 2104 797 2142 nondum
834 2106 944 2156 plane
980 2107 1156 2146 omnibus
1193 2115 1248 2147 est
1276 2110 1453 2156 detectus,
1488 2114 1614 2164 putavi

87 2165 178 2202 mihi
212 2165 260 2202 ad
298 2165 466 2215 singulos
494 2167 636 2214 ordine,
665 2171 725 2213 23,
752 2170 988 2220 potissimum
1015 2173 1164 2210 eosdem
1190 2173 1292 2225 ipsos
1319 2177 1525 2222 Articulos,
1554 2179 1616 2218 de·

86 2229 171 2267 inde
198 2242 283 2267 vero
311 2230 433 2268 obiter
461 2231 572 2269 etiam
600 2232 646 2270 ad
663 2233 889 2272 virulentum
913 2235 1023 2289 Hosii
1041 2237 1222 2284 libellum,
1252 2239 1338 2278 uDe
1357 2253 1534 2292 oppresso
1556 2258 1617 2282 ve-

86 2295 162 2332 rius
206 2308 317 2345 quam
363 2308 538 2346 expresso
576 2296 647 2335 Dei
692 2299 832 2336 verbo”
875 2301 1004 2351 paucis
1041 2303 1342 2353 respondendum
1377 2319 1469 2350 esse,
1504 2313 1546 2347 ut
1581 2315 1617 2348 et

86 2359 216 2396 Alberi
254 2358 398 2397 vanitas
434 2364 469 2398 et
504 2361 716 2400 Pharisaica
760 2363 872 2401 Hosii
897 2365 1039 2403 malitia
1068 2367 1243 2405 omnibus
1270 2370 1390 2420 magis
1418 2373 1620 2424 conspicua

83 2424 159 2461 fiat.
214 2425 338 2473 Atque
384 2423 515 2461 Alberi
551 2438 634 2463 eum
681 2426 831 2478 quidem
878 2429 1060 2475 libellum,
1096 2444 1140 2470 ex
1178 2445 1251 2483 quo
1288 2447 1326 2472 se
1364 2435 1504 2474 Hosius
1532 2451 1619 2476 suos

85 2486 196 2524 hosce
233 2487 425 2525 Articulos
461 2489 687 2541 excerpsisse
724 2492 868 2538 scribit,
903 2507 972 2543 ego
1009 2495 1179 2546 equidem
1217 2510 1294 2536 non
1332 2499 1406 2550 legi
1441 2514 1621 2553 unquam,

85 2551 150 2602 qui
186 2552 232 2589 ab
271 2552 347 2590 eius
382 2566 440 2591 me
472 2554 614 2606 alioqui
649 2556 809 2595 lectione
847 2562 997 2610 propter
1033 2561 1305 2602 redundantem
1344 2564 1506 2605 hominis
1534 2560 1621 2605 ubi-

85 2627 156 2664 que
190 2614 489 2654 maledicentiam
529 2617 654 2656 studio
692 2632 835 2670 semper
864 2621 1046 2662 continui.
1102 2623 1293 2664 Nimirum
1321 2629 1382 2676 (2)
1410 2635 1498 2667 nota
1525 2630 1620 2668 iam-

85 2677 227 2727 pridem
247 2684 302 2717 est
321 2693 385 2731 per
402 2684 519 2718 totam
543 2682 782 2722 Germaniam
803 2685 882 2723 eius
897 2686 938 2724 in
956 2687 1211 2727 maledicendo
1232 2690 1452 2742 impotentia
1474 2699 1624 2745 propter

86 2754 197 2791 quam
234 2744 385 2781 tandem
415 2759 599 2796 nusquam
627 2747 690 2784 diu
719 2749 934 2796 consistere,
963 2756 1074 2803 atque
1101 2766 1177 2791 non
1207 2768 1351 2806 semper
1378 2757 1471 2795 adeo
1499 2759 1621 2796 omni-

86 2805 154 2843 bus
191 2806 293 2845 domi
332 2822 419 2847 suae
457 2811 586 2849 adesse
622 2813 836 2861 cogebatur.
892 2815 978 2860 Sed,
1013 2817 1083 2855 etsi
1110 2820 1290 2857 affirmare
1320 2835 1439 2872 neque
1467 2835 1645 2873 possumv

85 2883 202 2921 neque
237 2873 346 2911 etiam
388 2875 483 2921 volo,
522 2876 712 2915 Articulos
750 2877 864 2929 ipsOS,
901 2886 941 2917 ut
979 2880 1051 2918 huc
1086 2895 1149 2933 per
1188 2883 1350 2922 Hosium
1384 2891 1470 2923 sunt
1497 2891 1619 2925 trans-
