1818 3178
457 171 508 198 mz
537 168 820 197 sAcR-umx'rls
853 165 1067 194 sccnnsm:
1094 162 1275 191 cnms'n.
1559 151 1628 186 215

99 278 201 317 modi
226 277 366 316 unione
392 272 661 312 Sacramentali
690 272 929 321 cogitassent,
955 281 1028 320 qua
1055 268 1093 306 id
1120 269 1236 311 fieret,
1262 268 1303 303 ut
1324 277 1456 315 corpus
1485 262 1624 301 Christi

101 344 149 382 sit
175 348 212 381 et
238 340 485 380 distribuatur
511 339 550 375 in
577 350 684 389 pane,
712 349 795 373 cum
822 347 916 386 pane
943 338 979 371 et
1006 345 1069 384 per
1097 344 1241 383 panem.
1294 329 1364 367 Est
1389 328 1490 366 enim
1512 327 1626 376 longe

99 408 214 453 aliud,
249 411 290 444 ut
325 408 433 442 antea
470 403 579 454 paulo
611 403 683 439 iam
710 401 850 438 dictum
878 403 946 443 est,
982 411 1061 436 esse
1086 397 1125 434 id
1152 397 1274 447 ipsum
1301 394 1338 432 in
1368 406 1435 430 sua
1461 392 1623 430 existen-

96 474 171 518 tia,
207 473 251 510 de
285 483 359 521 quo
394 468 536 519 aliquid
578 467 733 511 dicitur,
776 469 812 503 et
847 478 926 502 esse
960 463 998 500 in
1034 463 1099 499 illo
1137 466 1199 499 aut
1236 473 1318 498 cum
1353 459 1440 501 illo,
1474 462 1515 495 ut
1551 470 1623 494 una

100 536 360 575 distribuatur.

152 601 245 638 Cum
274 599 390 648 igitur
416 601 565 635 autores
592 595 663 647 ipsi
689 594 801 632 huius
830 591 1131 642 Synecdochicae
1157 587 1476 640 interpretationis
1503 584 1625 623 adacti

101 665 177 703 sint
203 664 250 702 ad
276 663 454 701 unionem
482 660 670 711 quandam
698 656 1010 696 Sacramentalem
1038 654 1269 693 statuendam
1296 651 1404 703 panis
1431 654 1467 688 et
1496 663 1627 700 corpo-

99 730 149 767 ris
185 727 326 767 Christi
360 727 397 764 in
437 739 573 769 coena,
609 723 717 761 facile
751 724 914 773 apparet,
949 733 994 756 ne
1031 719 1199 769 ipsismet
1226 717 1376 767 quidem
1405 714 1628 753 satisfecisse

101 795 197 832 hanc
231 793 344 831 talem
383 789 701 841 Synecdochicam
736 787 933 824 verborum
972 797 1111 822 coenae
1136 783 1188 820 ita
1215 781 1484 832 explicatorum
1511 779 1627 816 inter-

98 860 355 912 pretationem.
384 857 468 894 Imo
499 868 582 893 vero
609 858 645 892 et
673 853 717 890 de
744 853 824 903 ipsa
851 851 992 888 unione
1019 849 1118 886 varie
1146 848 1244 885 inter
1270 859 1333 884 eos
1352 849 1480 896 postea
1498 844 1624 894 dispu-

98 929 217 963 tatum
251 928 318 968 est,
344 925 455 972 atque
488 919 552 957 alii
589 917 813 960 statuebant,
849 914 1025 952 unionem
1059 912 1162 949 illam
1198 911 1237 948 in
1276 909 1507 947 connexione
1544 920 1626 945 cor-

99 987 201 1039 poris
237 986 379 1024 Christi
415 997 499 1022 cum
533 995 630 1034 pane
666 993 742 1018 non
780 977 965 1029 corporali
1007 989 1125 1027 neque
1160 975 1284 1019 locali,
1323 972 1384 1011 sed
1415 972 1629 1018 diffinitiva3

100 1053 165 1090 alii
200 1064 287 1089 vero
324 1063 401 1088 non
436 1050 474 1087 in
505 1045 738 1085 connexione
763 1044 840 1081 ulla
877 1055 960 1080 cum
985 1054 1082 1093 pane
1109 1040 1211 1091 ips0,
1248 1038 1310 1076 sed
1336 1038 1377 1075 in
1403 1037 1502 1088 pacti
1528 1036 1629 1073 illius

101 1117 280 1157 efficacia:
317 1115 393 1153 Ero
421 1113 615 1152 vobiscum
641 1123 759 1160 usque
795 1108 841 1146 ad
878 1107 1016 1145 saeculi
1052 1103 1424 1147 consummationem,
1461 1102 1630 1151 hancque

105 1182 284 1220 unionem
309 1179 410 1232 pacti
436 1177 613 1216 unionem
643 1175 829 1213 vocabant
855 1177 890 1212 et
917 1186 998 1210 eam
1027 1171 1068 1209 in
1094 1170 1177 1221 ipso
1206 1168 1394 1206 Ecclesiae
1423 1165 1630 1204 ministerio

103 1246 170 1285 sub
207 1245 370 1283 ministri
407 1256 528 1294 opere,
565 1254 639 1279 non
677 1242 799 1278 autem
834 1238 874 1276 in
911 1238 994 1286 (fol.
1025 1237 1137 1283 120b)
1175 1233 1408 1271 connexione
1446 1244 1528 1268 cum
1556 1230 1629 1267 ele-

102 1311 236 1350 mentis
262 1310 340 1348 ulla
369 1308 602 1347 statuebant.

153 1377 213 1415 Ita
241 1388 327 1414 vero
355 1375 445 1412 satis
474 1373 621 1411 demum
649 1370 767 1408 videri
795 1368 916 1420 coepit
935 1366 1173 1418 quibusdam,
1200 1364 1244 1411 si,
1270 1363 1408 1401 omissa
1426 1361 1630 1399 connexio-

104 1445 162 1483 nis
195 1444 297 1481 illius
333 1455 418 1480 cum
451 1453 548 1492 pane
584 1438 750 1489 corporis
788 1435 928 1474 Christi
964 1432 1229 1476 controversia,
1255 1429 1424 1468 exhiberi
1452 1427 1634 1465 duntaxat

103 1509 212 1548 nobis
249 1509 288 1546 in
318 1520 433 1544 coena
461 1505 692 1542 crederemus
734 1501 882 1539 realiter
918 1500 958 1537 in
995 1497 1115 1550 specie
1148 1497 1230 1548 ipsa
1263 1508 1328 1546 per
1364 1492 1526 1531 ministri
1551 1504 1631 1528 ma-

103 1588 173 1613 nus
211 1586 344 1623 corpus
387 1569 547 1613 Christi,
584 1568 661 1605 sive
698 1579 782 1604 cum
818 1577 914 1616 pane
950 1563 1026 1600 sive
1063 1575 1127 1613 per
1162 1572 1308 1611 panem,
1343 1557 1455 1608 idque
1481 1558 1632 1607 propter

102 1638 202 1690 pacti
226 1636 426 1674 unionem:
464 1633 538 1670 Ero
569 1631 762 1669 vobiscum
789 1633 872 1674 etc„
898 1628 1082 1665 efficacem
1107 1624 1249 1675 alioqui
1275 1624 1315 1660 in
1342 1620 1530 1659 Ecclesiae
1557 1618 1628 1655 mi-

107 1701 261 1740 nisterio
290 1700 358 1737 sub
387 1711 498 1750 opere
525 1696 700 1734 ministri.

160 1767 368 1810 Caeterum,
385 1767 429 1801 ut
459 1763 502 1800 de
531 1762 587 1799 his
614 1760 775 1812 primum
804 1757 983 1802 dicamus,
1009 1755 1074 1806 qui
1100 1754 1237 1791 realem
1260 1752 1364 1788 iuxta
1384 1748 1632 1786 substantiam

108 1832 227 1883 ipsam
254 1842 338 1867 cum
365 1840 500 1865 coenae
527 1816 717 1864 elementis
746 1822 1018 1860 connexionem
1044 1818 1211 1870 corporis
1239 1820 1274 1854 et
1301 1813 1496 1863 sanguinis
1526 1811 1635 1849 Chri-

109 1896 155 1933 sti
201 1897 391 1938 statuunt,
433 1891 596 1943 primuni
639 1889 678 1927 in
724 1888 898 1925 omnibus
936 1886 1018 1923 istis
1053 1885 1220 1935 ipsorum
1264 1876 1635 1930 interpretationibus

110 1959 315 2011 simplicem
349 1957 453 1994 illam
488 1968 531 1993 ac
568 1954 707 1993 nudam
742 1952 942 1990 verborum
979 1962 1115 1986 coenae
1150 1945 1422 1997 expositionem
1449 1941 1635 1979 desidera·

111 2038 192 2062 mus
228 2023 308 2060 sine
343 2021 430 2059 ullis
466 2019 583 2070 tropis
617 2023 680 2055 aut
717 2017 847 2066 figuris
884 2013 1077 2059 orationis,
1122 2023 1232 2062 quam
1268 2012 1461 2057 tantopere
1494 2003 1634 2054 alioqui

112 2093 260 2139 urgent,
293 2091 336 2124 ut
370 2099 433 2123 eos
471 2097 547 2122 non
583 2084 717 2127 ferant,
744 2081 809 2132 qui
833 2081 898 2118 illa
924 2079 1066 2129 tropice
1093 2076 1193 2114 dicta
1220 2087 1300 2112 esse
1326 2073 1516 2114 affirment,
1551 2082 1634 2106 cum

114 2167 151 2191 se
187 2153 336 2203 ipsimet
371 2151 409 2188 in
445 2150 522 2187 suis
558 2152 632 2185 tam
671 2147 782 2184 variis
817 2144 1048 2194 insuetisque
1075 2155 1118 2180 ac
1146 2139 1360 2178 durioribus
1386 2137 1496 2188 paulo
1525 2135 1635 2173 etiam

114 2215 488 2269 interpretationibus
515 2228 536 2251 a
563 2213 681 2263 tropis
710 2225 753 2249 ac
780 2209 910 2260 figuris
936 2209 1096 2246 liberare
1122 2219 1200 2244 non
1228 2207 1376 2255 queant.

165 2280 321 2323 Deinde,
348 2293 433 2317 cum
461 2283 627 2316 nostram
651 2275 996 2326 interpretationem
1023 2271 1190 2309 omnium
1214 2268 1352 2320 pariter
1380 2267 1637 2303 Sacramento-

115 2361 196 2385 rum
233 2350 388 2385 naturae
425 2344 471 2381 ad
506 2355 624 2380 unum
658 2340 890 2390 eundemque
925 2337 1078 2375 modum
1116 2332 1337 2376 subservire,
1371 2343 1414 2368 ac
1440 2328 1527 2366 fidei
1553 2327 1637 2375 (fol.

116 2413 226 2458 121³)
263 2408 470 2457 Analogiae
506 2406 627 2444 modis
662 2404 837 2442 omnibus
865 2401 1099 2453 respondere,
1125 2398 1292 2448 adeoque
1317 2399 1353 2433 et
1380 2392 1573 2444 seripturis
1601 2392 1639 2428 in

117 2476 189 2513 hoc
222 2475 304 2525 ipso
339 2481 559 2522 argumento
590 2467 886 2507 Sacramentario
923 2465 1145 2504 familiarem
1179 2476 1258 2501 esse
1293 2460 1495 2505 videamus,
1521 2480 1571 2486 —
1598 2470 1641 2494 ac

118 2554 264 2579 rursum
303 2539 503 2581 videamus,
540 2548 669 2573 omncs
697 2535 855 2572 istorum
881 2529 1206 2582 interpretationes
1235 2540 1317 2564 cum
1347 2528 1480 2563 natura
1508 2525 1640 2560 Sacra-

119 2609 330 2644 mentorum
364 2616 543 2655 pugnare,
580 2600 666 2638 fidei
694 2598 920 2647 Analogiam
947 2596 1148 2634 obscurare
1174 2596 1210 2631 et
1238 2591 1320 2630 aliis
1349 2591 1551 2641 scripturae
1578 2600 1640 2624 cx-

121 2670 251 2721 emph's
290 2670 331 2707 in
359 2682 401 2706 eo
429 2667 509 2718 ipso
538 2669 757 2715 argumento
790 2661 1028 2713 comprobari
1054 2672 1131 2697 non
1158 2670 1280 2709 posse,
1306 2660 1348 2693 ut
1374 2655 1446 2692 iam
1475 2650 1641 2690 ostendi-

120 2748 275 2779 mus,—
295 2747 371 2771 non
398 2738 534 2770 temere
562 2729 672 2768 nobis
701 2728 866 2766 videmur
887 2727 1018 2770 facere,
1046 2724 1076 2761 si
1105 2727 1270 2761 nostram
1298 2716 1638 2770 interpretationem

122 2800 204 2837 aliis
231 2805 502 2850 anteponamus
530 2796 706 2845 illamque
733 2793 968 2845 potissimum
997 2802 1205 2841 sequamur.

175 2865 364 2902 Postremo
391 2863 511 2900 multa
541 2858 780 2898 incommoda
807 2858 974 2908 adeoque
999 2861 1035 2894 et
1061 2853 1224 2894 absurda
1252 2852 1411 2901 denique
1437 2851 1472 2885 ct
1499 2859 1643 2896 pugnas

122 2929 162 2967 in
203 2929 396 2980 scripturis
437 2927 545 2966 vitari
573 2939 649 2964 non
686 2937 794 2977 posse
831 2923 1012 2966 videmus,
1047 2921 1080 2959 si
1107 2921 1176 2958 hae
1202 2913 1525 2968 interpretationes
1553 2909 1646 2948 reoi-
