1818 3178
213 47 286 83 554
863 55 922 83 ΕΡ.
951 54 1093 82 Docra.

217 155 357 194 Christi
387 156 606 205 dignitatem
635 154 846 192 observare.
901 155 971 193 Est
999 168 1131 206 nempe
1157 156 1377 205 gravissima
1403 158 1509 197 Pauli
1537 160 1733 203 sententia,

216 234 288 271 qua
324 220 433 257 docet
467 232 543 256 non
570 219 695 256 minus
725 218 861 268 dignos
888 232 968 257 esse
995 224 1115 257 morte
1143 220 1206 271 qui
1234 221 1439 261 malefactis
1466 221 1735 269 assentiuntur,

214 298 326 335 quam
355 283 420 334 qui
447 283 511 320 illa
538 287 766 334 perpetrant,
794 287 829 320 et.
857 283 966 320 fateri
1003 283 1171 332 cogimur
1199 297 1269 322 nos
1296 288 1466 324 assentiri
1495 287 1615 333 viciis,
1641 300 1736 338 quae

215 361 290 386 non
328 347 633 398 reprehendimus
669 350 733 385 aut
767 360 991 393 aversamur,
1019 347 1056 384 in
1085 360 1128 384 ea
1164 348 1380 397 praesertim
1410 351 1567 396 actione,
1595 351 1631 388 in
1661 364 1735 401 qua

201 417 380 449 mutuam
417 414 588 449 nostrum
626 410 793 447 omnium
830 411 1046 448 societatem
1081 410 1231 461 publice
1268 416 1532 452 contestamur.
1587 414 1734 451 Horum

213 476 381 513 omnium
410 489 478 513 nos
507 475 712 512 admonent
739 475 998 524 symbolorum
1024 475 1064 513 in
1094 487 1208 513 cocna
1237 477 1426 526 mysteria,
1454 479 1485 514 si
1511 479 1575 516 illa
1605 478 1735 516 nobis·

216 554 299 578 cum
336 540 449 589 digne
485 543 709 590 reputemus,
737 543 772 576 et
799 543 969 589 reputare
997 552 1086 576 sane
1115 539 1303 581 debemus,
1332 540 1363 577 si
1389 541 1442 577 rei
1469 554 1547 578 esse
1575 542 1737 580 nolimus

216 604 382 655 corporis
409 608 445 642 et
474 603 668 652 sanguinis
697 603 852 641 christi.
906 603 985 640 Iam
1017 603 1045 640 si
1076 616 1230 641 coenam
1259 603 1413 642 Domini
1440 617 1484 642 ex
1514 605 1570 642 bis
1599 607 1738 643 finibus

213 681 257 706 ac
285 668 471 719 mysteriis
499 668 694 706 aestimare
723 668 889 712 velimus,
916 673 1026 719 atque
1053 668 1093 705 in
1121 668 1180 705 his
1208 669 1383 707 omnibus
1411 670 1554 708 Christi
1586 671 1736 710 Domini

215 733 438 771 beneficium
477 732 694 783 simpliciter
729 732 882 777 intueri,
917 733 1028 770 facile
1056 746 1143 770 sane
1171 737 1205 771 et
1232 733 1412 784 quidnam
1440 735 1488 772 sit
1518 748 1630 772 coena
1659 735 1740 786 ipsa

213 802 249 835 et
278 797 368 848 quid
397 802 495 835 recte
522 797 719 834 observata
748 797 894 834 adferat
922 797 1188 846 intelligemus.
1217 797 1346 848 thue
1373 799 1452 836 eius
1482 798 1738 837 diffinitionem

213 863 376 913 aliquam
424 862 649 899 habeamus:
703 862 828 899 Coena
873 861 1025 899 Domini
1070 866 1126 900 est
1176 862 1316 900 Christi
1345 862 1544 908 institutio,
1577 877 1648 914 qua
1678 864 1741 901 ille

215 931 383 965 nostram
420 939 545 964 secum
581 926 620 964 in
658 938 812 977 corpore
840 930 876 963 et
905 926 1086 975 sanguine
1114 939 1180 964 suo
1210 926 1509 964 communionem
1539 928 1615 964 sire
1643 946 1740 977 μετ-

215 997 346 1033 ουσίαν
386 992 454 1029 sub
490 992 599 1042 panis
636 995 672 1029 et
707 991 786 1028 vini
813 991 1025 1042 sumptione
1052 991 1089 1028 in
1122 991 1290 1028 Ecclesia
1334 1005 1397 1028 sua
1426 992 1620 1041 obsignari
1649 993 1745 1035 vult,

215 1056 334 1093 donec
374 1056 509 1094 veniat.
562 1055 704 1106 Estque
738 1059 925 1105 praeterea
956 1061 1174 1105 παρκὶνεμκ
1203 1055 1280 1092 sive
1309 1061 1589 1093 monumentum
1620 1056 1740 1107 quod-

198 1122 297 1172 ¹dam
337 1120 550 1158 dilectionis
587 1124 750 1163 mutuae,
786 1119 1051 1169 abnegationis
1091 1119 1224 1164 nostri,
1252 1133 1454 1158 consensus
1484 1120 1673 1158 unanimis
1702 1121 1739 1158 in

212 1186 407 1224 retinenda
445 1185 549 1223 verbi
586 1185 706 1222 divini
742 1185 956 1223 obedientia
995 1189 1030 1222 et
1065 1185 1409 1236 praeparandorum
1447 1185 1492 1222 ad
1522 1186 1739 1236 patientiam

211 1251 422 1289 animorum
450 1256 661 1288 nostrorum
692 1254 843 1301 propter
871 1249 1014 1287 Christi
1041 1250 1202 1298 gloriam
1232 1255 1265 1287 et
1295 1250 1486 1287 Ecclesiae
1513 1250 1741 1288 aedificatio-

212 1330 311 1355 nem.
365 1316 453 1354 Quo
490 1315 528 1352 id
565 1315 675 1352 etiam
713 1315 956 1352 admonemur
993 1318 1034 1352 ut
1070 1328 1091 1351 a
1128 1313 1239 1351 nobis
1269 1327 1505 1351 secernamus
1534 1314 1691 1357 omneis,
1718 1327 1739 1351 a

213 1381 350 1432 quibus
377 1380 528 1431 publice
557 1379 693 1417 offendi
723 1379 930 1416 Ecclesiam
959 1379 1129 1430 maleque
1157 1379 1285 1416 audire
1314 1379 1464 1416 scimus.
1520 1379 1647 1416 Habet
1674 1392 1738 1416 au·

214 1451 287 1484 tem
326 1446 416 1483 haec
454 1444 595 1482 Christi
620 1444 811 1481 institutio
841 1457 949 1481 suum
976 1444 1191 1481 mandatum
1228 1446 1296 1481 hoe
1314 1445 1456 1492 facite,
1485 1449 1524 1481 ut
1553 1444 1742 1493 intelliga-

215 1524 296 1548 mus
325 1510 427 1546 illam
456 1523 476 1546 a
507 1508 650 1546 Christi
676 1508 862 1553 Ecclesia,
889 1521 983 1558 quae
1011 1508 1173 1559 pastoris
1202 1508 1259 1544 sui
1289 1520 1414 1544 vocem
1452 1508 1611 1545 libenter
1640 1508 1745 1546 audit

214 1579 249 1612 et
287 1573 468 1624 sequitur,
493 1572 741 1624 praetermitti
772 1585 890 1622 neque
918 1585 1026 1623 posse
1053 1585 1172 1622 neque
1200 1572 1310 1609 etiam
1333 1572 1478 1616 debere,
1495 1572 1636 1609 —imo
1658 1585 1742 1609 vero

216 1640 305 1678 certi
332 1639 448 1677 simus
474 1638 553 1675 illic
583 1637 798 1675 hauddubie
826 1651 905 1674 esse
928 1637 1131 1674 Ecclesiam
1156 1637 1310 1682 Christi,
1329 1637 1394 1674 uhi
1415 1637 1620 1686 legitimum
1642 1638 1743 1675 illius

214 1716 322 1741 usum
358 1708 504 1740 exstare
541 1702 708 1739 videmus
745 1715 788 1738 ac
816 1715 962 1739 rursum
998 1702 1134 1739 frustra
1173 1701 1338 1752 praetexi
1376 1701 1565 1738 Ecclesiae
1594 1714 1744 1745 nomen,

212 1768 279 1806 ubi
306 1768 363 1806 vel
390 1767 552 1805 abolitus
582 1767 630 1804 sit
655 1766 757 1804 illius
785 1780 874 1804 usus
904 1767 961 1803 vel
989 1766 1174 1804 destinato
1204 1766 1361 1803 consilio
1382 1766 1626 1804 adulteratus.
1670 1766 1743 1804 Sed

213 1837 249 1870 et
282 1833 360 1883 ipsa
400 1845 535 1870 coenae
577 1831 798 1875 ceremonia,
835 1831 865 1868 si
899 1831 1002 1868 illam
1040 1831 1192 1882 propius
1229 1831 1454 1874 intueamur,
1490 1830 1576 1867 talis
1604 1835 1671 1873 est.
1699 1835 1742 1868 ut

213 1911 282 1936 nos
318 1897 363 1934 ad
393 1898 624 1947 frequentem
653 1896 709 1932 sui
738 1895 923 1933 actionem
953 1895 1100 1933 allicere
1128 1894 1262 1932 merito
1292 1895 1455 1939 deberet,
1483 1894 1630 1932 etiamsi
1659 1895 1742 1931 nul-

211 1964 289 2000 lum
318 1963 362 2000 de
388 1962 454 1999 illa
482 1961 701 1999 mandatum
730 1964 902 1998 exstaret.
957 1960 1015 1997 Ita
1045 1960 1142 1997 enim
1174 1959 1285 1997 nobis
1313 1960 1362 1996 ob
1391 1960 1523 1997 oculos
1552 1959 1658 2010 ponit
1686 1964 1746 1997 to-

212 2029 285 2066 tius
314 2032 465 2065 nostrae
492 2027 624 2064 salutis
653 2025 805 2063 modum
833 2031 943 2076 atque
971 2025 1168 2073 rationem,
1195 2030 1236 2062 ut
1264 2038 1343 2062 eam
1374 2038 1450 2063 non
1479 2025 1603 2062 animo
1624 2025 1742 2062 solum

213 2092 421 2144 complecti,
448 2091 513 2129 sed
541 2091 633 2142 ipsis
661 2090 774 2128 etiam
801 2090 921 2128 oculis
952 2102 1101 2127 cernere
1121 2088 1397 2140 quodammodo
1416 2089 1616 2140 possimus,
1649 2090 1745 2126 Sunt

212 2158 277 2210 qui
313 2157 385 2195 sibi
414 2156 570 2194 nimium
598 2160 766 2193 metuant
794 2169 814 2192 a
846 2154 913 2192 Dei
941 2154 1098 2198 iustitia,
1120 2155 1221 2205 quod
1251 2154 1361 2192 huius
1389 2154 1545 2191 officium
1577 2155 1624 2191 sit
1653 2167 1744 2191 con-

214 2223 386 2259 demnare
413 2224 625 2272 peccatum:
655 2220 780 2271 itaque
807 2220 877 2258 etsi
905 2233 1005 2271 spem
1044 2220 1232 2270 quandam
1260 2219 1391 2257 salutis
1420 2232 1506 2256 suae
1533 2224 1680 2270 ponunt
1707 2219 1745 2256 in

212 2286 282 2324 Dei
309 2285 576 2326 misericordia,
603 2298 668 2336 per
696 2284 878 2322 iustitiam
908 2291 1029 2322 tamen
1060 2283 1359 2328 sedamnandos
1378 2288 1525 2334 putant.
1557 2283 1747 2321 Adversus

210 2350 425 2389 istiusmodi
460 2349 749 2399 imaginationes
789 2349 1039 2386 clarissimum
1080 2348 1190 2386 nobis
1219 2348 1484 2385 documentum
1511 2347 1633 2385 adfert
1661 2360 1745 2385 coe-

212 2428 293 2459 nae,
320 2419 361 2453 ut
389 2420 444 2452 est
472 2428 491 2451 a
524 2413 686 2451 Domino
714 2414 899 2458 instituta,
923 2413 1169 2458 caeremonia,
1197 2426 1328 2464 nempe
1356 2425 1425 2450 nos
1452 2412 1570 2449 nihilo
1592 2425 1745 2463 prorsus

215 2479 334 2517 secius
361 2492 425 2529 per
451 2479 572 2529 ipsam
604 2477 672 2515 Dei
698 2477 879 2515 iustitiam
917 2491 1030 2528 quam
1057 2490 1121 2528 per
1149 2477 1442 2514 miscsicordiam
1474 2476 1624 2513 servari.
1671 2474 1746 2512 Mi-

215 2545 439 2583 sericordiae
476 2548 567 2590 erat,
604 2543 703 2594 quod
735 2543 833 2580 Deus
862 2543 971 2580 Pater
999 2542 1234 2591 unigenitum
1265 2541 1382 2579 filium
1413 2554 1519 2578 suum
1550 2553 1660 2577 carne
1687 2540 1745 2576 in-

213 2608 402 2646 firmitatis
430 2611 580 2645 nostrae
607 2606 784 2652 induerit,
813 2611 852 2644 ut
880 2607 944 2643 ille
973 2606 1136 2643 vicissim
1168 2619 1315 2643 omnem
1345 2619 1446 2642 suam
1469 2605 1571 2642 iuxta
1596 2616 1742 2640 carnem

214 2672 483 2715 innocentiam,
511 2684 620 2708 omne
649 2672 819 2708 meritum
850 2675 885 2708 et
913 2684 1073 2715 omnem,
1101 2684 1209 2721 quam
1239 2684 1258 2707 a
1288 2670 1397 2707 Patre
1425 2668 1639 2718 accepisset,
1660 2668 1743 2716 glo-

215 2737 309 2774 riam
337 2736 446 2774 nobis
473 2735 690 2786 impertiret.
720 2735 791 2773 Sed
819 2736 984 2773 iustitiae
1012 2749 1104 2787 opus
1132 2741 1200 2781 est,
1228 2749 1302 2773 non
1332 2735 1492 2786 amplius
1519 2734 1557 2771 id
1586 2734 1631 2771 ad
1654 2747 1745 2771 con-

217 2801 493 2839 demnationem
522 2800 717 2852 imputare,
743 2801 842 2851 quod
873 2800 984 2838 semel
1013 2805 1047 2838 et
1076 2800 1225 2851 quidem
1255 2800 1404 2837 abunde
1423 2797 1612 2848 expiatum
1636 2804 1747 2836 esset.
