1818 3178
155 53 228 90 312

158 167 286 202 nostra
328 163 453 201 omnia
487 162 558 200 im·
611 164 706 200 male
741 163 946 205 convenire,
983 163 1047 211 qui
1079 163 1222 209 fatetur
1257 175 1296 201 se
1343 163 1534 200 dissentire
1570 175 1594 200 a
1630 164 1684 200 D.

161 228 361 279 pudentiae
450 239 560 264 accu-
614 227 775 264 Luthero
820 233 853 263 et
888 228 1022 263 nostris
1059 227 1253 272 Ecclesia,
1290 227 1550 272 asserentibus,
1586 227 1687 276 quod

162 294 246 340 (fol.
277 294 409 338 6958et.
475 290 558 327 Pri·
615 290 781 328 Christus
827 292 1011 328 Dominus
1053 292 1090 327 in
1133 291 1379 329 sacramento
1422 292 1687 329 communionis

160 370 261 394 mum
278 356 393 405 igitur
410 367 557 392 meme-
610 356 709 392 adsit
734 356 1026 392 substantialiter
1051 367 1210 403 corpore
1237 369 1380 400 sno,—
1408 357 1463 393 vel
1482 357 1599 405 plane
1626 368 1686 392 re-

163 434 247 458 cum
276 420 315 458 in
343 432 385 456 eo
412 432 560 469 pugna·
612 426 776 457 tractare
811 433 973 457 errorem
1009 420 1118 467 inque
1146 421 1328 457 meliorem
1365 421 1579 457 senteutiam
1608 420 1686 456 dis-

162 498 200 521 re
235 484 300 527 ait,
335 482 435 533 quod
469 482 559 519 alias
613 484 752 521 cedere.
813 485 947 521 Verum
975 495 1019 520 ne
1049 484 1141 532 qnid
1167 485 1238 521 tale
1267 485 1305 520 in
1331 485 1496 521 animum
1517 484 1692 528 inducas,

160 550 308 597 (nempe
335 546 374 583 in
401 559 481 583 mea
508 546 555 583 ad
607 548 698 584 satis
732 560 770 585 se
799 548 969 585 declarat
1003 548 1042 583 in
1070 548 1193 584 eodem
1220 548 1287 584 lzoc
1314 548 1466 596 scripto,
1495 559 1533 584 se
1560 547 1687 584 adhuc

161 612 300 660 Regem
381 610 559 648 Poloniae
610 612 648 647 z‘n
691 625 758 648 suo
793 624 905 649 coeno
941 611 1108 648 haerere.
1173 611 1275 648 Nam
1309 612 1513 660 praemittit
1547 617 1581 648 et
1616 611 1687 647 ali-

160 676 346 726 Epistola)
379 674 557 723 negarim,
611 676 750 724 quoties
786 677 926 724 repetit,
963 677 1001 712 in
1039 677 1137 712 coelo
1167 685 1261 722 (non
1288 677 1327 712 in
1354 679 1474 722 terra)
1504 688 1686 724 quaeren-

160 741 254 777 ullos
274 740 426 776 omnino
439 740 566 776 fontes‘
613 741 699 777 dum
727 753 802 777 esse
831 740 950 777 cibum
978 741 1147 788 corporis
1176 740 1312 777 Christi
1319 753 1335 785 ;
1356 741 1408 777 bis
1422 747 1548 788 terque
1568 740 1677 778 addit

161 806 200 841 in
219 804 410 855 scripturis
432 807 559 841 extare
610 818 647 842 se
677 807 728 841 ita
757 818 830 841 non
857 818 996 853 neyare
1024 806 1256 852 corporalem
1278 805 1544 853 praesentiam,
1571 805 1605 840 si
1630 806 1678 840 in-

158 868 361 919 corporalis
416 868 554 905 Christi
606 871 750 917 tellz'yas
777 882 883 905 usum
911 876 943 906 ec
970 869 1203 917 spiritualem
1225 868 1502 917 perceptionem
1525 868 1627 914 fidei,
1649 871 1677 903 et

158 934 196 970 in
222 933 346 970 Coena
365 946 430 969 sua
451 945 556 983 prae-
612 947 685 970 non
714 935 844 982 allz'yes
872 946 976 970 usum
1005 945 1140 970 coenae
1168 939 1289 970 terrae
1317 933 1435 970 eius-ve
1464 933 1659 970 elementis.

157 998 460 1043 sentiae‚—nunc
472 1010 562 1034 con-

161 1067 217 1100 tra
244 1063 432 1108 affirmem,
460 1075 559 1099 nun-

159 1141 271 1179 quam
312 1140 370 1164 me
399 1140 552 1176 negasse

156 1191 385 1242 corporalem
414 1191 554 1228 Christi

155 1256 401 1307 praesentiam
429 1255 469 1291 in
489 1268 554 1291 sua

157 1321 294 1359 Coena.
344 1319 489 1357 Deinde
516 1319 557 1356 in

157 1399 200 1424 eo
229 1399 287 1423 me
313 1398 461 1436 quoque
480 1397 555 1422 me-

158 1466 241 1490 cum
267 1464 435 1502 pugnare
455 1449 558 1494 dicit,

158 1516 258 1568 quod
284 1516 474 1567 profiteor,
498 1528 556 1552 me

157 1593 371 1631 agnoscere,
449 1579 558 1617 Chri-

159 1650 256 1684 stum
354 1644 560 1682 Dominum

157 1708 567 1749 substantialiterades-
622 1749 626 1751 ,

160 1790 198 1815 se
217 1789 304 1814 suae
315 1775 472 1819 Coenae,
482 1774 555 1811 nisi

160 1854 180 1878 a
206 1839 370 1877 Domino
400 1837 555 1876 Calvino

157 1905 245 1942 olim
275 1903 492 1941 dissensisse
519 1900 636 1939 videri
664 1899 773 1938 velim
800 1902 929 1950 (quam
955 1899 1106 1937 interim
1134 1913 1212 1938 non
1239 1900 1319 1938 sine
1339 1901 1424 1939 felle
1443 1902 1678 1940 fraterculum

158 1982 281 2006 meum
318 1969 457 2015 vocat),
491 1966 556 2017 qui
592 1980 612 2003 a
640 1965 804 2002 Luthero
834 1968 869 2002 et
902 1964 1162 2015 Westphalicis
1191 1964 1412 2013 Eccle·(fol.
1444 1966 1577 2014 70)siis
1604 1966 1687 2004 ideo

162 2048 200 2072 se
237 2032 432 2070 dissentire
467 2033 604 2069 fatetur
642 2030 794 2075 scilicet,
832 2030 932 2080 quod
960 2034 1140 2075 asserant,
1169 2030 1361 2067 Christum
1390 2030 1592 2068 Dominum
1622 2031 1689 2068 ad-

160 2112 239 2136 esse
279 2096 575 2135 substantialiter
624 2107 778 2145 corpore
824 2107 904 2137 suo,
942 2094 982 2131 in
1011 2099 1243 2132 sacramento
1274 2095 1562 2133 communionis.
1616 2096 1691 2133 Po-

162 2168 298 2200 stremo
326 2162 486 2210 vigilans
514 2160 676 2198 somniat
704 2159 829 2197 nescio
858 2159 948 2210 quid
977 2159 1022 2196 de
1048 2172 1142 2203 mea,
1161 2159 1193 2196 si
1214 2158 1291 2196 Deo
1311 2159 1446 2209 placet,
1470 2159 1692 2210 resipiscen-

162 2228 226 2272 tia,
262 2240 419 2277 suasque
455 2226 499 2264 de
534 2225 625 2263 reali
660 2224 825 2275 corporis
862 2224 1002 2262 Christi
1038 2224 1217 2262 naturalis
1255 2227 1318 2264 Saia
1358 2226 1483 2271 ε’ίδους
1518 2224 1559 2262 in
1596 2238 1693 2276 pane

169 2295 313 2330 Coenae
350 2291 602 2329 delitescentia
637 2290 856 2341 praestigias
891 2289 1082 2327 meliorem
1122 2290 1343 2327 sententiam
1382 2302 1463 2327 esse
1499 2293 1586 2327 ante
1614 2291 1692 2328 vic-

165 2358 301 2396 toriam
337 2369 381 2393 ex
417 2355 634 2406 prophetico
673 2354 819 2405 tripode
847 2367 912 2391 suo
949 2354 1186 2405 pronunciat.
1239 2353 1346 2391 Haec
1371 2358 1496 2392 tamen
1522 2354 1575 2391 ita
1601 2355 1694 2392 facit

167 2422 305 2462 omnia.
341 2424 381 2458 ut
417 2420 491 2457 suis
524 2420 679 2470 ipsemet
715 2418 839 2456 verbis
876 2422 1068 2466 agnoscat,
1097 2431 1191 2455 vana
1219 2431 1311 2463 esse,
1339 2417 1369 2455 si
1396 2417 1595 2455 verborum
1622 2431 1693 2455 no-

167 2492 328 2524 strorum
366 2485 577 2527 declaratio,
604 2497 715 2534 quam
741 2484 821 2534 ipse
849 2483 988 2533 alioqui
1015 2495 1117 2520 more
1145 2495 1211 2519 suo
1240 2481 1428 2532 depravat,
1456 2481 1692 2520 adhibeatur.

169 2550 241 2588 Sed
276 2562 343 2586 nos
379 2548 425 2585 ad
453 2548 600 2596 singula
636 2546 955 2597 respondebimus,
983 2550 1018 2583 et
1045 2545 1084 2583 in
1113 2545 1270 2595 singulis
1297 2544 1539 2595 impotentem
1568 2544 1691 2582 homi-

169 2615 227 2652 nis
273 2612 406 2651 furiosi
450 2610 654 2648 mentiendi
689 2610 885 2648 libidinem
922 2610 1173 2647 ostendemus.
1229 2608 1416 2658 Quodque
1451 2608 1496 2645 ad
1533 2607 1691 2658 primam

166 2679 454 2718 accusationem,
475 2675 750 2713 inconstantiae
784 2688 886 2712 meae
921 2676 961 2712 in
998 2674 1167 2712 doctrina
1202 2687 1284 2711 mea
1311 2673 1457 2719 attinet,
1485 2672 1540 2709 bis
1569 2673 1694 2724 splen-

168 2745 253 2782 dide
288 2742 465 2780 mentitur
500 2744 626 2777 tantus
661 2739 828 2777 veritatis
864 2742 1143 2790 propugnatur:
1180 2738 1354 2789 primum,
1382 2737 1468 2774 dum
1497 2742 1696 2783 asseverat,

167 2810 290 2848 nullos
317 2821 376 2845 me
401 2806 441 2843 in
469 2804 661 2856 scripturis
689 2805 811 2842 fontes
839 2817 1041 2854 agnoscere
1070 2803 1274 2854 corporalis
1302 2801 1440 2840 Christi
1467 2803 1696 2853 praesentiae
