1818 3178
179 116 248 151 182
525 121 576 146 DE
605 116 883 145 SACRAMENTN
914 115 1130 141 pectusIn:
1167 115 1347 142 cums‘tl.

185 229 309 263 mento
345 222 554 265 tribunum,
590 221 897 256 commonstratas
925 217 1115 253 habemus.
1162 216 1381 266 Priusquam
1408 220 1532 254 tamen
1560 217 1606 254 ad
1635 231 1702 255 no·

185 296 280 328 strae
318 301 415 326 nunc
444 284 630 322 Ecclesiae
659 284 894 319 Sacramenta
927 280 1204 323 descendamus,
1230 281 1424 318 Paschatis
1452 294 1600 331 qnoque
1629 282 1701 318 ‹lif-

186 355 404 395 finitionem‚
428 351 484 386 illi
511 348 581 385 soli
608 347 809 397 propriam,
834 359 1027 396 ponemus.

238 418 487 465 Dicimusque‚
523 413 664 449 Pascha
698 411 787 448 olim
821 411 861 447 in
896 416 1016 447 vetere
1043 410 1210 447 Ecclesia
1248 411 1363 448 fuisse
1399 410 1469 447 Dei
1496 410 1704 448 ordinatio-

184 494 280 523 nem,
317 491 409 528 quae
436 477 474 513 in
504 475 692 512 Ecclesiae
717 473 924 511 ministerio
952 473 1074 523 posita
1103 474 1150 510 ad
1177 478 1295 511 totam
1323 475 1476 512 omnino
1498 475 1600 512 illam
1631 475 1705 512 Ec-

186 543 334 581 clesiam
369 545 404 578 et
441 539 587 588 singula
615 537 779 575 membra
807 537 907 574 illius
934 537 1156 588 pertinebat,
1181 544 1439 589 praeterquam
1468 539 1498 576 si
1527 552 1633 576 usum
1660 539 1705 576 il-

182 608 255 645 lius
291 609 353 642 aut
386 603 522 641 adnata
559 605 712 639 naturae
746 601 944 638 infirmitas
969 605 1032 638 aut
1059 600 1210 638 evidens
1231 602 1378 652 ,alioqui
1407 602 1606 640 necessitas
1634 602 1706 639 im-

186 671 336 722 pediret,
362 690 411 697 —
439 673 473 705 et
510 667 672 704 habebat
699 667 848 715 signum
877 679 982 703 suum
1013 665 1158 703 visibile
1186 666 1232 703 ab
1259 666 1418 717 ipsomet
1445 667 1523 704 Deo
1552 667 1705 704 institu-

184 739 284 778 tum,
318 733 479 782 typicam
518 730 687 768 videlicet
722 730 810 778 agni
836 730 1064 767 immaculati
1090 730 1352 768 mactationem
1391 744 1567 781 esumque
1603 732 1706 768 illius

183 799 288 835 iuxta>
322 796 586 847 praescriptam
619 795 873 831 ceremoniam
917 799 952 831 et
987 793 1180 842 sanguinis
1216 794 1302 831 item
1340 795 1442 832 illius
1476 795 1517 832 in
1554 795 1707 832 aedibus

186 861 352 898 omnium
399 864 537 902 notam,
564 881 613 887 ——
646 859 879 908 habebatque
914 862 1101 908 praeterea
1138 858 1326 895 invisibile
1355 871 1462 895 suum
1490 859 1707 907 mysterium

186 927 254 964 sub
291 939 356 962 esu
391 924 479 973 agni
506 924 621 974 typici
648 923 922 968 adumbratum,
950 923 1268 970 communio-(fol.
1300 921 1473 970 80¹³)nem
1500 924 1632 960 veteris
1660 923 1706 959 il-

183 990 254 1027 lius
289 989 403 1026 totius
438 988 627 1024 Ecclesiae
662 1001 744 1025 eum
782 987 930 1025 Christo
969 987 1132 1024 Domino
1160 988 1282 1024 adhuc
1309 992 1477 1033 venturo,
1510 988 1574 1038 qui
1602 1001 1708 1026 verus

184 1054 247 1091 ille
281 1053 350 1090 Dei
385 1065 504 1101 agnus
540 1056 629 1096 erat,
665 1052 705 1089 in
742 1065 896 1102 corpore
932 1056 967 1089 et
1004 1052 1184 1101 sanguine
1220 1052 1348 1102 ipsius,
1384 1056 1426 1089 ut
1462 1052 1573 1089 fidem
1608 1053 1708 1090 illius

184 1118 318 1155 animis
345 1117 491 1167 piorum
518 1117 557 1153 in
583 1117 646 1154 illa
675 1116 842 1154 Ecclesia
872 1117 922 1154 ita
948 1116 1120 1166 infigeret
1155 1121 1346 1167 totamque
1382 1117 1473 1154 adeo
1502 1117 1708 1154 Ecclesiam

183 1181 221 1217 in
257 1185 432 1230 perpetua
458 1180 558 1216 illius
586 1179 765 1217 fruitione
791 1180 844 1217 ita
872 1180 1108 1229 obsignaret‚
1136 1185 1175 1217 ut
1204 1194 1286 1218 vere
1313 1185 1348 1218 et
1375 1194 1418 1218 ex
1447 1181 1570 1219 animo
1599 1182 1639 1218 in
1667 1195 1707 1219 ea

185 1245 460 1294 conquiesceret
511 1257 575 1294 per
629 1257 792 1281 annuam
844 1244 944 1281 illius
990 1245 1266 1294 solemnemque
1318 1246 1707 1282 commemorationem

185 1308 431 1345 conscientiae
475 1321 562 1345 suae
605 1308 820 1358 pacificatae
866 1308 1101 1354 testimonio,
1146 1314 1181 1346 et
1226 1308 1419 1346 affectuum
1465 1309 1710 1347 innovatione

183 1372 287 1409 illam
314 1372 591 1422 officiorumque
619 1372 816 1409 sedulitate
845 1376 1128 1410 contestaretur.

233 1436 313 1472 Iam
342 1448 425 1472 vero
454 1435 658 1485 approbata
687 1440 826 1481 nostra,
865 1449 976 1486 quam
1006 1436 1246 1473 Sacramento
1273 1437 1488 1479 tribuimus,
1517 1437 1707 1475 diffinitio-

186 1514 230 1537 ne
265 1500 304 1536 in
342 1500 472 1537 veteris
509 1500 697 1537 Ecclesiae
734 1505 889 1550 utroque
928 1501 1181 1546 SacramentO,
1216 1506 1342 1547 restat,
1377 1507 1417 1539 ut
1442 1502 1545 1539 illam
1572 1502 1611 1539 in
1640 1515 1708 1538 no-

184 1569 279 1601 strae
315 1577 463 1614 quoque
490 1564 677 1601 Ecclesiae
706 1564 954 1601 Sacramentis
983 1564 1114 1602 ordine
1142 1578 1207 1602 suo
1238 1566 1533 1615 comprobemus.
1586 1568 1710 1616 Atque

184 1642 204 1664 a
231 1628 423 1681 Baptismo
452 1628 612 1678 primum
640 1629 748 1665 nobis
777 1629 998 1666 ordiendum
1026 1630 1106 1667 erit.

237 1692 359 1740 Igitur
395 1692 434 1728 in
472 1692 656 1742 baptismo
693 1698 778 1729 ante
806 1693 929 1729 onmia
958 1693 1124 1730 videmus
1161 1693 1394 1743 Baptismum
1431 1706 1510 1730 esse
1548 1693 1709 1730 divinam

189 1755 459 1792 ordinationem
495 1769 539 1792 ex
575 1756 691 1806 ipsius
726 1757 881 1794 Ioannis
910 1757 1111 1807 Baptistae,
1146 1757 1210 1807 qui
1236 1758 1340 1794 illum
1370 1771 1475 1794 orsus
1503 1761 1569 1802 est,
1604 1757 1709 1794 testi-

188 1819 325 1863 monio,
362 1819 449 1856 dum
476 1820 548 1857 ait:
580 1820 657 1857 Qui
692 1834 749 1857 me
784 1821 831 1857 ad
868 1821 1129 1870 baptizandum
1167 1822 1267 1859 misit
1303 1828 1372 1859 ete.
1416 1822 1594 1859 Videmus
1621 1823 1709 1859 item

189 1890 225 1919 ct
252 1896 295 1919 ox
325 1883 462 1920 Christi
487 1883 680 1933 ipsiusmet
707 1883 861 1921 Domini
888 1885 1080 1934 Apostolis
1108 1886 1246 1922 tradita
1273 1886 1529 1923 institutione:
1568 1886 1709 1923 Euntes

190 1946 299 1983 facite
327 1946 417 1983 mihi
447 1947 649 1997 discipulos
677 1960 804 1984 omnes
832 1953 973 1996 gentes,
1003 1948 1232 1999 baptizantes
1261 1963 1321 1986 eas
1349 1954 1418 1987 etc.

240 2009 331 2046 Esse
376 2023 460 2047 vero
506 2011 667 2061 positum
705 2011 930 2062 baptismum
967 2012 1004 2048 in
1044 2013 1260 2060 Eccle·(fol.
1291 2013 1453 2060 &rosiae
1488 2013 1712 2057 ministerio,

190 2079 372 2112 testantur
400 2076 479 2126 ipsa
509 2076 649 2113 Christi
676 2075 829 2113 Domini
858 2077 966 2113 verba
997 2077 1035 2113 in
1063 2077 1179 2127 ipsius
1206 2077 1464 2115 institutione:
1499 2078 1626 2115 Facite
1653 2078 1710 2115 di-

191 2138 351 2188 scipulos
381 2139 620 2189 baptizantes.
662 2139 711 2177 Et
746 2140 797 2177 ita
835 2154 913 2177 esse
948 2141 987 2177 in
1016 2141 1222 2178 ministerio
1249 2143 1423 2192 positum,
1454 2146 1491 2179 ut
1518 2142 1565 2178 ad
1591 2146 1709 2179 totam

193 2203 343 2239 omnino
380 2203 584 2241 Ecclesiam
621 2209 657 2241 et
693 2205 817 2241 omnia
844 2205 944 2242 illius
971 2206 1137 2242 membra
1164 2208 1358 2257 pertineat.
1395 2212 1651 2257 praeterquam
1680 2207 1712 2244 si

194 2279 285 2315 quae
313 2280 420 2317 supra
450 2268 630 2305 dictarum
659 2269 913 2319 exceptionum
944 2282 1018 2306 non
1045 2271 1245 2320 permittat,
1273 2275 1456 2308 testantur
1491 2284 1598 2308 voces
1625 2271 1712 2308 illae

196 2330 419 2367 universales
455 2332 549 2381 apud
588 2333 870 2381 Euangelistas:
914 2333 1144 2383 baptizantes
1181 2348 1308 2372 omnes
1335 2340 1476 2384 gentes,
1503 2335 1580 2372 sive
1608 2335 1712 2372 iuxta

198 2393 377 2435 Mnremn,
413 2408 558 2432 omnem
595 2403 812 2439 creaturam,
849 2397 1018 2434 videlicet
1057 2399 1268 2444 humanam,
1296 2399 1339 2435 ad
1370 2412 1480 2449 quam
1509 2399 1624 2435 solam
1654 2399 1711 2448 ip-

197 2468 277 2491 sum
306 2457 443 2505 alioqui
471 2458 717 2506 Euangelinm
746 2460 966 2509 pertinebat.
995 2461 1167 2498 Testatur
1195 2468 1230 2498 et
1259 2462 1406 2506 Paulus,
1428 2460 1488 2511 qui
1507 2466 1622 2497 totam
1638 2461 1709 2497 Ec-

198 2519 344 2556 clesiam
371 2520 515 2557 lavaero
545 2536 659 2572 aquae
687 2538 706 2560 a
737 2524 897 2561 'Domino
925 2525 1006 2575 ipso
1038 2526 1261 2576 baptizatam
1290 2539 1367 2562 esse
1396 2525 1514 2562 docet.

250 2583 378 2632 Neque
407 2583 466 2619 hic
493 2585 698 2624 subsistunt
725 2588 1058 2638 Anabaptistarum
1086 2589 1333 2640 exceptiones,
1360 2589 1424 2639 qui
1453 2589 1711 2625 infantesuo-

198 2653 292 2684 <tros
324 2648 561 2697 baptizandos
591 2663 663 2687 non
691 2665 770 2689 csse
798 2653 1038 2698 contendunt,
1065 2655 1164 2703 quod
1194 2654 1377 2705 Baptismi
1395 2654 1566 2702 mysteria
1589 2665 1711 2690 seeum

197 2716 365 2762 reputare
394 2725 467 2748 non
497 2713 649 2761 possint.
686 2715 899 2765 Requiritur
927 2718 1077 2768 quidem
1105 2719 1144 2756 in
1171 2732 1239 2756 usu
1269 2721 1592 2756 sacramentorum
1618 2717 1713 2766 legi-

198 2777 288 2813 timo
325 2776 435 2824 digna
472 2777 637 2824 mysterii
673 2781 853 2828 reputatio
890 2782 929 2818 in
957 2783 1015 2827 iis,
1051 2783 1114 2832 qui
1141 2784 1237 2821 inter
1266 2785 1433 2821 dextram
1461 2789 1496 2820 et
1525 2783 1712 2819 sinistram

201 2840 406 2877 discernere
434 2846 608 2890 possunt3
654 2842 715 2877 sed
746 2856 816 2879 nen
848 2845 929 2881 ideo
958 2847 1122 2891 efficitur,
1149 2853 1189 2885 ut
1215 2848 1262 2884 ab
1292 2861 1359 2885 usu
1389 2849 1712 2889 Sam-amentomxn
