1818 3178
628 126 678 151 DE
706 125 791 151 FUG.
825 124 972 151 PAPIST.
1002 123 1153 150 SAchs.

181 608 387 647 Praeterea,
433 621 547 658 quum
591 614 760 659 apertum
805 609 865 652 sit,

133 673 256 710 omnia
293 674 381 715 fere,
416 673 547 710 saltem
574 673 770 723 praecipua
798 672 865 709 ba-

131 736 260 787 ptismi
306 737 425 774 nostri
466 737 642 786 mysteria
687 751 707 773 a
752 737 871 787 Papae

134 800 317 851 baptismo
354 801 557 843 obscurari,
592 800 706 851 inque
741 813 869 837 eorum

133 866 255 902 locum
283 878 378 902 nova
405 865 585 916 quaedam
611 878 725 915 eaque
748 864 869 901 idolo-

132 930 264 967 latrica
283 934 457 979 suggesta
483 943 581 975 esse;
612 942 768 979 cumque
795 928 865 965 eti-

135 1010 194 1032 am
230 995 385 1044 magicis
421 995 544 1032 omnia
571 994 626 1031 ibi
652 993 870 1043 imposturis

134 1063 374 1111 peragantur,
416 1062 528 1108 atque
562 1071 616 1103 ea,
652 1070 747 1108 quae
780 1056 872 1094 Jesu

136 1124 276 1162 Christi
304 1123 484 1171 sanguine
510 1123 565 1165 fit,
583 1121 745 1172 expiatio
764 1134 870 1172 pror-

136 1203 197 1227 sus
233 1190 310 1226 fere
337 1188 559 1237 negligatur,
593 1209 645 1216 —
672 1174 872 1237 quomodo,

136 1254 303 1298 obsecro,
339 1253 504 1289 volentes
542 1264 585 1288 ac
621 1251 779 1288 scientes
803 1263 872 1287 nos

136 1322 356 1367 nostrosque
398 1316 562 1352 infantes
598 1315 719 1352 socios
754 1314 872 1365 ipsius

137 1382 386 1420 redderemus.
443 1379 591 1418 Quodsi
637 1379 720 1430 quis
755 1379 875 1416 ullum

137 1446 198 1483 hic
225 1445 421 1482 discrimen
449 1457 573 1481 rerum
602 1456 794 1481 crucemve
815 1443 874 1480 ul-

135 1510 211 1546 lam
236 1511 449 1560 praetexere
476 1506 565 1544 velit
593 1510 704 1557 atque
730 1506 873 1553 timeat,

136 1573 192 1610 illi
220 1584 304 1609 cum
331 1570 391 1609 J0.
422 1570 576 1608 Calvino
597 1569 816 1620 respondeo,
834 1569 874 1607 in

138 1636 212 1674 vita
241 1639 369 1673 nostra
397 1634 492 1672 nihil
518 1634 628 1672 nobis
655 1639 732 1671 tam
750 1647 878 1671 carum

138 1704 289 1751 tamque
333 1699 490 1748 dignum
535 1712 614 1736 esse
658 1698 803 1744 debere,
837 1701 880 1736 ut

139 1765 278 1801 idcirco
323 1764 382 1801 vel
426 1764 499 1801 ulla
542 1776 611 1800 nos
663 1762 876 1800 idololatria

144 1820 410 1866 contaminare*
425 1827 610 1864 vellemus.

196 2148 281 2185 Jam
317 2147 417 2198 quod
453 2147 500 2184 ad
530 2146 685 2184 Missam
711 2147 883 2197 pertinet,

147 2224 223 2248 non
270 2223 362 2260 opus
407 2213 475 2253 est,
518 2213 559 2246 ut
595 2209 724 2246 multis
760 2209 805 2246 de
841 2223 882 2247 ea

149 2276 386 2312 disseramus.
422 2273 562 2310 Omnes
589 2273 688 2310 enim
714 2273 767 2324 pii
795 2274 884 2311 doc-

147 2344 247 2377 tores
266 2339 303 2375 in
324 2351 367 2375 eo
386 2337 612 2374 unanimiter
632 2337 885 2381 consentiunt,

148 2407 299 2454 propter
334 2401 579 2440 execrabilem
607 2401 685 2450 ejus
712 2401 880 2451 impieta·

149 2473 225 2506 tem
249 2467 466 2517 fugiendam
485 2479 564 2503 eam
583 2479 673 2510 esse,
692 2467 774 2512 (26)
799 2466 881 2516 qui-

152 2533 221 2570 bus
249 2544 318 2580 ego
346 2543 493 2582 quoque
519 2529 677 2566 libenter
702 2530 885 2567 calculum

152 2610 274 2634 meum
293 2596 441 2645 adjicio.
464 2595 651 2631 Confiteor
666 2594 776 2630 etiam
794 2593 884 2631 mis-

154 2674 231 2698 sam
247 2661 415 2712 papalem
434 2659 719 2696 fundamentum
730 2670 820 2702 esse,
831 2670 886 2694 ca-

155 2728 221 2775 put
238 2728 349 2774 atque
367 2723 528 2761 fulcrum
547 2721 663 2759 totius
676 2720 888 2758 Antichris-

1604 113 1650 148 89

917 229 985 263 wat
1028 227 1126 274 wijze
1161 237 1227 262 een
1263 223 1446 268 Christen,
1483 236 1530 260 na
1566 224 1651 273 (25)

919 290 1003 327 dien
1032 289 1079 338 hy
1100 289 1163 326 des
1181 288 1434 325 Pauwstdoms
1455 287 1652 336 godloosz-

921 353 996 391 heit
1043 353 1177 390 bekent
1224 352 1334 396 heeft,
1379 351 1459 388 zick

919 416 1167 465 medeghezell
1194 419 1252 453 tot
1279 415 1394 453 boren
1422 414 1543 452 dienst
1562 413 1653 463 ghe-

921 494 992 517 uen
1024 479 1136 528 magh
1165 478 1302 516 zonder
1328 482 1485 528 grooten
1514 477 1655 514 lachter

920 544 1055 592 teghen
1079 544 1231 581 Christo
1249 548 1293 581 e1‘1
1314 546 1385 591 zijn
1409 543 1654 591 Ghemeynte.

959 608 1227 645 Daerbeneuen
1238 606 1456 656 ghemarckt
1468 606 1529 643 het
1541 619 1654 657 open-

920 672 1007 709 baer
1041 672 1086 717 is,
1124 672 1185 709 dat
1222 672 1321 721 byna
1349 671 1431 717 alle,
1456 674 1493 708 te
1520 671 1657 708 minste

926 736 969 773 de
988 736 1319 773 voorneemlickste
1341 735 1657 783 verborghenhei-

922 799 993 836 den
1022 812 1132 836 onzes
1160 800 1276 849 doops
1306 799 1397 836 door
1416 799 1479 836 des
1494 799 1658 836 Pauwsts

924 864 1020 914 doop
1050 864 1295 913 verduystert,
1321 864 1415 900 ende
1443 864 1480 901 in
1501 864 1564 900 der
1583 864 1656 900 zel-

919 942 991 965 uen
1010 929 1163 979 plaetse,
1181 928 1319 965 nieuwe
1337 928 1430 965 ende
1442 928 1660 976 afgodisehe

922 993 1134 1041 inghebildt
1147 992 1303 1030 werden.
1325 992 1552 1030 Ghemzzrckt
1564 992 1659 1029 oock

926 1057 987 1094 dat
1015 1057 1077 1093 het
1106 1057 1192 1093 daer
1218 1056 1308 1093 alles
1336 1056 1390 1093 als
1410 1056 1478 1093 mit
1494 1056 1660 1094 tooueri-

924 1121 1011 1158 sche
1047 1119 1303 1169 bedriegherie
1336 1124 1496 1169 toegaet,
1535 1125 1580 1157 esi
1618 1121 1662 1157 de

925 1186 1072 1233 reining
1100 1185 1192 1222 door
1220 1185 1282 1222 het
1302 1185 1428 1223 bloedt
1443 1185 1534 1223 Jesu
1551 1186 1661 1222 Chri-

927 1249 974 1287 sti
1009 1249 1215 1298 gheschiet.
1243 1249 1363 1286 schier
1390 1249 1551 1298 gatzlick
1580 1262 1662 1286 ver-

923 1314 1055 1351 zaackt
1090 1313 1199 1360 werd,
1252 1313 1336 1351 Hoe
1363 1314 1486 1351 zullen
1513 1327 1567 1363 wy
1594 1326 1663 1350 ons

927 1379 1021 1416 ende
1049 1391 1142 1416 onze
1169 1378 1396 1416 kinderkens
1423 1378 1505 1427 (bid
1533 1378 1594 1415 ick
1623 1380 1663 1425 v)

928 1443 1078 1480 hiervan
1117 1443 1172 1480 als
1198 1443 1495 1492 medeghezellen
1523 1443 1663 1480 willens

926 1506 1021 1543 ende
1049 1509 1185 1543 wetens
1212 1505 1373 1543 maken?
1427 1507 1478 1543 Ζο
1507 1520 1559 1543 nu
1587 1506 1665 1543 hier

926 1569 1047 1606 ieme-td
1067 1569 1222 1618 eenighe
1232 1569 1473 1607 vaerlickheit
1483 1570 1526 1607 of
1534 1583 1621 1620 cruy
1627 1583 1666 1607 ce

930 1633 1036 1671 zolde
1075 1633 1168 1670 wille
1196 1634 1439 1671 voorwenden
1466 1634 1559 1672 ende
1586 1634 1667 1671 zick

933 1697 1113 1735 daervoor
1151 1711 1316 1741 vreezen,
1352 1698 1436 1736 dien
1471 1698 1669 1735 andworde

926 1762 988 1799 ick
1023 1762 1092 1800 mit
1126 1762 1186 1800 Jo.
1226 1762 1397 1807 Caluino,
1433 1763 1496 1800 dat
1533 1776 1602 1800 ons
1628 1762 1668 1800 in

935 1840 1052 1864 onzen
1080 1827 1188 1864 leuen
1215 1826 1336 1876 gheen
1365 1827 1483 1876 dingk
1511 1827 1670 1864 belioort

930 1904 974 1927 zo
1010 1891 1079 1928 lief
1113 1892 1156 1928 of
1186 1891 1304 1928 weerd
1338 1894 1377 1928 te
1412 1892 1499 1939 zijn,
1525 1890 1588 1928 dat
1616 1903 1670 1940 wy

933 1968 1002 1992 ons
1038 1968 1099 1992 om
1135 1954 1199 1992 des
1233 1956 1336 1992 zelue
1371 1955 1504 2001 willen,
1538 1954 1669 1992 zolden

933 2019 1027 2056 wille
1056 2020 1121 2057 mit
1140 2020 1315 2069 eenigher
1332 2019 1510 2068 asgodery
1532 2019 1670 2068 bezuy-

938 2084 1055 2123 delen.

986 2149 1037 2185 Zo
1083 2148 1160 2185 veel
1196 2161 1247 2185 nu
1282 2147 1326 2184 de
1356 2148 1471 2185 Misse
1506 2147 1674 2197 belangt,

935 2209 1021 2247 daer
1055 2211 1087 2247 is
1123 2210 1199 2247 niet
1226 2209 1390 2259 noodigh
1423 2210 1485 2247 dat
1513 2223 1566 2259 wy
1595 2209 1673 2247 veel

939 2287 1009 2311 van
1030 2270 1173 2324 sPreke.
1204 2274 1247 2308 W
1253 2278 1317 2311 ant
1334 2274 1405 2311 alle
1426 2273 1673 2311 Godsuruch-

934 2337 1063 2387 tighen
1079 2337 1232 2374 Leerars
1253 2337 1429 2375 kommen
1450 2338 1674 2375 eendraeht-

935 2402 1011 2438 lick
1048 2401 1173 2438 daerin
1212 2415 1301 2439 ouer
1338 2415 1403 2439 een
1433 2402 1494 2440 dat
1521 2416 1605 2440 men
1634 2416 1675 2440 ze

937 2479 998 2502 om
1019 2466 1126 2503 horer
1144 2466 1345 2515 gruwlieke
1365 2468 1674 2516 god-(26)loosz-

939 2530 1013 2567 heit
1050 2529 1141 2567 wille
1178 2530 1346 2579 sehuywe
1382 2531 1457 2568 zal:
1495 2531 1562 2568 mit
1590 2532 1674 2568 wel-

939 2594 1004 2631 ekf}
1033 2593 1091 2631 ick
1120 2595 1212 2632 oock
1241 2595 1360 2643 ghern
1388 2596 1578 2642 gheuoele.
1617 2596 1675 2632 Es]

943 2658 1110 2695 bekenne
1147 2659 1210 2696 dat
1244 2659 1288 2696 de
1318 2660 1534 2696 Pauwssche
1567 2659 1678 2697 Misse

943 2721 986 2757 de
1020 2722 1217 2769 grodueste
1244 2723 1305 2760 het
1333 2723 1439 2759 hooft
1467 2727 1511 2759 efi
1539 2724 1679 2760 stonsel

1498 351 1551 387 als
1587 363 1653 386 een

156 2788 336 2832 tianismi,
356 2801 430 2839 quo
452 2787 621 2824 Christus
636 2785 820 2822 Dominus
839 2785 894 2821 di·
946 2786 978 2822 is
1023 2785 1086 2823 des
1121 2791 1254 2835 gantze
1289 2786 1677 2825 Anticlnistendoms:

162 2853 316 2891 vinitate
344 2866 410 2890 sua
437 2856 548 2903 atque
576 2850 818 2896 humanitate,
836 2855 891 2887 at-

946 2850 1038 2887 door
1066 2851 1198 2889 weleke
1225 2852 1269 2889 de
1293 2851 1394 2890 Heer
1422 2850 1592 2890 Christus
1610 2866 1681 2891 van
