1818 3178
759 80 817 109 nr.
850 78 991 107 noema.
1565 56 1636 96 54⁶1

110 190 223 228 simul
259 188 370 227 etiam
408 191 628 238 παραίνεμοι
663 181 855 234 quoddam
883 183 1034 219 nostrae
1060 173 1333 218 innovationis,
1361 175 1400 210 ut
1429 170 1531 208 illam
1558 171 1637 206 tota

110 255 187 293 vita
231 259 360 292 nostra
405 251 670 302 exprimamus,
707 245 1023 299 quemadmodum
1063 240 1298 281 circumcisio
1337 237 1426 275 olim
1466 236 1638 285 σφραγίς

109 324 188 358 erat
222 316 491 369 acceptationis
526 312 734 353 Abrahami
772 310 935 349 familiae
972 309 1011 346 in
1049 306 1209 357 gratiam
1246 303 1331 348 Dei,
1356 306 1392 340 et
1420 298 1533 338 simul
1559 299 1640 335 erat

112 388 333 436 παρριιῖνεμκ
370 380 482 419 etiam
520 377 724 429 spiritualis
762 372 1075 418 circumcisionis,
1113 375 1155 408 ut
1191 368 1257 419 qui
1294 379 1403 405 carne
1431 359 1642 402 circumcisi

111 450 231 490 erant,
259 445 466 494 cogitarent
500 443 611 481 etiam
641 441 752 479 corde
780 453 818 478 se
847 436 1089 476 circumcisos
1118 446 1198 472 esse
1225 436 1406 483 oportere.
1461 426 1521 466 Ad
1550 438 1641 463 cun·

113 510 196 548 dem
225 510 379 547 modum
407 517 442 547 et
472 521 586 545 coena
615 505 770 544 Domini
798 508 854 542 est
882 515 984 541 nune
1012 505 1182 551 σφραγίς
1212 494 1488 534 communionis
1509 503 1641 541 corpo-

112 575 164 614 ris
201 581 236 613 et
273 574 468 624 sanguinis
508 571 660 616 Christi,
697 575 733 608 et
769 573 823 607 est
858 567 1011 606 interim
1048 565 1163 603 etiam.
1188 566 1409 612 πειραίνεμα
1435 557 1641 608 gratiarum

113 639 275 678 actionis
319 643 355 677 et
400 642 551 676 mutuae
594 636 752 673 invicem
792 631 1006 670 dilectionis
1043 633 1208 673 nostrae,
1243 628 1310 676 qui
1348 636 1461 662 unum
1500 633 1570 659 nos
1604 619 1644 656 in

116 704 267 742 Christo
306 716 441 753 eorpus
478 714 557 739 esse
591 712 721 737 omnes
759 709 895 735 coenae
931 693 1146 732 testimonio
1182 691 1413 742 profitemur,
1438 685 1597 735 ideoque
1625 695 1646 719 a

114 770 249 821 priscis
276 768 348 806 iam
378 768 530 817 ἀγάπη,
558 765 634 803 iam
663 766 904 814 εὐχκριστίει
935 763 1102 797 vocatur.
1138 759 1264 806 Atque
1294 754 1338 791 de
1366 749 1647 801 regeneratione

116 837 152 871 et
188 831 431 870 renovatione
466 828 586 867 nostri
621 832 783 872 tantum,
809 823 1038 874 reliquisque
1067 818 1244 870 baptismi
1270 815 1459 867 mysteriis
1487 824 1647 864 quorum

118 896 270 935 nomine
304 893 509 933 adversarii
545 893 710 930 infantes
753 894 902 927 nostros
940 901 961 924 a
997 884 1184 936 baptismo
1213 894 1338 920 arcere
1367 883 1562 923 conantur,
1590 875 1649 913 in-

119 974 227 999 verso
264 959 414 997 interim
444 958 596 995 illorum
627 955 759 994 ordine
787 959 824 992 et
851 953 1052 1004 depravata
1079 948 1426 999 obsignatoriorum
1454 942 1652 993 mysterio-

118 1039 202 1065 rum
230 1023 521 1074 significatione.

171 1089 343 1128 Tertium
378 1093 435 1126 est
470 1100 544 1138 quo
573 1083 765 1124 adversari
808 1082 987 1120 adversus
1016 1076 1366 1131 paedobaptismum
1394 1076 1565 1112 nostrum
1594 1070 1654 1108 ni-

118 1160 250 1194 tuntur
278 1153 341 1193 sed
371 1152 491 1191 nihilo
519 1149 708 1202 prioribus
736 1147 894 1191 firmius,
924 1158 969 1182 ne
998 1143 1120 1181 dicam
1148 1140 1348 1180 infirmius.
1405 1137 1547 1175 Dicunt
1573 1148 1652 1173 non

120 1223 293 1258 constare
319 1218 367 1256 ab
396 1215 591 1268 Apostolis
620 1213 719 1250 ullos
748 1211 842 1249 alios
871 1208 1081 1260 baptizatos
1108 1219 1189 1244 esse
1217 1204 1290 1242 nisi
1318 1202 1479 1247 adultos,
1507 1204 1543 1238 et
1565 1211 1652 1250 pro-

119 1285 208 1322 inde
235 1296 336 1321 nunc
363 1281 475 1320 etiam
504 1286 646 1331 praeter
674 1276 825 1314 adultos
855 1273 1040 1312 neminem
1070 1268 1255 1321 baptizari
1283 1272 1467 1318 oportere.
1507 1264 1653 1302 Confir-

123 1352 226 1388 mant
254 1349 327 1385 hoe
354 1349 543 1398 praeterea
573 1348 738 1381 veterum
768 1338 1006 1391 quorundam
1035 1333 1278 1379 testimoniis,
1303 1346 1348 1370 ex
1376 1331 1513 1382 quibus
1541 1341 1655 1379 appa-

123 1418 179 1452 ret
214 1412 365 1451 adultos
402 1416 482 1448 tum
518 1421 655 1457 magna
692 1419 737 1444 ex
766 1406 852 1454 (47)
887 1407 992 1454 parte
1030 1400 1164 1439 solitos
1193 1397 1390 1449 baptizari.
1447 1398 1496 1433 At
1524 1394 1655 1432 vellem

125 1478 218 1517 mihi
245 1475 528 1523 responderent,
554 1472 708 1511 ubinam
737 1473 887 1508 constat
914 1467 1097 1516 virginem
1126 1470 1279 1502 matrem
1299 1463 1525 1513 baptizatam
1549 1457 1656 1496 esse?

124 1543 191 1583 ubi
219 1541 453 1594 Apostolos?
500 1539 548 1576 Id
577 1538 607 1576 si
636 1550 712 1575 non
743 1538 903 1576 constat,
935 1545 1023 1570 num
1052 1530 1137 1568 ideo
1166 1526 1459 1566 existimandum
1486 1528 1542 1562 est
1570 1523 1656 1560 illos

126 1620 328 1658 numquam
359 1605 474 1643 fuisse
502 1602 727 1653 baptizatos.
767 1597 882 1636 Quod
912 1596 942 1634 si
973 1594 1148 1633 dubitare
1176 1605 1252 1631 non
1280 1591 1367 1628 licet
1395 1589 1440 1626 de
1468 1588 1655 1638 baptismo

129 1674 272 1712 Mariae
308 1675 344 1709 et
380 1669 650 1720 Apostolorum
678 1664 826 1703 etiamsi
855 1662 1064 1713 baptizatos
1093 1672 1173 1697 esse
1201 1671 1277 1695 non
1307 1658 1466 1699 constet,
1492 1657 1656 1704 praeter-

127 1751 240 1790 quam
277 1736 306 1774 si
342 1735 428 1772 illos
465 1745 594 1770 omnes
633 1729 810 1781 baptismi
849 1729 1123 1776 contemptores
1159 1722 1353 1765 faciamus,
1379 1732 1498 1770 neque
1525 1717 1570 1755 de
1597 1717 1656 1755 in-

128 1802 290 1841 fantium
319 1799 503 1850 baptismo
541 1794 792 1833 dubitandum
821 1805 908 1830 sane
937 1790 1006 1828 erit
1036 1789 1104 1826 sub
1135 1786 1404 1838 Apostolorum
1425 1782 1656 1834 temporibus

126 1866 273 1906 etiamsi
305 1877 382 1902 non
420 1865 563 1900 constet
601 1859 717 1898 fuisse
746 1857 968 1909 baptizatos,
998 1853 1071 1891 nisi
1098 1852 1265 1903 ipsorum
1295 1854 1465 1901 parentes
1493 1852 1557 1885 aut
1592 1860 1657 1884 ne-

128 1931 333 1982 gligentiae
377 1933 441 1966 aut
487 1932 583 1963 certe
630 1922 793 1962 eiusdem
841 1923 1076 1969 contemptus
1109 1917 1221 1955 etiam
1262 1927 1390 1952 omnes
1426 1913 1657 1950 damnemus.

131 1998 230 2036 Nam
268 1994 370 2046 quod
406 1992 452 2030 de
489 1989 692 2028 differendo
729 1987 766 2025 in
805 1985 971 2024 adultam
1000 1986 1159 2021 aetatem
1188 1980 1374 2031 baptismo
1401 1977 1591 2021 adferunt,
1618 1975 1656 2012 id

131 2073 317 2112 nusquam
350 2059 387 2096 in
428 2054 625 2107 scripturis
659 2052 832 2090 habetur.
886 2049 936 2087 Et
974 2048 1005 2086 si
1041 2046 1129 2098 quid
1166 2043 1349 2083 eiusmodi
1378 2040 1554 2093 Apostoli
1582 2045 1658 2078 sta-

130 2128 292 2167 tuissent
325 2138 367 2163 ex
398 2123 538 2162 Christi
579 2119 733 2159 Domini
761 2117 930 2156 do’etrina
959 2116 1036 2154 sive
1061 2111 1291 2165 praescripto
1319 2113 1482 2149 exstaret
1507 2109 1658 2160 procul-

133 2193 250 2232 dubio
286 2190 438 2242 aliquod
476 2188 554 2226 eius
591 2186 646 2224 rei
679 2182 949 2224 testimonium,
985 2178 1301 2231 quemadmodum
1339 2176 1383 2213 de
1410 2175 1559 2213 sublata
1587 2174 1660 2211 cir-

135 2257 366 2296 cumcisione
396 2252 654 2292 testimonium
688 2250 881 2294 habemus,
916 2245 1137 2298 praesertim
1172 2256 1257 2281 cum
1293 2241 1448 2279 dubium
1476 2253 1556 2278 esse
1585 2252 1660 2277 non

135 2321 267 2374 possit,
293 2319 459 2363 iudaeos,
487 2317 554 2369 qui
582 2329 627 2354 ne
656 2314 865 2365 baptizatos
892 2311 1043 2362 quidem
1072 2323 1092 2347 a
1121 2306 1406 2345 circumcisione
1424 2305 1564 2342 liberos
1583 2316 1663 2341 esse

137 2386 325 2430 volebant,
365 2384 484 2422 multo
513 2381 636 2420 minus
665 2380 701 2417 id
730 2380 873 2417 laturos
903 2376 1028 2422 fuisse,
1058 2373 1088 2412 si
1115 2372 1220 2425 pueri
1248 2372 1400 2409 illorum
1427 2383 1547 2421 neque
1576 2369 1664 2419 bap-

137 2452 342 2490 tizarentur
379 2462 498 2500 neque
541 2445 910 2488 circumciderentur,
944 2446 980 2479 et
1017 2439 1171 2491 perinde
1199 2437 1310 2476 huius
1339 2449 1487 2487 quoque
1515 2435 1568 2473 rei
1595 2434 1664 2472 ali-

137 2515 239 2568 quod
277 2513 493 2553 hauddubie
528 2509 783 2550 testimonium
824 2507 1058 2544 haberemur.
1112 2504 1222 2542 Quae
1251 2514 1336 2540 vero
1366 2500 1410 2538 de
1438 2499 1568 2537 ordine
1597 2498 1664 2536 do-

138 2580 259 2625 cendi,
297 2577 471 2616 credendi
499 2588 543 2614 ac
571 2575 720 2612 demum
749 2569 965 2623 baptizandi
995 2568 1130 2606 docent
1157 2579 1202 2604 ex
1230 2565 1363 2604 ultimo
1393 2563 1577 2602 Matthaei
1605 2576 1666 2600 ca-

138 2647 228 2698 pite,
255 2659 296 2684 ea
324 2645 398 2682 iam
426 2655 471 2680 ex
498 2640 628 2679 eodem
657 2639 736 2689 ipso
765 2637 849 2673 loeo
877 2633 1135 2678 refutavimus,
1162 2637 1198 2669 et
1225 2630 1315 2669 adeo
1345 2629 1440 2667 nihil
1466 2629 1512 2666 ad
1541 2628 1667 2673 infan-

139 2716 194 2750 tes
227 2709 428 2762 pertinent,
464 2711 504 2743 ut
541 2717 585 2742 ne
623 2703 662 2740 in
698 2700 836 2739 adultis
872 2698 1024 2751 quidem
1053 2696 1229 2734 omnibus
1258 2695 1333 2732 sint
1360 2694 1452 2731 olim
1480 2692 1549 2730 sub
1577 2691 1669 2742 ipsis

141 2775 254 2814 etiam
292 2772 489 2825 Apostolis
517 2770 730 2808 observata.
784 2766 864 2803 Iam
895 2768 1056 2802 veterum
1088 2760 1313 2800 testimoniis
1342 2759 1437 2796 nihil
1465 2756 1564 2794 aliud
1597 2757 1671 2793 effi·

143 2839 260 2885 ciunt,
295 2851 406 2889 quam
444 2834 593 2874 adultos
630 2832 722 2870 olim
759 2830 830 2868 sub
864 2828 950 2867 fidei
989 2827 1107 2866 initiis
1146 2826 1260 2867 fuisse
1291 2823 1512 2874 baptizatos,
1541 2834 1671 2871 nempe

1452 2885 1524 2926 36*
