1818 3178
142 128 215 163 328

145 236 270 286 guinis
306 232 529 278 communio,
564 232 636 268 hoc
670 234 738 276 est,
774 229 1001 274 distributio,
1035 229 1176 274 efficiat,
1203 229 1515 280 quemadmodum
1543 229 1664 267 West·

148 301 280 352 phalus
307 298 428 346 fingit,
455 296 520 333 sed
546 295 715 341 habetur,
740 294 829 345 quid
857 294 973 331 virtus
1001 294 1178 344 mysticae
1204 294 1474 332 benedictionis
1499 293 1540 330 in
1557 293 1666 331 nobis

149 364 280 402 efficiat
317 362 357 400 in
400 361 536 398 Coena.
590 359 673 409 Ego
716 359 833 408 igitur
866 359 978 396 verba
1016 357 1147 408 Cyrilli
1181 358 1266 404 alio,
1293 372 1403 409 quam
1433 361 1591 409 oportet,
1616 357 1667 406 (si

149 427 367 477 Westplialo
401 425 540 476 placet)
577 424 791 474 detorqueo,
826 423 891 474 qui
923 423 965 460 in
999 422 1152 460 inducta
1187 435 1231 460 ex
1260 423 1405 461 Coenae
1429 421 1669 460 institutione

149 491 341 529 doctrinae
378 488 661 527 confirmatione
687 488 732 525 de
759 487 846 525 vitis
873 491 909 524 et
934 486 1129 538 palmitum
1157 486 1413 532 similitudine,
1437 487 1539 523 illam
1565 497 1667 523 com-

147 556 301 608 probari
327 554 425 600 dico,
449 575 501 582 —
527 553 766 604 Westphalus
795 556 918 589 autem
943 551 1065 588 fidelis
1081 550 1151 588 erit
1171 551 1302 601 Cyrilli
1315 551 1498 602 interpres
1518 550 1669 597 seilicet,

149 622 213 673 qui
249 621 286 658 et
320 619 434 658 verba
469 618 601 669 Cyrilli
635 618 715 668 ipsa
751 616 826 655 suis
862 618 1065 653 commutat
1101 614 1139 652 et
1166 615 1268 652 aliud
1295 616 1420 654 doceri
1447 618 1601 655 affirmat
1627 617 1667 655 in

147 687 309 724 adducta
337 683 528 722 doctrinae
555 683 849 726 confirmatione,
877 694 989 732 quam
1016 679 1186 717 doctrina
1214 680 1353 732 alioqui
1379 681 1454 718 iam
1480 686 1566 720 ante
1590 686 1669 720 tra-

148 751 225 789 dita
253 748 482 787 continebat.
529 747 601 785 Sed
628 747 832 791 videamus,
858 758 932 796 quo
962 758 1000 782 se
1025 744 1065 781 in
1093 745 1170 782 suis
1196 745 1313 796 ipsius
1339 745 1462 784 verbis
1489 747 1672 798 proripiat

146 815 312 864 Erinnys
348 811 612 863 Westphalica,
641 811 727 848 dum
757 811 801 848 de
827 809 983 848 efficacia
1013 809 1285 847 communionis
1313 811 1452 861 sumpti
1477 812 1517 848 in
1546 812 1671 849 Coena

149 879 315 930 corporis
351 880 386 915 et
415 875 608 925 sanguinis
637 874 778 912 Christi
802 873 968 924 loquitur
995 876 1032 910 et
1059 874 1135 910 suis
1164 873 1303 911 deliriis
1333 873 1464 924 Cyrilli
1490 876 1670 913 autorita—

146 947 221 981 tem
249 941 433 979 obtendit.
463 939 598 990 Cyrillo
630 938 793 989 Mystica
820 937 1033 975 benedictio
1060 950 1137 974 non
1164 941 1219 975 est
1240 938 1503 976 elementorum
1526 939 1672 978 Coenae

145 1005 374 1045 consecratio
412 1005 499 1050 ulla,
535 1003 679 1054 qualem
719 1002 957 1053 Westphalus
991 1001 1032 1038 in
1069 1005 1262 1039 contortae
1296 1002 1384 1039 fidei
1422 1016 1509 1040 suae
1543 1003 1670 1042 libello

142 1070 287 1117 asserit,
322 1082 415 1121 quae
450 1068 623 1107 videlicet
649 1068 734 1116 (fol.
763 1068 829 1115 97)
868 1065 1048 1104 consistat
1074 1066 1115 1103 in
1145 1065 1331 1114 operativa
1358 1079 1424 1117 per
1451 1067 1669 1106 Ministrum

141 1136 341 1174 verborum
367 1134 530 1172 ullorum
557 1132 785 1176 recitatione,
813 1131 878 1169 sed
905 1130 1117 1168 benedictio
1144 1130 1303 1181 mystica
1325 1131 1425 1169 idem
1444 1135 1499 1170 est
1520 1133 1672 1183 Cyrillo,

143 1201 244 1253 quod
270 1204 348 1238 tota
377 1210 513 1237 coenae
539 1196 815 1235 administratio
843 1196 948 1234 iuxta
977 1195 1118 1233 Christi
1145 1196 1437 1236 institutionem.
1484 1197 1545 1236 Ita
1572 1199 1672 1237 enim

135 1268 269 1316 fideles
306 1267 359 1303 ad
395 1266 585 1313 mysticam
626 1263 906 1301 benedictionem
934 1263 1111 1299 accedere
1138 1261 1189 1299 ait
1219 1262 1261 1309 ¹).
1316 1260 1368 1299 Et
1394 1262 1486 1300 ah'bi
1511 1276 1673 1310 rursum,

152 1331 286 1368 Gentes
301 1330 474 1377 mysticae
497 1327 756 1365 benedictionis
769 1327 979 1375 participes
990 1327 1127 1374 factas
1147 1339 1235 1371 esse,
1255 1325 1362 1364 docet
1373 1327 1418 1374 2).
1446 1326 1568 1366 Vocat
1584 1327 1673 1366 item

145 1395 238 1432 alibi
266 1393 463 1444 mysticam
490 1390 788 1429 benedictionem
807 1404 873 1427 con
869 1391 1074 1439 sessionem
1096 1391 1287 1439 quandam
1307 1392 1528 1430 Dominio-ae
1546 1406 1673 1430 resur-

145 1462 318 1499 rectionis
337 1460 382 1506 3).
428 1457 577 1495 Quibus
605 1455 776 1506 equidem
801 1454 895 1492 locis
922 1454 1157 1505 perspicuum
1185 1458 1252 1500 est,
1280 1454 1348 1492 sub
1377 1468 1466 1493 voce
1495 1457 1674 1506 mysticae

147 1521 422 1561 benedictionis
448 1519 622 1569 intelligi,
650 1532 727 1556 non
755 1532 842 1556 sane
870 1518 1164 1569 Westphalicam
1190 1518 1389 1556 verborum
1418 1520 1563 1558 Coenae
1585 1534 1674 1559 con·

149 1587 387 1627 secratoriam
432 1585 701 1630 recitationem,
737 1584 800 1637 sed
834 1583 1042 1632 legitimum
1078 1583 1204 1633 potius
1242 1596 1378 1621 coenae
1413 1585 1529 1622 totius
1564 1599 1674 1624 usum

149 1658 184 1692 ct
221 1650 595 1691 administrationem,
622 1648 696 1686 nisi
725 1648 756 1685 si
783 1647 1022 1698 Westphalus
1048 1647 1085 1684 in
1117 1646 1282 1697 Erinnys
1311 1661 1399 1685 suae
1424 1649 1584 1696 gratiam
1611 1663 1674 1687 ac-

151 1717 279 1755 cedere
306 1716 353 1753 ad
378 1714 575 1765 mysticam
600 1712 899 1750 benedictionem
923 1711 1023 1749 idem
1050 1724 1129 1748 esse
1152 1711 1364 1757 contendat,
1383 1712 1484 1762 quod
1503 1713 1676 1753 accedere

153 1784 199 1821 ad
229 1777 738 1820 consecratoriam'duntaxat
756 1776 955 1814 verborum
977 1788 1112 1813 coenae
1133 1775 1392 1813 recitationem
1410 1776 1490 1814 sine
1508 1777 1675 1827 legitimo

152 1846 302 1885 interim
339 1857 474 1882 coenae
509 1855 593 1886 usu,
625 1863 677 1870 —-
712 1844 776 1878 aut
815 1840 954 1877 Gentes
989 1838 1189 1890 participes
1226 1852 1306 1877 esse
1343 1839 1474 1878 doceat
1498 1842 1679 1891 mysticae

154 1910 439 1953 benedictionis,
473 1907 777 1945 recitationemve
805 1906 923 1943 solam
958 1901 1162 1942 verbor'um
1198 1917 1344 1952 coenae,
1371 1905 1517 1944 etiamsi
1545 1920 1681 1946 coenae

154 1988 261 2015 nemo
305 1972 512 2025 participet,
555 1974 660 2022 putet
696 1983 776 2007 esse
810 1968 1084 2006 confessionem
1122 1968 1341 2007 Dominieae
1384 1971 1679 2017 resurrectionis,

153 2044 346 2092 propterea
380 2036 480 2087 quod
516 2047 617 2073 nunc
653 2047 743 2072 voce
778 2046 913 2071 sonora
950 2044 992 2069 ac
1021 2032 1268 2084 sesquipedali
1294 2034 1564 2084 propemodum
1590 2049 1679 2087 pro-

154 2105 294 2143 latione
340 2102 597 2139 decantentur.
651 2098 734 2136 Nos
770 2111 882 2149 porro
927 2098 1024 2135 hanc
1061 2097 1281 2148 Westphalo
1318 2098 1564 2148 Theologiam
1601 2113 1679 2139 non

154 2169 377 2213 invidemus,
414 2164 475 2203 sed
512 2177 595 2202 cum
635 2163 774 2214 Cyrillo
811 2163 967 2214 aliisque
1003 2163 1192 2201 veteribus
1220 2163 1416 2214 mysticam
1445 2164 1677 2204 benedictio-

157 2247 241 2272 nem
276 2230 522 2280 intelligimus
559 2229 770 2267 universam
807 2240 943 2265 coenae
976 2227 1267 2274 institutionem,
1302 2242 1396 2279 quae
1422 2230 1679 2268 recitationem

157 2298 305 2348 quidem
340 2295 539 2333 verborum
569 2306 705 2331 coenae
731 2293 771 2330 in
800 2306 838 2330 se
866 2293 1137 2343 complectitur,
1164 2292 1217 2330 sic
1242 2299 1284 2330 ut
1310 2306 1331 2330 a
1356 2295 1493 2345 populo
1520 2294 1680 2345 intelligi

156 2363 267 2400 verba
292 2361 372 2412 ipsa
401 2360 557 2410 possint,
583 2359 648 2396 sed
676 2362 715 2396 ut
741 2358 910 2395 recitatio
937 2358 1002 2395 illa
1030 2357 1104 2395 vim
1133 2358 1245 2395 ullam
1274 2359 1518 2396 consecrandi
1544 2372 1678 2409 panem

158 2431 193 2465 et
230 2426 358 2463 vinum
398 2424 581 2473 obtineat,
614 2422 653 2460 id
689 2435 776 2460 vero
811 2435 830 2459 a
870 2422 1019 2459 Christo
1049 2422 1212 2459 Domino
1240 2422 1365 2460 eiusve
1394 2422 1586 2473 Apostolis
1613 2429 1676 2460 aut

154 2491 362 2542 primaevae
397 2492 482 2538 post
513 2487 599 2524 illos
635 2486 824 2524 Ecclesiae
859 2486 1029 2537 patribus
1066 2499 1220 2536 usquam
1247 2485 1429 2523 traditum
1456 2499 1535 2523 esse
1563 2499 1678 2534 nega-

155 2567 251 2596 mus,
280 2552 342 2589 sed
370 2551 598 2602 Papisticum
627 2553 879 2588 commentum
906 2564 985 2588 esse
1013 2551 1183 2595 dicimus,
1210 2551 1402 2600 inve-(fol.
1433 2552 1603 2599 efflatum
1632 2552 1678 2589 ad

155 2616 434 2669 approbandam
471 2615 745 2653 idololatricam
772 2615 892 2666 Papae
918 2615 1390 2661 transsubstantiationem,
1425 2615 1525 2666 quod
1554 2615 1678 2654 West·

154 2683 287 2734 phalus
323 2685 360 2718 et
396 2680 452 2717 sui
487 2680 584 2717 tueri
619 2680 823 2718 etiamnum
862 2685 1044 2718 conantur
1077 2681 1123 2717 ad
1163 2680 1452 2717 confirmandam
1483 2693 1586 2717 suam
1616 2681 1677 2718 de·

154 2745 402 2786 liteseentiam
450 2745 676 2795 corporalem
723 2745 761 2782 in
806 2758 958 2783 coenae
985 2746 1177 2783 elementis
1214 2743 1378 2795 corporis
1413 2747 1448 2781 et
1486 2744 1679 2794 sanguinis

198 2876 222 2905 Γ)
247 2875 285 2906 In
308 2858 347 2905 520
371 2884 437 2914 cap.
461 2873 548 2904 Ioan.
663 2872 689 2912 2)
713 2872 751 2903 In
774 2872 828 2905 lib.
852 2873 870 2905 1
895 2872 931 2904 de
955 2872 1123 2905 Trinitate.
1235 2873 1260 2912 ³)
1286 2872 1324 2903 In
1347 2872 1394 2904 Io.
1417 2872 1439 2903 li
1465 2872 1512 2909 12,
1537 2882 1605 2914 cap.
1630 2873 1678 2906 58.
