1818 3178
191 117 263 153 252
719 120 832 148 punc.
863 118 953 146 Mis.
983 117 1177 146 rnAncor.

239 226 294 265 ΙΙ.
323 225 449 271 Quod,
475 221 786 275 quemadmodum
812 220 954 271 reliqua
982 222 1212 257 sacramenta
1238 221 1377 267 omnia,
1403 220 1454 259 ita
1473 224 1509 259 et
1530 230 1644 260 coena
1658 221 1707 261 D.

187 291 235 330 sit
270 290 454 334 instituta,
491 301 568 326 non
603 285 716 323 modo
754 288 793 323 ut
830 285 878 322 sit
905 284 1055 333 signum
1080 284 1323 334 professionis
1359 288 1511 323 nostrae
1535 285 1709 333 invicem,

186 355 251 393 sed
284 354 402 391 multo
438 351 569 400 magis,
603 353 645 388 ut
681 349 729 388 sit
766 349 916 398 signum
952 351 988 386 et
1022 348 1280 387 testimonium
1316 349 1522 388 voluntatis
1558 349 1709 389 divinae

184 432 271 467 erga
299 430 366 455 nos
393 416 431 453 in
461 415 624 453 Christo.

234 482 312 520 ΙΙΙ.
349 480 463 519 Quod
501 492 614 517 coena
640 478 703 524 D.‚
731 477 1045 529 quemadmodum
1073 477 1147 515 alia
1174 491 1323 529 quoque
1351 482 1594 526 sacramenta,
1620 480 1705 518 ideo

183 545 230 583 sit
264 544 448 588 instituta,
482 546 525 580 ut
560 541 697 580 excitet
732 544 768 579 et
807 541 1001 578 confirmet
1040 539 1153 578 fidem
1188 541 1229 579 in
1255 541 1327 588 his,
1354 542 1418 593 qui
1443 542 1508 580 illa
1535 546 1704 582 utuntur.

180 608 312 658 Itaque
337 607 378 645 in
404 620 474 644 usu
503 618 637 643 coenae
665 605 798 643 debere
825 604 998 643 accedere
1025 604 1137 643 fidem
1165 605 1332 644 omnino.

230 672 300 711 IV.
337 671 440 715 Fide,
474 674 516 708 ut
551 671 591 708 in
625 669 708 708 aliis
747 670 1001 716 sacramentis,
1035 670 1088 708 ita
1124 670 1228 708 etin
1257 683 1371 708 coena
1398 670 1447 710 D.
1475 672 1594 723 accipi
1618 686 1706 722 gra-

179 736 281 780 tiam,
308 749 403 787 quae
428 735 507 773 illic
534 734 780 784 significatur,
807 738 843 772 et
870 734 1043 785 spiritum
1071 737 1257 774 sanctum.

230 800 276 839 V.
315 799 430 838 Quod
458 798 627 837 doctrina
654 811 783 836 eorum
809 812 878 849 pro
906 798 1120 836 Pharisaica
1149 798 1196 836 sit
1221 798 1407 846 habenda,
1434 799 1498 850 qui
1524 799 1636 838 fidem
1663 801 1703 840 in

177 879 248 904 usu
276 868 592 903 sacramentorum
618 876 696 901 non
723 863 864 915 requiri
888 862 1143 912 do-(20)cent.
1173 862 1219 900 Id
1240 864 1341 914 quod
1360 863 1401 901 in
1420 863 1580 914 Papistis
1600 864 1705 903 dam-

179 933 302 968 natur.

228 995 334 1033 Haec
370 994 492 1038 nobis,
516 994 683 1045 inquam,
711 993 903 1031 doctrinae
932 992 1052 1044 capita
1078 993 1279 1044 praedictis
1305 992 1399 1030 locis
1429 994 1614 1032 contineri
1643 995 1697 1032 vi-

178 1060 324 1106 dentur,
359 1072 454 1110 quae
482 1072 570 1096 sane
596 1062 744 1097 tantum
772 1057 876 1096 abest
902 1062 943 1096 ut
969 1058 1304 1109 improbaverimus
1333 1071 1510 1108 unquam,
1535 1062 1578 1097 ut
1606 1073 1702 1097 sem-

175 1138 257 1177 per!
274 1124 338 1161 illa
372 1123 413 1161 in
449 1122 624 1160 omnibus
651 1121 800 1173 scriptis
827 1122 967 1160 nostris
995 1122 1227 1172 apertissime
1255 1122 1416 1173 professi
1452 1122 1566 1160 simus
1594 1127 1705 1174 atque

180 1189 383 1226 etiamnum
408 1188 662 1238 profiteamur.
690 1185 773 1223 Etsi
801 1189 923 1223 autem
950 1185 990 1223 id
1017 1185 1154 1236 scripta
1181 1189 1311 1223 nostra
1336 1185 1630 1224 luculentissime
1648 1190 1705 1225 te-

180 1257 336 1297 stentur,
370 1256 496 1290 tamen
532 1255 705 1289 et·nunc
742 1251 863 1288 denuo
892 1250 1003 1288 nobis
1031 1250 1091 1288 hic
1118 1250 1361 1301 repetendum
1389 1250 1460 1288 hoc
1488 1264 1567 1289 esse
1592 1254 1704 1302 puta·

179 1318 313 1356 vimus.
368 1315 440 1354 Sed
476 1315 655 1367 quoniam
689 1315 852 1366 primum
890 1315 1082 1353 doctrinae
1121 1319 1231 1366 caput
1269 1315 1370 1353 varie
1407 1316 1544 1367 exponi
1570 1320 1707 1367 potest,

178 1382 309 1420 ultimo
345 1382 429 1420 loco
465 1381 509 1418 de
543 1380 608 1418 illo
645 1393 809 1429 agemus,
835 1383 945 1430 atque
972 1393 992 1417 a
1020 1380 1183 1418 secundo
1213 1381 1332 1431 capite
1360 1380 1509 1418 dicendi
1538 1380 1598 1418 hic
1626 1381 1701 1419 inr-

179 1447 272 1485 tium
299 1447 488 1484 faciemus.

230 1512 291 1550 Ad
328 1511 532 1549 secundum
562 1512 603 1558 ¹).
660 1510 912 1560 Agnoscimus
939 1509 1054 1559 igitur
1082 1513 1117 1547 et
1145 1523 1287 1560 semper
1314 1510 1549 1560 agnovimus,
1577 1511 1703 1549 omnia

180 1582 408 1615 sacramenta
436 1580 471 1614 et
499 1575 632 1613 veteris
660 1579 695 1613 et
722 1579 871 1612 nostrae
898 1575 1101 1620 Ecclesiae,
1127 1587 1171 1611 ac
1198 1575 1355 1625 proinde
1385 1588 1537 1613 coenam
1557 1589 1705 1627 quoque

179 1640 240 1688 D.‚
281 1641 452 1679 instituta
490 1639 605 1677 fuisse
639 1639 719 1676 Deo
755 1639 836 1689 ipso
874 1642 1016 1683 autore,
1051 1651 1128 1675 non
1163 1637 1274 1675 modo
1309 1642 1352 1675 ut
1387 1642 1511 1676 essent
1556 1639 1705 1690 sintque

179 1707 382 1745 etiamnum
420 1709 528 1743 notae
566 1704 808 1756 professionis
836 1707 985 1740 nostrae
1011 1703 1172 1740 invicem
1200 1703 1239 1740 in
1267 1703 1458 1749 Ecclesia,
1494 1703 1557 1741 sed
1584 1704 1702 1741 multo

178 1771 311 1821 magis,
337 1774 378 1809 ut
405 1771 481 1808 sint
507 1770 614 1819 signa
641 1773 676 1807 et
703 1768 1025 1817 te-(21)stim0nia
1053 1768 1173 1806 bonae
1201 1767 1271 1805 Dei
1297 1781 1384 1817 erga
1411 1781 1480 1806 nos
1500 1768 1704 1807 voluntatis

178 1837 218 1874 in
231 1836 393 1873 Christo.
422 1835 504 1871 Imo
524 1847 608 1872 vero
629 1833 700 1871 hoc
718 1833 910 1871 addimus:
930 1846 1009 1870 esse
1027 1833 1140 1870 etiam
1159 1832 1405 1882 obsignacula
1425 1836 1575 1871 nostrae
1594 1833 1700 1871 iusti·

178 1900 262 1946 tiae,
289 1911 383 1949 quae
409 1897 483 1935 fide
509 1897 811 1947 apprehenditur,
837 1896 996 1933 efficacia
1023 1896 1165 1946 alioqui
1191 1896 1238 1933 ad
1267 1896 1421 1934 salutem
1449 1900 1618 1934 nostram
1637 1910 1702 1948 per

180 1964 349 2015 spiritum
378 1965 548 2000 sanctum
574 1962 613 1999 in
641 1961 808 2010 legitimo
838 1974 906 1998 usu
935 1964 1265 1999 sacramentorum.

230 2028 289 2066 Ad
333 2027 483 2065 tertium
519 2029 563 2075 ²).
616 2026 868 2075 Agnoscimus
908 2025 995 2063 item
1041 2029 1077 2063 et
1123 2039 1266 2077 semper
1297 2026 1538 2075 agnovimus,
1574 2026 1700 2064 omnia

177 2092 372 2142 utriusque
416 2090 608 2128 Ecclesiae
657 2095 887 2127 sacramenta
924 2090 995 2133 1100
1023 2092 1054 2138 ³)
1090 2091 1164 2127 fine
1198 2090 1373 2128 instituta
1406 2104 1498 2134 esse,
1534 2094 1576 2128 ut
1612 2091 1699 2129 fidei

178 2159 328 2193 nostrae
359 2154 569 2192 infirmitati
605 2154 772 2202 legitimo
807 2153 958 2191 illorum
994 2167 1064 2191 usu
1091 2158 1340 2192 succurratur.
1388 2155 1532 2205 Nempe
1557 2158 1598 2193 ut
1626 2154 1700 2192 eri-

177 2223 268 2268 gant
311 2232 374 2256 seu
416 2218 580 2256 excitent
613 2218 915 2267 languescentem
950 2218 989 2255 in
1033 2218 1144 2255 nobis
1182 2218 1294 2256 fidem
1330 2222 1510 2265 nostram,
1547 2232 1701 2269 eamque

178 2288 305 2320 autore
348 2283 481 2333 spiritu
526 2286 655 2320 sancto
693 2283 926 2327 confirment,
962 2282 1050 2319 dum
1083 2283 1157 2320 illis
1193 2282 1352 2329 utimur3
1390 2296 1433 2320 ac
1467 2282 1624 2333 proinde
1660 2283 1698 2320 in

179 2361 314 2385 coenae
340 2360 486 2398 quoque
514 2360 580 2384 usu
608 2347 745 2398 requiri
772 2347 980 2385 necessario
1007 2347 1131 2393 fidem,
1157 2350 1199 2385 ut
1226 2347 1294 2384 fini
1321 2360 1387 2385 suo
1413 2347 1647 2398 respondeat.

230 2412 289 2449 Ad
324 2415 498 2462 quartum
525 2413 568 2460 ⁴).
611 2411 757 2449 Deinde
792 2411 1030 2459 agnoscimus
1069 2411 1180 2448 etiam
1216 2424 1432 2462 semperque
1465 2411 1699 2459 agnovimus,

177 2475 250 2513 fide
277 2475 504 2526 apprehendi
531 2479 700 2526 oportere
727 2475 766 2514 in
794 2476 962 2513 Ecclesia
987 2476 1165 2526 mysteria
1194 2476 1318 2513 omnia
1347 2475 1494 2513 divinae
1521 2488 1609 2524 erga
1628 2489 1697 2513 nos

177 2540 380 2578 voluntatis
416 2553 458 2577 ac
493 2541 633 2589 gratiae
668 2541 706 2578 in
746 2541 917 2587 Christo,
944 2555 1038 2592 quae
1066 2545 1100 2578 et
1127 2541 1231 2579 verbi
1260 2541 1316 2578 sui
1342 2539 1557 2578 testimonio
1586 2540 1697 2578 nobis

176 2606 399 2649 revelantur,
427 2606 511 2652 (22)
548 2608 583 2642 et
611 2604 728 2654 signis
757 2610 1073 2642 sacramentorum
1100 2603 1381 2648 adumbrantur,
1409 2603 1600 2653 oculisque
1628 2616 1697 2640 no·

178 2675 274 2709 strae
318 2669 404 2708 fidei
440 2669 688 2707 ostenduntur
724 2673 834 2720 atque
867 2670 1114 2715 exhibentur,
1148 2667 1462 2720 quemadmodum
1501 2668 1695 2705 Confessio

221 2812 246 2850 ¹)
269 2810 384 2841 Verba:
408 2809 461 2841 Ad
481 2809 645 2840 secundum
669 2808 700 2839 in
725 2809 802 2841 Cod.
826 2810 923 2842 Freft.
948 2810 1068 2842 desunt.
1136 2811 1161 2848 2)
1186 2810 1283 2840 Deest
1305 2808 1337 2839 in
1361 2808 1437 2839 Cod.
1461 2807 1608 2839 Francos.

218 2865 244 2906 ³)
269 2864 346 2897 Cod.
368 2864 514 2898 Francos,
537 2863 628 2905 legit:
652 2864 710 2895 hac
732 2865 803 2897 sine.
1131 2864 1158 2905 ⁴)
1182 2864 1279 2897 Deest
1300 2862 1333 2896 in
1356 2862 1434 2895 Cod.
1457 2863 1605 2897 Francos.
