1818 3178
190 119 265 156 484
843 128 902 155 ΕΡ.
932 128 1074 156 Doc‘rn.

193 240 327 267 norum
364 228 604 266 oraculorum
647 227 885 266 autoritatem
926 232 963 266 et
990 229 1174 266 humanas
1202 228 1279 267 sive
1305 229 1525 267 traditiones
1554 230 1629 268 sive
1654 230 1714 268 in-

192 292 492 344 terpretationes.
531 291 638 330 Quae
665 291 780 329 verbo
807 291 935 330 divino
964 306 1139 344 expressa
1166 292 1357 341 habemus,
1386 307 1428 332 ea
1457 307 1545 332 sane
1572 294 1713 346 absque

191 356 268 394 ulla
303 355 360 393 vel
396 355 614 406 exceptione
641 355 698 393 vel
726 355 838 393 etiam
866 356 1131 407 disquisitione
1161 357 1267 407 sequi
1292 358 1414 396 modis
1441 358 1617 396 omnibus
1649 358 1713 396 de-

193 421 338 459 bemus.
376 420 545 457 Ceterum
574 419 749 457 humanis
775 420 1044 458 traditionibus
1071 433 1149 459 non
1175 421 1296 465 aliter,
1323 436 1434 473 quam
1463 422 1566 460 verbi
1594 422 1713 460 divini

193 483 375 521 ministris
411 486 608 530 uteremur,
645 483 716 521 hoc
748 489 816 529 est,
853 489 1035 536 quatenus
1071 498 1132 523 eas
1162 486 1372 524 subservire
1398 486 1600 524 viderimus
1627 486 1714 524 fidei

193 547 389 597 analogiae
425 552 461 586 et
498 547 603 586 verbi
640 547 759 586 divini
793 549 1001 595 autoritati,
1038 549 1115 588 sive
1151 549 1260 588 nobis
1288 550 1438 601 publica
1467 551 1712 589 conciliorum

193 624 502 662 quorumcunque
530 612 606 650 sive
632 612 778 664 privata
806 613 965 651 alicuius
992 613 1218 652 auctoritate
1244 619 1514 665 proponantur.
1558 614 1713 666 Alioqui

194 679 281 714 sunt
310 676 469 713 concilia
496 689 590 727 quae
618 676 775 727 dissipat
802 676 988 715 Dominus
1016 682 1052 715 et
1080 678 1221 716 cultum
1250 691 1400 717 omnem
1427 678 1629 717 humanum
1649 678 1714 730 qui

192 745 336 792 praeter
363 741 568 792 scripturae
595 741 855 780 testimonium
883 742 1128 781 constituitur
1155 743 1318 782 aversari
1346 757 1384 782 se
1419 747 1591 783 testatur.
1619 744 1714 782 Fru-

193 808 269 843 stra
298 805 439 850 colunt,
466 805 602 856 inquit,
628 819 686 843 me
714 805 900 844 mandatis
929 806 1135 846 hominum.
1189 807 1329 845 Itidem
1358 807 1635 846 observandum
1662 812 1718 846 est

190 868 303 906 etiam
346 869 386 907 in
431 869 637 920 scripturae
672 869 940 921 interpretibus
977 871 1055 909 sive
1092 875 1247 918 veteres,
1273 884 1375 923 ,quos
1409 877 1533 923 patres
1570 876 1718 915 vocant,

194 933 271 971 sive
308 946 427 972 novos
461 935 640 984 legamus,
679 947 881 985 agnoscere
917 949 1005 973 sane
1042 936 1140 974 dona
1169 937 1238 974 Dei
1264 936 1305 974 in
1331 936 1406 975 illis
1434 937 1624 983 debemus,
1651 937 1716 975 sed

190 1011 254 1036 eos
289 999 438 1037 interim
476 1012 684 1051 sequemur,
720 1000 784 1051 qui
818 1000 991 1051 pluribus
1019 1005 1055 1039 et
1082 1001 1302 1040 clarioribus
1331 1002 1436 1040 verbi
1463 1002 1582 1040 divini
1609 1001 1716 1040 testi-

191 1063 327 1101 moniis
364 1067 568 1116 mutuaque
596 1077 723 1102 eorum
762 1065 961 1103 collatione
988 1065 1173 1105 nituntur.
1226 1066 1359 1117 Neque
1385 1067 1485 1104 enim
1513 1070 1633 1104 tutum
1661 1069 1717 1104 est

191 1128 348 1166 omnino
384 1128 451 1166 uni
479 1128 591 1166 alicui
618 1128 703 1166 loco
731 1128 859 1174 inniti,
884 1133 927 1166 ut
954 1129 1060 1167 illum
1091 1142 1174 1168 cum
1204 1130 1288 1169 aliis
1317 1143 1394 1169 non
1423 1131 1606 1176 conferas,
1633 1143 1716 1168 cum

189 1197 225 1231 et
262 1193 417 1240 sathan,
453 1193 648 1245 desumpto
684 1207 704 1232 e
741 1194 936 1245 scripturis
973 1195 1058 1233 loco
1086 1194 1291 1234 Dominum
1324 1195 1449 1246 ipsum
1475 1196 1640 1241 tentarit,
1664 1216 1716 1224 —

190 1262 225 1297 et
250 1259 374 1296 locum
399 1258 498 1297 inter
518 1272 586 1296 nos
607 1258 743 1297 habere
761 1271 839 1296 non
859 1259 969 1298 debet
990 1273 1061 1298 vox
1080 1261 1144 1299 illa
1158 1260 1468 1311 Pithagoreorum
1489 1263 1715 1311 αὖτόςὲφοι.

188 1323 250 1360 Ad
276 1336 394 1361 unum
422 1336 583 1374 namque
611 1322 795 1361 duntaxat
823 1323 1016 1362 Christum
1045 1324 1250 1364 Dominum
1271 1329 1307 1364 et
1326 1327 1512 1364 neminem
1528 1330 1715 1376 praeterea

186 1388 299 1426 alium
338 1388 377 1425 in
413 1388 523 1426 terris
552 1388 665 1426 verba
693 1388 758 1426 illa
786 1388 907 1427 Patris
944 1390 1114 1428 coelestis
1152 1390 1342 1442 pertinent
1378 1408 1396 1425 a
1410 1390 1526 1428 Hunc
1553 1389 1715 1436 audite,'’

185 1457 223 1490 et
251 1452 423 1490 Christus
452 1453 607 1503 ipsemet
634 1457 793 1490 testatur
821 1466 945 1491 veram
972 1454 1084 1492 fidem
1112 1459 1259 1493 exstare
1285 1455 1384 1493 inter
1411 1468 1475 1493 eos
1503 1467 1579 1493 non
1606 1467 1716 1506 posse

186 1517 248 1568 qui
276 1517 397 1567 gloria
425 1517 523 1556 inter
550 1530 629 1556 sese
654 1517 815 1556 invicem
844 1517 908 1555 alii
936 1520 983 1557 ab
1012 1519 1096 1557 aliis
1123 1524 1319 1571 quaerunt.

558 1649 573 1698 ᾗ
602 1651 637 1687 2.
691 1650 835 1686 Summa
861 1647 1059 1686 doctrinae
1089 1648 1344 1687 Christianae.

241 1776 375 1815 Omnis
413 1777 582 1816 doctrina
621 1777 834 1816 Christiana
872 1777 969 1816 circa
1005 1777 1079 1815 duo
1115 1777 1354 1829 potissimum
1383 1777 1523 1815 versari
1556 1776 1714 1817 videtur.

190 1841 297 1879 Circa
324 1841 395 1879 Dei
422 1842 595 1893 primum,
622 1841 755 1880 deinde
775 1842 888 1880 etiam
909 1841 1007 1879 circa
1027 1842 1147 1880 nostri
1164 1854 1287 1879 veram
1308 1841 1574 1890 cognitionem.
1595 1840 1715 1880 Deum

189 1906 410 1956 cognovisse
437 1907 513 1944 vita
539 1911 688 1945 aeterna
715 1909 784 1952 est,
810 1906 862 1944 ait
893 1902 1077 1953 Christus,
1102 1911 1215 1957 atque
1240 1905 1338 1943 idem
1366 1906 1446 1944 vult
1473 1911 1513 1944 ut
1530 1918 1599 1944 nos
1614 1905 1717 1957 ipsos

188 1971 430 2021 abnegemus,
467 1970 498 2008 si
534 1984 573 2009 se
601 1971 705 2022 sequi
742 1971 911 2018 velimus,
938 1971 1040 2022 quod
1067 1970 1239 2022 equidem
1267 1970 1349 2008 fieri
1377 1983 1454 2008 non
1481 1974 1618 2021 potest,
1643 1969 1718 2008 nisi

189 2049 259 2074 nos
285 2035 387 2087 ipsos
417 2049 499 2074 vere
526 2036 636 2074 etiam
665 2036 768 2087 prius
797 2049 1082 2086 cognoscamus,
1112 2036 1240 2074 Quare
1269 2035 1299 2073 si
1327 2039 1363 2074 et
1392 2035 1582 2073 Christum
1611 2035 1715 2086 sequi

190 2105 226 2138 et
252 2100 298 2138 ad
328 2100 442 2138 vitam
470 2105 657 2138 aeternam
686 2101 880 2151 pervenire
909 2100 1096 2146 volumus,
1122 2100 1283 2138 retinere
1310 2112 1380 2137 nos
1408 2104 1556 2151 oportet
1583 2099 1621 2137 in
1649 2112 1719 2138 no-

191 2168 268 2202 stra
315 2164 485 2202 Ecclesia
524 2164 734 2202 doctrinam
774 2164 818 2203 de
855 2164 932 2203 veri
971 2163 1041 2203 Dei
1076 2163 1261 2215 inprimis,
1298 2163 1433 2202 deinde
1469 2176 1556 2203 vero
1595 2163 1717 2202 nostri

192 2229 303 2267 etiam
333 2228 562 2279 cognitione.
589 2232 649 2279 (2)

606 2361 621 2410 §
650 2362 685 2399 3.
740 2361 799 2398 De
825 2371 907 2398 vere
931 2359 1177 2410 coqnoscendo
1203 2359 1296 2397 Deo.

245 2489 337 2527 Cum
374 2489 560 2528 Dominus
596 2493 723 2528 noster
758 2490 864 2527 Iesus
893 2488 1066 2527 Christus
1094 2487 1232 2525 diserte
1258 2489 1428 2532 testetur,
1454 2485 1574 2524 Deum
1602 2497 1622 2523 a
1650 2497 1716 2522 ne-

194 2555 295 2593 mine
330 2559 588 2604 praeterquam
624 2567 644 2592 a
681 2567 719 2592 se
756 2554 837 2592 solo
875 2553 1067 2603 cognitum
1097 2565 1177 2591 esse
1205 2565 1324 2602 neque
1351 2551 1398 2589 ab
1428 2551 1502 2589 ullo
1529 2550 1618 2587 item
1645 2548 1714 2586 ho-

195 2619 294 2657 mine
338 2619 411 2656 nisi
455 2619 515 2656 cui
559 2619 638 2670 ipse
673 2619 855 2657 revelaret
892 2618 1071 2668 cognosci
1105 2621 1293 2668 praeterea
1333 2629 1453 2667 posse,
1489 2614 1717 2665 dubiumque

194 2695 270 2721 non
300 2682 347 2720 sit
374 2682 412 2720 id
439 2686 560 2720 totum
588 2696 608 2720 a
636 2683 715 2720 filio
744 2695 876 2734 nempe
894 2686 1046 2720 aeterno
1066 2680 1183 2732 patris
1202 2680 1316 2719 verbo
1334 2680 1541 2731 profectum
1560 2679 1715 2716 omnino

193 2760 286 2794 esse,
321 2746 505 2797 quidquid
540 2747 661 2784 sancti
696 2746 767 2784 Dei
802 2747 981 2798 profetae,
1017 2745 1159 2797 Spiritu
1195 2748 1325 2783 sancto
1358 2743 1482 2790 afflati,
1519 2742 1629 2780 nobis
1672 2742 1717 2780 de

191 2811 271 2850 Deo
307 2811 344 2848 in
375 2810 570 2861 scripturis
597 2810 855 2861 prodiderunt,
883 2811 1022 2848 nullam
1052 2808 1268 2847 hauddubie
1294 2811 1330 2845 et
1357 2819 1425 2844 nos
1452 2806 1561 2844 aliam
1580 2806 1715 2843 certio-

188 2889 265 2915 rem
307 2875 560 2928 cognoscendi
588 2888 671 2914 vere
700 2875 767 2913 Dei
797 2875 979 2914 rationem
1010 2874 1144 2913 habere
1171 2872 1390 2926 poterimus,
1416 2884 1526 2922 quam
1556 2871 1586 2908 si
1613 2871 1715 2909 illam
