<?xml version="1.0" encoding="UTF-8"?>
<!DOCTYPE html PUBLIC "-//W3C//DTD XHTML 1.0 Transitional//EN"
    "http://www.w3.org/TR/xhtml1/DTD/xhtml1-transitional.dtd">
<html xmlns="http://www.w3.org/1999/xhtml" xml:lang="en" lang="en">
 <head>
  <title>
</title>
<meta http-equiv="Content-Type" content="text/html;charset=utf-8" />
  <meta name='ocr-system' content='tesseract 3.04.00' />
  <meta name='ocr-capabilities' content='ocr_page ocr_carea ocr_par ocr_line ocrx_word'/>
</head>
<body>
  <div class='ocr_page' id='page_1' title='image "./operatameditaqua01lask_0257.png"; bbox 0 0 1818 3178; ppageno 0'>
   <div class='ocr_carea' id='block_1_1' title="bbox 539 104 1702 146">
    <p class='ocr_par' dir='ltr' id='par_1_1' title="bbox 539 104 1702 146">
     <span class='ocr_line' id='line_1_1' title="bbox 539 104 1702 146; baseline -0.003 -3"><span class='ocrx_word' id='word_1_1' title='bbox 539 117 590 143; x_wconf 80' lang='lat' dir='ltr'>DE</span> <span class='ocrx_word' id='word_1_2' title='bbox 619 118 899 146; x_wconf 70' lang='lat' dir='ltr'>sAanMEN&#39;ms</span> <span class='ocrx_word' id='word_1_3' title='bbox 928 117 1143 145; x_wconf 61' lang='lat' dir='ltr'>ucctsssmz</span> <span class='ocrx_word' id='word_1_4' title='bbox 1171 114 1349 143; x_wconf 74' lang='lat' dir='ltr'>cums-11.</span> <span class='ocrx_word' id='word_1_5' title='bbox 1632 104 1702 140; x_wconf 81' lang='lat'>125</span> 
     </span>
    </p>
   </div>
   <div class='ocr_carea' id='block_1_2' title="bbox 187 214 1732 2909">
    <p class='ocr_par' dir='ltr' id='par_1_2' title="bbox 187 214 1714 844">
     <span class='ocr_line' id='line_1_2' title="bbox 240 214 1709 271; baseline -0.002 -16"><span class='ocrx_word' id='word_1_6' title='bbox 240 218 385 256; x_wconf 77' lang='lat' dir='ltr'>Nititur</span> <span class='ocrx_word' id='word_1_7' title='bbox 409 217 624 268; x_wconf 82' lang='lat' dir='ltr'>insignibus</span> <span class='ocrx_word' id='word_1_8' title='bbox 651 224 686 258; x_wconf 89' lang='lat' dir='ltr'>et</span> <span class='ocrx_word' id='word_1_9' title='bbox 713 220 917 271; x_wconf 79' lang='lat' dir='ltr'>perspicuis</span> <span class='ocrx_word' id='word_1_10' title='bbox 943 219 1183 263; x_wconf 77' lang='lat' dir='ltr'>testimoniis,</span> <span class='ocrx_word' id='word_1_11' title='bbox 1210 218 1345 255; x_wconf 84' lang='lat' dir='ltr'>Genes.</span> <span class='ocrx_word' id='word_1_12' title='bbox 1377 217 1420 256; x_wconf 82' lang='lat'>17</span> <span class='ocrx_word' id='word_1_13' title='bbox 1442 228 1521 265; x_wconf 84' lang='lat' dir='ltr'>cap.</span> <span class='ocrx_word' id='word_1_14' title='bbox 1540 218 1575 252; x_wconf 88' lang='lat' dir='ltr'>et</span> <span class='ocrx_word' id='word_1_15' title='bbox 1596 214 1709 252; x_wconf 81' lang='lat' dir='ltr'>Rom.</span> 
     </span>
     <span class='ocr_line' id='line_1_3' title="bbox 187 278 1706 334; baseline -0.005 -13"><span class='ocrx_word' id='word_1_16' title='bbox 187 287 212 321; x_wconf 80' lang='lat'>4</span> <span class='ocrx_word' id='word_1_17' title='bbox 247 296 340 334; x_wconf 90' lang='lat' dir='ltr'>cap.,</span> <span class='ocrx_word' id='word_1_18' title='bbox 374 283 511 333; x_wconf 91' lang='lat' dir='ltr'>quibus</span> <span class='ocrx_word' id='word_1_19' title='bbox 547 283 692 322; x_wconf 90' lang='lat' dir='ltr'>duobus</span> <span class='ocrx_word' id='word_1_20' title='bbox 729 285 820 322; x_wconf 90' lang='lat' dir='ltr'>locis</span> <span class='ocrx_word' id='word_1_21' title='bbox 858 284 1152 322; x_wconf 84' lang='lat' dir='ltr'>circumcisionis</span> <span class='ocrx_word' id='word_1_22' title='bbox 1181 283 1461 319; x_wconf 80' lang='lat' dir='ltr'>Sacramentum</span> <span class='ocrx_word' id='word_1_23' title='bbox 1489 278 1598 317; x_wconf 92' lang='lat' dir='ltr'>nobis</span> <span class='ocrx_word' id='word_1_24' title='bbox 1625 291 1706 326; x_wconf 72' lang='lat' dir='ltr'>gra-</span> 
     </span>
     <span class='ocr_line' id='line_1_4' title="bbox 188 343 1707 399; baseline -0.005 -14"><span class='ocrx_word' id='word_1_25' title='bbox 188 348 295 398; x_wconf 89' lang='lat' dir='ltr'>phice</span> <span class='ocrx_word' id='word_1_26' title='bbox 321 347 557 386; x_wconf 82' lang='lat' dir='ltr'>describitur.</span> <span class='ocrx_word' id='word_1_27' title='bbox 587 349 752 399; x_wconf 80' lang='lat' dir='ltr'><strong>Cumque</strong></span> <span class='ocrx_word' id='word_1_28' title='bbox 781 348 1013 386; x_wconf 80' lang='lat' dir='ltr'>circmncisio</span> <span class='ocrx_word' id='word_1_29' title='bbox 1041 347 1201 398; x_wconf 86' lang='lat' dir='ltr'>primum</span> <span class='ocrx_word' id='word_1_30' title='bbox 1230 346 1352 383; x_wconf 91' lang='lat' dir='ltr'>locum</span> <span class='ocrx_word' id='word_1_31' title='bbox 1379 344 1477 381; x_wconf 89' lang='lat' dir='ltr'>inter</span> <span class='ocrx_word' id='word_1_32' title='bbox 1503 356 1545 381; x_wconf 84' lang='lat' dir='ltr'>ea</span> <span class='ocrx_word' id='word_1_33' title='bbox 1575 343 1707 379; x_wconf 85' lang='lat' dir='ltr'>Sacra-</span> 
     </span>
     <span class='ocr_line' id='line_1_5' title="bbox 188 406 1712 463; baseline -0.005 -13"><span class='ocrx_word' id='word_1_34' title='bbox 188 416 312 450; x_wconf 82' lang='lat' dir='ltr'>menta</span> <span class='ocrx_word' id='word_1_35' title='bbox 347 411 527 457; x_wconf 75' lang='lat' dir='ltr'>obtineat,</span> <span class='ocrx_word' id='word_1_36' title='bbox 565 426 658 463; x_wconf 87' lang='lat' dir='ltr'>quae</span> <span class='ocrx_word' id='word_1_37' title='bbox 696 413 794 450; x_wconf 88' lang='lat' dir='ltr'>Deus</span> <span class='ocrx_word' id='word_1_38' title='bbox 831 413 959 450; x_wconf 87' lang='lat' dir='ltr'>addita</span> <span class='ocrx_word' id='word_1_39' title='bbox 995 412 1125 449; x_wconf 88' lang='lat' dir='ltr'>salutis</span> <span class='ocrx_word' id='word_1_40' title='bbox 1167 410 1382 448; x_wconf 83' lang='lat' dir='ltr'>conditione</span> <span class='ocrx_word' id='word_1_41' title='bbox 1417 409 1457 446; x_wconf 90' lang='lat' dir='ltr'>in</span> <span class='ocrx_word' id='word_1_42' title='bbox 1501 421 1565 446; x_wconf 87' lang='lat' dir='ltr'>sua</span> <span class='ocrx_word' id='word_1_43' title='bbox 1593 406 1712 443; x_wconf 87' lang='lat' dir='ltr'>voluit</span> 
     </span>
     <span class='ocr_line' id='line_1_6' title="bbox 190 474 1709 526; baseline -0.002 -15"><span class='ocrx_word' id='word_1_44' title='bbox 190 475 356 513; x_wconf 82' lang='lat' dir='ltr'>Ecclesia</span> <span class='ocrx_word' id='word_1_45' title='bbox 394 476 605 523; x_wconf 82' lang='lat' dir='ltr'>observari3</span> <span class='ocrx_word' id='word_1_46' title='bbox 635 490 714 514; x_wconf 88' lang='lat' dir='ltr'>cum</span> <span class='ocrx_word' id='word_1_47' title='bbox 752 478 839 514; x_wconf 91' lang='lat' dir='ltr'>item</span> <span class='ocrx_word' id='word_1_48' title='bbox 879 477 1071 514; x_wconf 86' lang='lat' dir='ltr'>Abraham</span> <span class='ocrx_word' id='word_1_49' title='bbox 1105 476 1254 526; x_wconf 81' lang='lat' dir='ltr'>typicus</span> <span class='ocrx_word' id='word_1_50' title='bbox 1299 475 1347 512; x_wconf 86' lang='lat' dir='ltr'>sit</span> <span class='ocrx_word' id='word_1_51' title='bbox 1373 474 1578 512; x_wconf 84' lang='lat' dir='ltr'>etiamnum</span> <span class='ocrx_word' id='word_1_52' title='bbox 1605 476 1709 523; x_wconf 85' lang='lat' dir='ltr'>pater</span> 
     </span>
     <span class='ocr_line' id='line_1_7' title="bbox 189 538 1713 595; baseline -0.003 -19"><span class='ocrx_word' id='word_1_53' title='bbox 189 544 359 576; x_wconf 84' lang='lat' dir='ltr'>nostrum</span> <span class='ocrx_word' id='word_1_54' title='bbox 396 540 575 586; x_wconf 86' lang='lat' dir='ltr'>omnium,</span> <span class='ocrx_word' id='word_1_55' title='bbox 610 541 656 578; x_wconf 84' lang='lat' dir='ltr'>ad</span> <span class='ocrx_word' id='word_1_56' title='bbox 691 541 795 578; x_wconf 90' lang='lat' dir='ltr'>cuius</span> <span class='ocrx_word' id='word_1_57' title='bbox 831 540 1040 590; x_wconf 83' lang='lat' dir='ltr'>exemplum</span> <span class='ocrx_word' id='word_1_58' title='bbox 1075 552 1118 576; x_wconf 87' lang='lat' dir='ltr'>ac</span> <span class='ocrx_word' id='word_1_59' title='bbox 1155 538 1436 576; x_wconf 88' lang='lat' dir='ltr'>similitudinem</span> <span class='ocrx_word' id='word_1_60' title='bbox 1475 538 1713 595; x_wconf 68' lang='lat' dir='ltr'>Sacramenta</span> 
     </span>
     <span class='ocr_line' id='line_1_8' title="bbox 189 599 1712 655; baseline -0.003 -15"><span class='ocrx_word' id='word_1_61' title='bbox 189 607 317 640; x_wconf 87' lang='lat' dir='ltr'>nostra</span> <span class='ocrx_word' id='word_1_62' title='bbox 345 608 383 641; x_wconf 88' lang='lat' dir='ltr'>et</span> <span class='ocrx_word' id='word_1_63' title='bbox 399 617 468 642; x_wconf 92' lang='lat' dir='ltr'>nos</span> <span class='ocrx_word' id='word_1_64' title='bbox 490 604 610 650; x_wconf 87' lang='lat' dir='ltr'>hodie,</span> <span class='ocrx_word' id='word_1_65' title='bbox 629 608 814 655; x_wconf 84' lang='lat' dir='ltr'>quatenus</span> <span class='ocrx_word' id='word_1_66' title='bbox 835 617 962 641; x_wconf 87' lang='lat' dir='ltr'>sumus</span> <span class='ocrx_word' id='word_1_67' title='bbox 982 616 1105 641; x_wconf 88' lang='lat' dir='ltr'>semen</span> <span class='ocrx_word' id='word_1_68' title='bbox 1123 603 1252 653; x_wconf 86' lang='lat' dir='ltr'>ipsius,</span> <span class='ocrx_word' id='word_1_69' title='bbox 1267 602 1522 646; x_wconf 85' lang='lat' dir='ltr'>observamus,</span> <span class='ocrx_word' id='word_1_70' title='bbox 1538 622 1589 629; x_wconf 93' lang='lat'>—</span> <span class='ocrx_word' id='word_1_71' title='bbox 1607 599 1712 650; x_wconf 90' lang='lat' dir='ltr'>equi-</span> 
     </span>
     <span class='ocr_line' id='line_1_9' title="bbox 190 664 1714 718; baseline -0.003 -14"><span class='ocrx_word' id='word_1_72' title='bbox 190 667 273 704; x_wconf 88' lang='lat' dir='ltr'>dem</span> <span class='ocrx_word' id='word_1_73' title='bbox 309 680 352 704; x_wconf 91' lang='lat' dir='ltr'>eo</span> <span class='ocrx_word' id='word_1_74' title='bbox 379 668 616 718; x_wconf 85' lang='lat' dir='ltr'>potissimum</span> <span class='ocrx_word' id='word_1_75' title='bbox 644 669 726 706; x_wconf 91' lang='lat' dir='ltr'>loco</span> <span class='ocrx_word' id='word_1_76' title='bbox 756 669 994 705; x_wconf 79' lang='lat' dir='ltr'>Sacramenta</span> <span class='ocrx_word' id='word_1_77' title='bbox 1021 667 1147 704; x_wconf 84' lang='lat' dir='ltr'>omnia</span> <span class='ocrx_word' id='word_1_78' title='bbox 1174 666 1321 716; x_wconf 82' lang='lat' dir='ltr'>reliqua</span> <span class='ocrx_word' id='word_1_79' title='bbox 1348 666 1388 704; x_wconf 91' lang='lat' dir='ltr'>in</span> <span class='ocrx_word' id='word_1_80' title='bbox 1415 679 1458 703; x_wconf 88' lang='lat' dir='ltr'>eo</span> <span class='ocrx_word' id='word_1_81' title='bbox 1485 677 1620 714; x_wconf 84' lang='lat' dir='ltr'>genere</span> <span class='ocrx_word' id='word_1_82' title='bbox 1647 664 1714 700; x_wconf 85' lang='lat' dir='ltr'>ha-</span> 
     </span>
     <span class='ocr_line' id='line_1_10' title="bbox 191 730 1714 784; baseline -0.002 -15"><span class='ocrx_word' id='word_1_83' title='bbox 191 733 276 770; x_wconf 86' lang='lat' dir='ltr'>bere</span> <span class='ocrx_word' id='word_1_84' title='bbox 327 733 516 778; x_wconf 88' lang='lat' dir='ltr'>debemus,</span> <span class='ocrx_word' id='word_1_85' title='bbox 562 747 635 784; x_wconf 91' lang='lat' dir='ltr'>quo</span> <span class='ocrx_word' id='word_1_86' title='bbox 678 734 743 771; x_wconf 88' lang='lat' dir='ltr'>illa</span> <span class='ocrx_word' id='word_1_87' title='bbox 787 733 870 770; x_wconf 90' lang='lat' dir='ltr'>loco</span> <span class='ocrx_word' id='word_1_88' title='bbox 905 732 1032 782; x_wconf 88' lang='lat' dir='ltr'>typico</span> <span class='ocrx_word' id='word_1_89' title='bbox 1069 731 1172 768; x_wconf 83' lang='lat' dir='ltr'>Patri</span> <span class='ocrx_word' id='word_1_90' title='bbox 1207 736 1336 769; x_wconf 87' lang='lat' dir='ltr'>nostro</span> <span class='ocrx_word' id='word_1_91' title='bbox 1374 731 1550 768; x_wconf 79' lang='lat' dir='ltr'>Abrahae</span> <span class='ocrx_word' id='word_1_92' title='bbox 1586 730 1714 767; x_wconf 84' lang='lat' dir='ltr'>habita</span> 
     </span>
     <span class='ocr_line' id='line_1_11' title="bbox 190 795 1304 844; baseline -0.001 -10"><span class='ocrx_word' id='word_1_93' title='bbox 190 796 305 834; x_wconf 86' lang='lat' dir='ltr'>fnisse</span> <span class='ocrx_word' id='word_1_94' title='bbox 332 810 376 834; x_wconf 83' lang='lat' dir='ltr'>ex</span> <span class='ocrx_word' id='word_1_95' title='bbox 407 797 506 835; x_wconf 91' lang='lat' dir='ltr'>Mosi</span> <span class='ocrx_word' id='word_1_96' title='bbox 533 802 569 835; x_wconf 87' lang='lat' dir='ltr'>et</span> <span class='ocrx_word' id='word_1_97' title='bbox 595 798 701 835; x_wconf 87' lang='lat' dir='ltr'>Pauli</span> <span class='ocrx_word' id='word_1_98' title='bbox 727 796 943 835; x_wconf 84' lang='lat' dir='ltr'>testimonio</span> <span class='ocrx_word' id='word_1_99' title='bbox 971 808 1045 833; x_wconf 92' lang='lat' dir='ltr'>non</span> <span class='ocrx_word' id='word_1_100' title='bbox 1074 795 1304 844; x_wconf 79' lang='lat' dir='ltr'>ignoramus.</span> 
     </span>
    </p>

    <p class='ocr_par' dir='ltr' id='par_1_3' title="bbox 191 858 1722 1347">
     <span class='ocr_line' id='line_1_12' title="bbox 241 858 1715 910; baseline -0.003 -12"><span class='ocrx_word' id='word_1_101' title='bbox 241 861 322 898; x_wconf 87' lang='lat' dir='ltr'>Iam</span> <span class='ocrx_word' id='word_1_102' title='bbox 364 875 449 899; x_wconf 85' lang='lat' dir='ltr'>vero</span> <span class='ocrx_word' id='word_1_103' title='bbox 487 867 523 899; x_wconf 87' lang='lat' dir='ltr'>et</span> <span class='ocrx_word' id='word_1_104' title='bbox 562 861 686 900; x_wconf 88' lang='lat' dir='ltr'>Moses</span> <span class='ocrx_word' id='word_1_105' title='bbox 722 865 757 899; x_wconf 92' lang='lat' dir='ltr'>et</span> <span class='ocrx_word' id='word_1_106' title='bbox 791 861 942 906; x_wconf 86' lang='lat' dir='ltr'>Paulus,</span> <span class='ocrx_word' id='word_1_107' title='bbox 977 860 1066 896; x_wconf 90' lang='lat' dir='ltr'>dnm</span> <span class='ocrx_word' id='word_1_108' title='bbox 1103 859 1243 910; x_wconf 90' lang='lat' dir='ltr'>duplici</span> <span class='ocrx_word' id='word_1_109' title='bbox 1278 859 1388 896; x_wconf 84' lang='lat' dir='ltr'>titulo</span> <span class='ocrx_word' id='word_1_110' title='bbox 1427 862 1562 896; x_wconf 91' lang='lat' dir='ltr'>ornant</span> <span class='ocrx_word' id='word_1_111' title='bbox 1596 858 1715 908; x_wconf 82' lang='lat' dir='ltr'>ipsam</span> 
     </span>
     <span class='ocr_line' id='line_1_13' title="bbox 191 923 1717 975; baseline -0.003 -12"><span class='ocrx_word' id='word_1_112' title='bbox 191 925 525 969; x_wconf 78' lang='lat' dir='ltr'>circumcisionem,</span> <span class='ocrx_word' id='word_1_113' title='bbox 571 926 662 963; x_wconf 87' lang='lat' dir='ltr'>duas</span> <span class='ocrx_word' id='word_1_114' title='bbox 716 925 817 963; x_wconf 89' lang='lat' dir='ltr'>illius</span> <span class='ocrx_word' id='word_1_115' title='bbox 860 929 984 975; x_wconf 90' lang='lat' dir='ltr'>partes</span> <span class='ocrx_word' id='word_1_116' title='bbox 1024 924 1135 961; x_wconf 87' lang='lat' dir='ltr'>etiam</span> <span class='ocrx_word' id='word_1_117' title='bbox 1172 937 1249 961; x_wconf 90' lang='lat' dir='ltr'>non</span> <span class='ocrx_word' id='word_1_118' title='bbox 1286 923 1444 961; x_wconf 86' lang='lat' dir='ltr'>obscure</span> <span class='ocrx_word' id='word_1_119' title='bbox 1491 923 1717 960; x_wconf 88' lang='lat' dir='ltr'>constituere</span> 
     </span>
     <span class='ocr_line' id='line_1_14' title="bbox 192 988 1716 1038; baseline -0.002 -11"><span class='ocrx_word' id='word_1_120' title='bbox 192 991 379 1029; x_wconf 85' lang='lat' dir='ltr'>videntur.</span> <span class='ocrx_word' id='word_1_121' title='bbox 435 991 560 1028; x_wconf 86' lang='lat' dir='ltr'>Moses</span> <span class='ocrx_word' id='word_1_122' title='bbox 603 990 706 1027; x_wconf 89' lang='lat' dir='ltr'>illam</span> <span class='ocrx_word' id='word_1_123' title='bbox 741 994 848 1027; x_wconf 84' lang='lat' dir='ltr'>vocat</span> <span class='ocrx_word' id='word_1_124' title='bbox 885 993 920 1027; x_wconf 90' lang='lat' dir='ltr'>et</span> <span class='ocrx_word' id='word_1_125' title='bbox 957 989 1107 1038; x_wconf 85' lang='lat' dir='ltr'>signum</span> <span class='ocrx_word' id='word_1_126' title='bbox 1143 988 1302 1026; x_wconf 86' lang='lat' dir='ltr'>foederis</span> <span class='ocrx_word' id='word_1_127' title='bbox 1338 993 1374 1025; x_wconf 86' lang='lat' dir='ltr'>et</span> <span class='ocrx_word' id='word_1_128' title='bbox 1414 988 1544 1026; x_wconf 88' lang='lat' dir='ltr'>foedus</span> <span class='ocrx_word' id='word_1_129' title='bbox 1580 988 1716 1038; x_wconf 87' lang='lat' dir='ltr'>ipsum.</span> 
     </span>
     <span class='ocr_line' id='line_1_15' title="bbox 192 1052 1719 1103; baseline -0.001 -11"><span class='ocrx_word' id='word_1_130' title='bbox 192 1056 329 1093; x_wconf 87' lang='lat' dir='ltr'>Paulus</span> <span class='ocrx_word' id='word_1_131' title='bbox 356 1069 442 1093; x_wconf 89' lang='lat' dir='ltr'>vero</span> <span class='ocrx_word' id='word_1_132' title='bbox 470 1056 573 1093; x_wconf 85' lang='lat' dir='ltr'>illam</span> <span class='ocrx_word' id='word_1_133' title='bbox 600 1056 684 1103; x_wconf 89' lang='lat' dir='ltr'>(fol.</span> <span class='ocrx_word' id='word_1_134' title='bbox 713 1056 798 1102; x_wconf 76' lang='lat' dir='ltr'>12b)</span> <span class='ocrx_word' id='word_1_135' title='bbox 826 1059 862 1092; x_wconf 89' lang='lat' dir='ltr'>et</span> <span class='ocrx_word' id='word_1_136' title='bbox 890 1054 1039 1103; x_wconf 86' lang='lat' dir='ltr'>signum</span> <span class='ocrx_word' id='word_1_137' title='bbox 1067 1058 1103 1091; x_wconf 87' lang='lat' dir='ltr'>et</span> <span class='ocrx_word' id='word_1_138' title='bbox 1130 1053 1418 1102; x_wconf 80' lang='lat' dir='ltr'>obsignaculum</span> <span class='ocrx_word' id='word_1_139' title='bbox 1444 1053 1608 1090; x_wconf 85' lang='lat' dir='ltr'>iustitiae</span> <span class='ocrx_word' id='word_1_140' title='bbox 1631 1052 1719 1090; x_wconf 86' lang='lat' dir='ltr'>fidei</span> 
     </span>
     <span class='ocr_line' id='line_1_16' title="bbox 192 1116 1718 1168; baseline -0.001 -12"><span class='ocrx_word' id='word_1_141' title='bbox 192 1119 367 1157; x_wconf 84' lang='lat' dir='ltr'>Abrahae</span> <span class='ocrx_word' id='word_1_142' title='bbox 404 1119 518 1156; x_wconf 89' lang='lat' dir='ltr'>fuisse</span> <span class='ocrx_word' id='word_1_143' title='bbox 554 1119 675 1157; x_wconf 86' lang='lat' dir='ltr'>docet.</span> <span class='ocrx_word' id='word_1_144' title='bbox 729 1119 861 1168; x_wconf 88' lang='lat' dir='ltr'>Neque</span> <span class='ocrx_word' id='word_1_145' title='bbox 898 1117 1055 1155; x_wconf 90' lang='lat' dir='ltr'>dubium</span> <span class='ocrx_word' id='word_1_146' title='bbox 1082 1121 1137 1155; x_wconf 89' lang='lat' dir='ltr'>est</span> <span class='ocrx_word' id='word_1_147' title='bbox 1164 1117 1295 1155; x_wconf 90' lang='lat' dir='ltr'>eodem</span> <span class='ocrx_word' id='word_1_148' title='bbox 1323 1130 1435 1154; x_wconf 90' lang='lat' dir='ltr'>sensu</span> <span class='ocrx_word' id='word_1_149' title='bbox 1462 1131 1482 1154; x_wconf 87' lang='lat' dir='ltr'>a</span> <span class='ocrx_word' id='word_1_150' title='bbox 1512 1116 1617 1154; x_wconf 92' lang='lat' dir='ltr'>Mose</span> <span class='ocrx_word' id='word_1_151' title='bbox 1646 1117 1718 1154; x_wconf 90' lang='lat' dir='ltr'>cir-</span> 
     </span>
     <span class='ocr_line' id='line_1_17' title="bbox 192 1181 1719 1232; baseline -0.001 -12"><span class='ocrx_word' id='word_1_152' title='bbox 192 1184 458 1221; x_wconf 87' lang='lat' dir='ltr'>cumcisionem</span> <span class='ocrx_word' id='word_1_153' title='bbox 494 1183 619 1220; x_wconf 90' lang='lat' dir='ltr'>vocari</span> <span class='ocrx_word' id='word_1_154' title='bbox 654 1186 690 1221; x_wconf 88' lang='lat' dir='ltr'>et</span> <span class='ocrx_word' id='word_1_155' title='bbox 726 1182 877 1231; x_wconf 86' lang='lat' dir='ltr'>signum</span> <span class='ocrx_word' id='word_1_156' title='bbox 913 1182 1074 1219; x_wconf 87' lang='lat' dir='ltr'>foederis</span> <span class='ocrx_word' id='word_1_157' title='bbox 1102 1186 1138 1219; x_wconf 88' lang='lat' dir='ltr'>et</span> <span class='ocrx_word' id='word_1_158' title='bbox 1173 1181 1305 1219; x_wconf 85' lang='lat' dir='ltr'>foedus</span> <span class='ocrx_word' id='word_1_159' title='bbox 1341 1181 1476 1232; x_wconf 91' lang='lat' dir='ltr'>ipsum,</span> <span class='ocrx_word' id='word_1_160' title='bbox 1502 1194 1576 1231; x_wconf 90' lang='lat' dir='ltr'>quo</span> <span class='ocrx_word' id='word_1_161' title='bbox 1605 1192 1719 1218; x_wconf 86' lang='lat' dir='ltr'>sensu</span> 
     </span>
     <span class='ocr_line' id='line_1_18' title="bbox 191 1244 1722 1295; baseline -0.002 -10"><span class='ocrx_word' id='word_1_162' title='bbox 191 1262 212 1285; x_wconf 82' lang='lat' dir='ltr'>a</span> <span class='ocrx_word' id='word_1_163' title='bbox 241 1247 356 1285; x_wconf 85' lang='lat' dir='ltr'>Paulo</span> <span class='ocrx_word' id='word_1_164' title='bbox 400 1251 436 1285; x_wconf 88' lang='lat' dir='ltr'>et</span> <span class='ocrx_word' id='word_1_165' title='bbox 472 1246 622 1295; x_wconf 87' lang='lat' dir='ltr'>signum</span> <span class='ocrx_word' id='word_1_166' title='bbox 665 1250 701 1284; x_wconf 89' lang='lat' dir='ltr'>et</span> <span class='ocrx_word' id='word_1_167' title='bbox 745 1246 1035 1295; x_wconf 85' lang='lat' dir='ltr'>obsignaculum</span> <span class='ocrx_word' id='word_1_168' title='bbox 1074 1245 1239 1283; x_wconf 85' lang='lat' dir='ltr'>iustitiae</span> <span class='ocrx_word' id='word_1_169' title='bbox 1274 1245 1362 1283; x_wconf 89' lang='lat' dir='ltr'>fidei</span> <span class='ocrx_word' id='word_1_170' title='bbox 1397 1244 1572 1283; x_wconf 85' lang='lat' dir='ltr'>Abrahae</span> <span class='ocrx_word' id='word_1_171' title='bbox 1608 1245 1722 1283; x_wconf 87' lang='lat' dir='ltr'>fuisse</span> 
     </span>
     <span class='ocr_line' id='line_1_19' title="bbox 194 1310 360 1347; baseline 0.006 -1"><span class='ocrx_word' id='word_1_172' title='bbox 194 1310 360 1347; x_wconf 88' lang='lat' dir='ltr'>docetur.</span> 
     </span>
    </p>

    <p class='ocr_par' dir='ltr' id='par_1_4' title="bbox 191 1372 1729 2266">
     <span class='ocr_line' id='line_1_20' title="bbox 244 1372 1722 1418; baseline 0.001 -9"><span class='ocrx_word' id='word_1_173' title='bbox 244 1375 295 1410; x_wconf 91' lang='lat' dir='ltr'>At</span> <span class='ocrx_word' id='word_1_174' title='bbox 331 1384 417 1410; x_wconf 87' lang='lat' dir='ltr'>vero</span> <span class='ocrx_word' id='word_1_175' title='bbox 454 1372 593 1410; x_wconf 85' lang='lat' dir='ltr'>Paulus</span> <span class='ocrx_word' id='word_1_176' title='bbox 634 1373 770 1411; x_wconf 84' lang='lat' dir='ltr'>diserte</span> <span class='ocrx_word' id='word_1_177' title='bbox 807 1373 926 1418; x_wconf 87' lang='lat' dir='ltr'>docet,</span> <span class='ocrx_word' id='word_1_178' title='bbox 952 1373 1213 1411; x_wconf 84' lang='lat' dir='ltr'>Abrahamum</span> <span class='ocrx_word' id='word_1_179' title='bbox 1240 1373 1382 1411; x_wconf 90' lang='lat' dir='ltr'>iustum</span> <span class='ocrx_word' id='word_1_180' title='bbox 1410 1374 1524 1412; x_wconf 87' lang='lat' dir='ltr'>fuisse</span> <span class='ocrx_word' id='word_1_181' title='bbox 1552 1374 1722 1412; x_wconf 88' lang='lat' dir='ltr'>habitum</span> 
     </span>
     <span class='ocr_line' id='line_1_21' title="bbox 191 1436 1723 1488; baseline 0.001 -14"><span class='ocrx_word' id='word_1_182' title='bbox 191 1436 290 1488; x_wconf 89' lang='lat' dir='ltr'>apud</span> <span class='ocrx_word' id='word_1_183' title='bbox 318 1436 439 1474; x_wconf 88' lang='lat' dir='ltr'>Deum</span> <span class='ocrx_word' id='word_1_184' title='bbox 465 1436 577 1474; x_wconf 87' lang='lat' dir='ltr'>etiam</span> <span class='ocrx_word' id='word_1_185' title='bbox 602 1442 689 1475; x_wconf 89' lang='lat' dir='ltr'>ante</span> <span class='ocrx_word' id='word_1_186' title='bbox 718 1437 1052 1477; x_wconf 84' lang='lat' dir='ltr'>circumcisionem.</span> <span class='ocrx_word' id='word_1_187' title='bbox 1102 1437 1151 1475; x_wconf 86' lang='lat' dir='ltr'>Et</span> <span class='ocrx_word' id='word_1_188' title='bbox 1178 1438 1356 1488; x_wconf 89' lang='lat' dir='ltr'>quoniam</span> <span class='ocrx_word' id='word_1_189' title='bbox 1384 1438 1474 1476; x_wconf 86' lang='lat' dir='ltr'>haec</span> <span class='ocrx_word' id='word_1_190' title='bbox 1499 1439 1587 1476; x_wconf 85' lang='lat' dir='ltr'>talis</span> <span class='ocrx_word' id='word_1_191' title='bbox 1614 1439 1723 1476; x_wconf 89' lang='lat' dir='ltr'>iusti-</span> 
     </span>
     <span class='ocr_line' id='line_1_22' title="bbox 191 1501 1725 1552; baseline 0.001 -13"><span class='ocrx_word' id='word_1_192' title='bbox 191 1501 243 1539; x_wconf 87' lang='lat' dir='ltr'>tia</span> <span class='ocrx_word' id='word_1_193' title='bbox 270 1501 343 1539; x_wconf 89' lang='lat' dir='ltr'>fide</span> <span class='ocrx_word' id='word_1_194' title='bbox 379 1506 521 1540; x_wconf 81' lang='lat' dir='ltr'>nostra-</span> <span class='ocrx_word' id='word_1_195' title='bbox 544 1502 760 1552; x_wconf 82' lang='lat' dir='ltr'>agnoscitur</span> <span class='ocrx_word' id='word_1_196' title='bbox 788 1503 948 1540; x_wconf 87' lang='lat' dir='ltr'>sentitur</span> <span class='ocrx_word' id='word_1_197' title='bbox 976 1507 1011 1540; x_wconf 90' lang='lat' dir='ltr'>et</span> <span class='ocrx_word' id='word_1_198' title='bbox 1037 1502 1239 1549; x_wconf 81' lang='lat' dir='ltr'>retinetur3</span> <span class='ocrx_word' id='word_1_199' title='bbox 1267 1503 1359 1540; x_wconf 91' lang='lat' dir='ltr'>fides</span> <span class='ocrx_word' id='word_1_200' title='bbox 1387 1516 1472 1541; x_wconf 88' lang='lat' dir='ltr'>vero</span> <span class='ocrx_word' id='word_1_201' title='bbox 1501 1503 1541 1541; x_wconf 86' lang='lat' dir='ltr'>in</span> <span class='ocrx_word' id='word_1_202' title='bbox 1570 1508 1725 1541; x_wconf 87' lang='lat' dir='ltr'>naturae</span> 
     </span>
     <span class='ocr_line' id='line_1_23' title="bbox 193 1567 1725 1619; baseline 0.001 -15"><span class='ocrx_word' id='word_1_203' title='bbox 193 1571 343 1605; x_wconf 85' lang='lat' dir='ltr'>nostrae</span> <span class='ocrx_word' id='word_1_204' title='bbox 370 1567 579 1618; x_wconf 85' lang='lat' dir='ltr'>corruptela</span> <span class='ocrx_word' id='word_1_205' title='bbox 607 1568 713 1605; x_wconf 88' lang='lat' dir='ltr'>firma</span> <span class='ocrx_word' id='word_1_206' title='bbox 742 1581 884 1618; x_wconf 87' lang='lat' dir='ltr'>semper</span> <span class='ocrx_word' id='word_1_207' title='bbox 910 1581 953 1605; x_wconf 83' lang='lat' dir='ltr'>ac</span> <span class='ocrx_word' id='word_1_208' title='bbox 980 1568 1098 1606; x_wconf 90' lang='lat' dir='ltr'>solida</span> <span class='ocrx_word' id='word_1_209' title='bbox 1127 1582 1206 1606; x_wconf 90' lang='lat' dir='ltr'>esse</span> <span class='ocrx_word' id='word_1_210' title='bbox 1233 1581 1308 1606; x_wconf 92' lang='lat' dir='ltr'>non</span> <span class='ocrx_word' id='word_1_211' title='bbox 1336 1572 1471 1619; x_wconf 89' lang='lat' dir='ltr'>potest,</span> <span class='ocrx_word' id='word_1_212' title='bbox 1487 1590 1539 1597; x_wconf 91' lang='lat'><strong>—</strong></span> <span class='ocrx_word' id='word_1_213' title='bbox 1557 1569 1725 1606; x_wconf 84' lang='lat' dir='ltr'>additam</span> 
     </span>
     <span class='ocr_line' id='line_1_24' title="bbox 192 1632 1726 1685; baseline 0.001 -15"><span class='ocrx_word' id='word_1_214' title='bbox 192 1646 271 1670; x_wconf 91' lang='lat' dir='ltr'>esse</span> <span class='ocrx_word' id='word_1_215' title='bbox 297 1632 349 1670; x_wconf 87' lang='lat' dir='ltr'>ait</span> <span class='ocrx_word' id='word_1_216' title='bbox 375 1633 514 1670; x_wconf 90' lang='lat' dir='ltr'>Paulus</span> <span class='ocrx_word' id='word_1_217' title='bbox 551 1633 727 1671; x_wconf 79' lang='lat' dir='ltr'>Abrahae</span> <span class='ocrx_word' id='word_1_218' title='bbox 755 1633 826 1684; x_wconf 91' lang='lat' dir='ltr'>ipsi</span> <span class='ocrx_word' id='word_1_219' title='bbox 852 1637 889 1671; x_wconf 89' lang='lat' dir='ltr'>et</span> <span class='ocrx_word' id='word_1_220' title='bbox 916 1633 995 1671; x_wconf 89' lang='lat' dir='ltr'>eius</span> <span class='ocrx_word' id='word_1_221' title='bbox 1024 1633 1158 1671; x_wconf 88' lang='lat' dir='ltr'>semini</span> <span class='ocrx_word' id='word_1_222' title='bbox 1186 1633 1521 1679; x_wconf 86' lang='lat' dir='ltr'>circumcisionem,</span> <span class='ocrx_word' id='word_1_223' title='bbox 1548 1647 1642 1685; x_wconf 82' lang='lat' dir='ltr'>quae</span> <span class='ocrx_word' id='word_1_224' title='bbox 1669 1634 1726 1671; x_wconf 91' lang='lat' dir='ltr'>illi</span> 
     </span>
     <span class='ocr_line' id='line_1_25' title="bbox 193 1697 1727 1749; baseline 0.001 -15"><span class='ocrx_word' id='word_1_225' title='bbox 193 1710 270 1734; x_wconf 90' lang='lat' dir='ltr'>non</span> <span class='ocrx_word' id='word_1_226' title='bbox 296 1701 444 1734; x_wconf 89' lang='lat' dir='ltr'>tantum</span> <span class='ocrx_word' id='word_1_227' title='bbox 471 1701 567 1735; x_wconf 88' lang='lat' dir='ltr'>esset</span> <span class='ocrx_word' id='word_1_228' title='bbox 594 1697 744 1747; x_wconf 88' lang='lat' dir='ltr'>signum</span> <span class='ocrx_word' id='word_1_229' title='bbox 771 1697 850 1735; x_wconf 86' lang='lat' dir='ltr'>eius</span> <span class='ocrx_word' id='word_1_230' title='bbox 877 1697 995 1748; x_wconf 89' lang='lat' dir='ltr'>ipsius</span> <span class='ocrx_word' id='word_1_231' title='bbox 1022 1698 1199 1744; x_wconf 82' lang='lat' dir='ltr'>iustitiae,</span> <span class='ocrx_word' id='word_1_232' title='bbox 1234 1711 1306 1748; x_wconf 90' lang='lat' dir='ltr'>qua</span> <span class='ocrx_word' id='word_1_233' title='bbox 1331 1697 1453 1736; x_wconf 86' lang='lat' dir='ltr'>iustus</span> <span class='ocrx_word' id='word_1_234' title='bbox 1480 1698 1579 1749; x_wconf 84' lang='lat' dir='ltr'>apud</span> <span class='ocrx_word' id='word_1_235' title='bbox 1605 1698 1727 1736; x_wconf 84' lang='lat' dir='ltr'>Deum</span> 
     </span>
     <span class='ocr_line' id='line_1_26' title="bbox 196 1760 1727 1814; baseline 0.002 -17"><span class='ocrx_word' id='word_1_236' title='bbox 196 1760 345 1798; x_wconf 83' lang='lat' dir='ltr'>habitus</span> <span class='ocrx_word' id='word_1_237' title='bbox 371 1764 469 1808; x_wconf 87' lang='lat' dir='ltr'>erat;</span> <span class='ocrx_word' id='word_1_238' title='bbox 498 1762 606 1811; x_wconf 88' lang='lat' dir='ltr'>quasi</span> <span class='ocrx_word' id='word_1_239' title='bbox 633 1761 776 1800; x_wconf 88' lang='lat' dir='ltr'>iustitia</span> <span class='ocrx_word' id='word_1_240' title='bbox 804 1762 867 1799; x_wconf 89' lang='lat' dir='ltr'>illa</span> <span class='ocrx_word' id='word_1_241' title='bbox 894 1762 942 1799; x_wconf 85' lang='lat' dir='ltr'>ad</span> <span class='ocrx_word' id='word_1_242' title='bbox 968 1762 1062 1800; x_wconf 92' lang='lat' dir='ltr'>illud</span> <span class='ocrx_word' id='word_1_243' title='bbox 1091 1762 1272 1800; x_wconf 79' lang='lat' dir='ltr'>duntaxat</span> <span class='ocrx_word' id='word_1_244' title='bbox 1298 1766 1457 1813; x_wconf 88' lang='lat' dir='ltr'>tempus,</span> <span class='ocrx_word' id='word_1_245' title='bbox 1475 1776 1548 1814; x_wconf 90' lang='lat' dir='ltr'>quo</span> <span class='ocrx_word' id='word_1_246' title='bbox 1566 1764 1727 1814; x_wconf 89' lang='lat' dir='ltr'>primum</span> 
     </span>
     <span class='ocr_line' id='line_1_27' title="bbox 195 1824 1729 1877; baseline 0.004 -17"><span class='ocrx_word' id='word_1_247' title='bbox 195 1824 315 1862; x_wconf 86' lang='lat' dir='ltr'>iustus</span> <span class='ocrx_word' id='word_1_248' title='bbox 356 1825 507 1863; x_wconf 87' lang='lat' dir='ltr'>habitus</span> <span class='ocrx_word' id='word_1_249' title='bbox 534 1826 668 1871; x_wconf 85' lang='lat' dir='ltr'>fuerat,</span> <span class='ocrx_word' id='word_1_250' title='bbox 694 1826 945 1877; x_wconf 84' lang='lat' dir='ltr'>pertinuisset,</span> <span class='ocrx_word' id='word_1_251' title='bbox 974 1827 1036 1864; x_wconf 88' lang='lat' dir='ltr'>sed</span> <span class='ocrx_word' id='word_1_252' title='bbox 1065 1827 1178 1865; x_wconf 89' lang='lat' dir='ltr'>etiam</span> <span class='ocrx_word' id='word_1_253' title='bbox 1207 1832 1344 1865; x_wconf 89' lang='lat' dir='ltr'>certum</span> <span class='ocrx_word' id='word_1_254' title='bbox 1373 1828 1658 1876; x_wconf 73' lang='lat' dir='ltr'>obsignaculum</span> <span class='ocrx_word' id='word_1_255' title='bbox 1687 1829 1729 1866; x_wconf 88' lang='lat' dir='ltr'>in</span> 
     </span>
     <span class='ocr_line' id='line_1_28' title="bbox 196 1889 1728 1943; baseline 0.003 -17"><span class='ocrx_word' id='word_1_256' title='bbox 196 1889 320 1927; x_wconf 88' lang='lat' dir='ltr'>animo</span> <span class='ocrx_word' id='word_1_257' title='bbox 357 1890 485 1940; x_wconf 86' lang='lat' dir='ltr'>ipsius,</span> <span class='ocrx_word' id='word_1_258' title='bbox 521 1904 595 1941; x_wconf 90' lang='lat' dir='ltr'>quo</span> <span class='ocrx_word' id='word_1_259' title='bbox 631 1891 709 1942; x_wconf 90' lang='lat' dir='ltr'>ipse</span> <span class='ocrx_word' id='word_1_260' title='bbox 744 1891 918 1930; x_wconf 87' lang='lat' dir='ltr'>videlicet</span> <span class='ocrx_word' id='word_1_261' title='bbox 946 1905 1021 1929; x_wconf 87' lang='lat' dir='ltr'>una</span> <span class='ocrx_word' id='word_1_262' title='bbox 1049 1904 1131 1929; x_wconf 90' lang='lat' dir='ltr'>cum</span> <span class='ocrx_word' id='word_1_263' title='bbox 1161 1905 1226 1929; x_wconf 86' lang='lat' dir='ltr'>sua</span> <span class='ocrx_word' id='word_1_264' title='bbox 1254 1892 1409 1938; x_wconf 83' lang='lat' dir='ltr'>familia,</span> <span class='ocrx_word' id='word_1_265' title='bbox 1435 1896 1567 1930; x_wconf 88' lang='lat' dir='ltr'>autore</span> <span class='ocrx_word' id='word_1_266' title='bbox 1594 1893 1728 1943; x_wconf 89' lang='lat' dir='ltr'>spiritu</span> 
     </span>
     <span class='ocr_line' id='line_1_29' title="bbox 197 1954 1728 2008; baseline 0.004 -18"><span class='ocrx_word' id='word_1_267' title='bbox 197 1957 340 2000; x_wconf 86' lang='lat' dir='ltr'>sancto,</span> <span class='ocrx_word' id='word_1_268' title='bbox 372 1954 412 1992; x_wconf 90' lang='lat' dir='ltr'>in</span> <span class='ocrx_word' id='word_1_269' title='bbox 447 1954 520 1992; x_wconf 86' lang='lat' dir='ltr'>fide</span> <span class='ocrx_word' id='word_1_270' title='bbox 556 1955 635 1993; x_wconf 88' lang='lat' dir='ltr'>eius</span> <span class='ocrx_word' id='word_1_271' title='bbox 670 1955 789 2006; x_wconf 87' lang='lat' dir='ltr'>ipsius</span> <span class='ocrx_word' id='word_1_272' title='bbox 824 1955 990 1994; x_wconf 85' lang='lat' dir='ltr'>iustitiae</span> <span class='ocrx_word' id='word_1_273' title='bbox 1023 1956 1307 2007; x_wconf 83' lang='lat' dir='ltr'>obsignaretur3</span> <span class='ocrx_word' id='word_1_274' title='bbox 1346 1971 1441 2008; x_wconf 87' lang='lat' dir='ltr'>quae</span> <span class='ocrx_word' id='word_1_275' title='bbox 1476 1971 1552 1996; x_wconf 91' lang='lat' dir='ltr'>non</span> <span class='ocrx_word' id='word_1_276' title='bbox 1580 1962 1728 1996; x_wconf 86' lang='lat' dir='ltr'>tantum</span> 
     </span>
     <span class='ocr_line' id='line_1_30' title="bbox 197 2019 1725 2074; baseline 0.004 -18"><span class='ocrx_word' id='word_1_277' title='bbox 197 2031 239 2056; x_wconf 88' lang='lat' dir='ltr'>co</span> <span class='ocrx_word' id='word_1_278' title='bbox 268 2024 434 2068; x_wconf 89' lang='lat' dir='ltr'>tempore</span> <span class='ocrx_word' id='word_1_279' title='bbox 459 2019 506 2056; x_wconf 87' lang='lat' dir='ltr'>ad</span> <span class='ocrx_word' id='word_1_280' title='bbox 533 2019 657 2070; x_wconf 89' lang='lat' dir='ltr'>ipsum</span> <span class='ocrx_word' id='word_1_281' title='bbox 683 2020 937 2070; x_wconf 87' lang='lat' dir='ltr'>pertinuisset,</span> <span class='ocrx_word' id='word_1_282' title='bbox 965 2034 1038 2071; x_wconf 91' lang='lat' dir='ltr'>quo</span> <span class='ocrx_word' id='word_1_283' title='bbox 1065 2022 1229 2072; x_wconf 86' lang='lat' dir='ltr'>primum</span> <span class='ocrx_word' id='word_1_284' title='bbox 1255 2022 1378 2060; x_wconf 92' lang='lat' dir='ltr'>iustus</span> <span class='ocrx_word' id='word_1_285' title='bbox 1406 2027 1599 2074; x_wconf 87' lang='lat' dir='ltr'>reputatus</span> <span class='ocrx_word' id='word_1_286' title='bbox 1618 2029 1725 2071; x_wconf 88' lang='lat' dir='ltr'>esset,</span> 
     </span>
     <span class='ocr_line' id='line_1_31' title="bbox 198 2083 1727 2140; baseline 0.003 -19"><span class='ocrx_word' id='word_1_287' title='bbox 198 2083 262 2121; x_wconf 87' lang='lat' dir='ltr'>sed</span> <span class='ocrx_word' id='word_1_288' title='bbox 300 2096 441 2133; x_wconf 78' lang='lat' dir='ltr'>semper</span> <span class='ocrx_word' id='word_1_289' title='bbox 475 2083 588 2121; x_wconf 88' lang='lat' dir='ltr'>etiam</span> <span class='ocrx_word' id='word_1_290' title='bbox 623 2097 662 2121; x_wconf 89' lang='lat' dir='ltr'>re</span> <span class='ocrx_word' id='word_1_291' title='bbox 689 2097 773 2122; x_wconf 85' lang='lat' dir='ltr'>vera</span> <span class='ocrx_word' id='word_1_292' title='bbox 801 2085 1013 2135; x_wconf 84' lang='lat' dir='ltr'>pertineret,</span> <span class='ocrx_word' id='word_1_293' title='bbox 1039 2087 1206 2137; x_wconf 84' lang='lat' dir='ltr'>adeoque</span> <span class='ocrx_word' id='word_1_294' title='bbox 1233 2091 1269 2124; x_wconf 89' lang='lat' dir='ltr'>et</span> <span class='ocrx_word' id='word_1_295' title='bbox 1295 2086 1341 2124; x_wconf 88' lang='lat' dir='ltr'>ad</span> <span class='ocrx_word' id='word_1_296' title='bbox 1368 2087 1584 2125; x_wconf 83' lang='lat' dir='ltr'>universum</span> <span class='ocrx_word' id='word_1_297' title='bbox 1610 2090 1727 2140; x_wconf 90' lang='lat' dir='ltr'>ipsius</span> 
     </span>
     <span class='ocr_line' id='line_1_32' title="bbox 199 2149 1727 2201; baseline 0.003 -14"><span class='ocrx_word' id='word_1_298' title='bbox 199 2162 323 2187; x_wconf 89' lang='lat' dir='ltr'>semen</span> <span class='ocrx_word' id='word_1_299' title='bbox 360 2149 400 2186; x_wconf 90' lang='lat' dir='ltr'>in</span> <span class='ocrx_word' id='word_1_300' title='bbox 437 2152 630 2186; x_wconf 84' lang='lat' dir='ltr'>aeternum</span> <span class='ocrx_word' id='word_1_301' title='bbox 675 2149 859 2199; x_wconf 88' lang='lat' dir='ltr'>pertinere</span> <span class='ocrx_word' id='word_1_302' title='bbox 893 2150 1055 2193; x_wconf 89' lang='lat' dir='ltr'>deberet,</span> <span class='ocrx_word' id='word_1_303' title='bbox 1092 2151 1123 2188; x_wconf 93' lang='lat' dir='ltr'>si</span> <span class='ocrx_word' id='word_1_304' title='bbox 1157 2151 1222 2201; x_wconf 90' lang='lat' dir='ltr'>qui</span> <span class='ocrx_word' id='word_1_305' title='bbox 1256 2151 1389 2199; x_wconf 87' lang='lat' dir='ltr'>il-(fol.</span> <span class='ocrx_word' id='word_1_306' title='bbox 1420 2153 1578 2200; x_wconf 75' lang='lat' dir='ltr'>13a)lam</span> <span class='ocrx_word' id='word_1_307' title='bbox 1614 2153 1727 2191; x_wconf 85' lang='lat' dir='ltr'>modo</span> 
     </span>
     <span class='ocr_line' id='line_1_33' title="bbox 200 2213 1240 2266; baseline 0.003 -16"><span class='ocrx_word' id='word_1_308' title='bbox 200 2213 387 2251; x_wconf 88' lang='lat' dir='ltr'>destinato</span> <span class='ocrx_word' id='word_1_309' title='bbox 417 2216 634 2263; x_wconf 85' lang='lat' dir='ltr'>contemptu</span> <span class='ocrx_word' id='word_1_310' title='bbox 662 2226 729 2250; x_wconf 92' lang='lat' dir='ltr'>suo</span> <span class='ocrx_word' id='word_1_311' title='bbox 757 2227 777 2251; x_wconf 85' lang='lat' dir='ltr'>a</span> <span class='ocrx_word' id='word_1_312' title='bbox 805 2227 843 2251; x_wconf 87' lang='lat' dir='ltr'>se</span> <span class='ocrx_word' id='word_1_313' title='bbox 870 2227 947 2252; x_wconf 94' lang='lat' dir='ltr'>non</span> <span class='ocrx_word' id='word_1_314' title='bbox 974 2215 1240 2266; x_wconf 86' lang='lat' dir='ltr'>propulissent.</span> 
     </span>
    </p>

    <p class='ocr_par' dir='ltr' id='par_1_5' title="bbox 202 2277 1729 2590">
     <span class='ocr_line' id='line_1_34' title="bbox 256 2277 1729 2327; baseline 0.004 -11"><span class='ocrx_word' id='word_1_315' title='bbox 256 2278 313 2316; x_wconf 86' lang='lat' dir='ltr'>Ad</span> <span class='ocrx_word' id='word_1_316' title='bbox 350 2278 449 2315; x_wconf 88' lang='lat' dir='ltr'>hunc</span> <span class='ocrx_word' id='word_1_317' title='bbox 487 2277 639 2315; x_wconf 89' lang='lat' dir='ltr'>modum</span> <span class='ocrx_word' id='word_1_318' title='bbox 672 2277 789 2327; x_wconf 84' lang='lat' dir='ltr'>igitur</span> <span class='ocrx_word' id='word_1_319' title='bbox 826 2279 937 2317; x_wconf 83' lang='lat' dir='ltr'>etiam</span> <span class='ocrx_word' id='word_1_320' title='bbox 975 2279 1100 2317; x_wconf 89' lang='lat' dir='ltr'>Moses</span> <span class='ocrx_word' id='word_1_321' title='bbox 1130 2279 1451 2318; x_wconf 87' lang='lat' dir='ltr'>circumcisionem</span> <span class='ocrx_word' id='word_1_322' title='bbox 1479 2295 1554 2320; x_wconf 92' lang='lat' dir='ltr'>non</span> <span class='ocrx_word' id='word_1_323' title='bbox 1582 2287 1729 2321; x_wconf 87' lang='lat' dir='ltr'>tantum</span> 
     </span>
     <span class='ocr_line' id='line_1_35' title="bbox 202 2341 1729 2397; baseline 0.004 -17"><span class='ocrx_word' id='word_1_324' title='bbox 202 2342 352 2391; x_wconf 86' lang='lat' dir='ltr'>signum</span> <span class='ocrx_word' id='word_1_325' title='bbox 380 2341 539 2379; x_wconf 83' lang='lat' dir='ltr'>foederis</span> <span class='ocrx_word' id='word_1_326' title='bbox 568 2345 688 2386; x_wconf 86' lang='lat' dir='ltr'>vocat,</span> <span class='ocrx_word' id='word_1_327' title='bbox 715 2343 822 2392; x_wconf 90' lang='lat' dir='ltr'>quasi</span> <span class='ocrx_word' id='word_1_328' title='bbox 848 2356 890 2380; x_wconf 88' lang='lat' dir='ltr'>ea</span> <span class='ocrx_word' id='word_1_329' title='bbox 918 2343 1050 2381; x_wconf 85' lang='lat' dir='ltr'>foedus</span> <span class='ocrx_word' id='word_1_330' title='bbox 1076 2343 1316 2394; x_wconf 85' lang='lat' dir='ltr'>praeteritum</span> <span class='ocrx_word' id='word_1_331' title='bbox 1344 2344 1528 2384; x_wconf 83' lang='lat' dir='ltr'>duntaxat</span> <span class='ocrx_word' id='word_1_332' title='bbox 1555 2347 1729 2397; x_wconf 81' lang='lat' dir='ltr'>designa—</span> 
     </span>
     <span class='ocr_line' id='line_1_36' title="bbox 202 2405 1729 2463; baseline 0.004 -19"><span class='ocrx_word' id='word_1_333' title='bbox 202 2410 317 2451; x_wconf 88' lang='lat' dir='ltr'>retur,</span> <span class='ocrx_word' id='word_1_334' title='bbox 353 2406 454 2456; x_wconf 90' lang='lat' dir='ltr'>quod</span> <span class='ocrx_word' id='word_1_335' title='bbox 490 2405 676 2456; x_wconf 87' lang='lat' dir='ltr'>expirasse</span> <span class='ocrx_word' id='word_1_336' title='bbox 703 2407 799 2444; x_wconf 82' lang='lat' dir='ltr'>forte</span> <span class='ocrx_word' id='word_1_337' title='bbox 834 2407 953 2445; x_wconf 89' lang='lat' dir='ltr'>videri</span> <span class='ocrx_word' id='word_1_338' title='bbox 978 2412 1115 2458; x_wconf 90' lang='lat' dir='ltr'>posset,</span> <span class='ocrx_word' id='word_1_339' title='bbox 1145 2408 1208 2445; x_wconf 87' lang='lat' dir='ltr'>sed</span> <span class='ocrx_word' id='word_1_340' title='bbox 1230 2422 1311 2446; x_wconf 89' lang='lat' dir='ltr'>eam</span> <span class='ocrx_word' id='word_1_341' title='bbox 1339 2410 1469 2448; x_wconf 87' lang='lat' dir='ltr'>foedus</span> <span class='ocrx_word' id='word_1_342' title='bbox 1496 2424 1644 2462; x_wconf 89' lang='lat' dir='ltr'>quoque</span> <span class='ocrx_word' id='word_1_343' title='bbox 1671 2413 1729 2463; x_wconf 89' lang='lat' dir='ltr'>ip-</span> 
     </span>
     <span class='ocr_line' id='line_1_37' title="bbox 205 2470 1729 2525; baseline 0.005 -18"><span class='ocrx_word' id='word_1_344' title='bbox 205 2484 286 2508; x_wconf 87' lang='lat' dir='ltr'>sum</span> <span class='ocrx_word' id='word_1_345' title='bbox 324 2475 443 2515; x_wconf 86' lang='lat' dir='ltr'>vocat,</span> <span class='ocrx_word' id='word_1_346' title='bbox 469 2474 511 2508; x_wconf 88' lang='lat' dir='ltr'>ut</span> <span class='ocrx_word' id='word_1_347' title='bbox 539 2470 698 2508; x_wconf 87' lang='lat' dir='ltr'>foederis</span> <span class='ocrx_word' id='word_1_348' title='bbox 726 2470 843 2521; x_wconf 86' lang='lat' dir='ltr'>ipsius</span> <span class='ocrx_word' id='word_1_349' title='bbox 870 2471 1107 2509; x_wconf 85' lang='lat' dir='ltr'>durationem</span> <span class='ocrx_word' id='word_1_350' title='bbox 1134 2477 1333 2516; x_wconf 78' lang='lat' dir='ltr'>aeternam,</span> <span class='ocrx_word' id='word_1_351' title='bbox 1360 2478 1395 2512; x_wconf 90' lang='lat' dir='ltr'>et</span> <span class='ocrx_word' id='word_1_352' title='bbox 1422 2475 1579 2525; x_wconf 88' lang='lat' dir='ltr'>proinde</span> <span class='ocrx_word' id='word_1_353' title='bbox 1606 2478 1729 2516; x_wconf 88' lang='lat' dir='ltr'>Abra-</span> 
     </span>
     <span class='ocr_line' id='line_1_38' title="bbox 205 2535 1604 2590; baseline 0.004 -16"><span class='ocrx_word' id='word_1_354' title='bbox 205 2537 274 2574; x_wconf 89' lang='lat' dir='ltr'>hae</span> <span class='ocrx_word' id='word_1_355' title='bbox 301 2536 453 2586; x_wconf 89' lang='lat' dir='ltr'>eiusque</span> <span class='ocrx_word' id='word_1_356' title='bbox 481 2535 613 2573; x_wconf 86' lang='lat' dir='ltr'>semini</span> <span class='ocrx_word' id='word_1_357' title='bbox 640 2548 782 2585; x_wconf 86' lang='lat' dir='ltr'>semper</span> <span class='ocrx_word' id='word_1_358' title='bbox 809 2540 1052 2586; x_wconf 88' lang='lat' dir='ltr'>praesentem,</span> <span class='ocrx_word' id='word_1_359' title='bbox 1078 2537 1202 2575; x_wconf 90' lang='lat' dir='ltr'>animo</span> <span class='ocrx_word' id='word_1_360' title='bbox 1230 2538 1347 2589; x_wconf 89' lang='lat' dir='ltr'>ipsius</span> <span class='ocrx_word' id='word_1_361' title='bbox 1375 2539 1604 2590; x_wconf 85' lang='lat' dir='ltr'>obsignaret.</span> 
     </span>
    </p>

    <p class='ocr_par' dir='ltr' id='par_1_6' title="bbox 206 2598 1732 2909">
     <span class='ocr_line' id='line_1_39' title="bbox 258 2598 1732 2652; baseline 0.005 -15"><span class='ocrx_word' id='word_1_362' title='bbox 258 2600 356 2638; x_wconf 88' lang='lat' dir='ltr'>Dum</span> <span class='ocrx_word' id='word_1_363' title='bbox 402 2600 517 2649; x_wconf 86' lang='lat' dir='ltr'>igitur</span> <span class='ocrx_word' id='word_1_364' title='bbox 555 2598 680 2636; x_wconf 90' lang='lat' dir='ltr'>Moses</span> <span class='ocrx_word' id='word_1_365' title='bbox 719 2598 1040 2637; x_wconf 87' lang='lat' dir='ltr'>circumcisionem</span> <span class='ocrx_word' id='word_1_366' title='bbox 1075 2604 1110 2637; x_wconf 92' lang='lat' dir='ltr'>et</span> <span class='ocrx_word' id='word_1_367' title='bbox 1146 2601 1307 2639; x_wconf 87' lang='lat' dir='ltr'>foederis</span> <span class='ocrx_word' id='word_1_368' title='bbox 1343 2602 1493 2652; x_wconf 87' lang='lat' dir='ltr'>signum</span> <span class='ocrx_word' id='word_1_369' title='bbox 1528 2609 1563 2642; x_wconf 89' lang='lat' dir='ltr'>et</span> <span class='ocrx_word' id='word_1_370' title='bbox 1600 2605 1732 2645; x_wconf 86' lang='lat' dir='ltr'>foedus</span> 
     </span>
     <span class='ocr_line' id='line_1_40' title="bbox 206 2663 1731 2716; baseline 0.005 -14"><span class='ocrx_word' id='word_1_371' title='bbox 206 2665 340 2716; x_wconf 85' lang='lat' dir='ltr'>ipsum,</span> <span class='ocrx_word' id='word_1_372' title='bbox 378 2665 475 2715; x_wconf 87' lang='lat' dir='ltr'>quod</span> <span class='ocrx_word' id='word_1_373' title='bbox 515 2664 622 2713; x_wconf 78' lang='lat' dir='ltr'>signo</span> <span class='ocrx_word' id='word_1_374' title='bbox 660 2663 967 2708; x_wconf 84' lang='lat' dir='ltr'>adumbrabatur,</span> <span class='ocrx_word' id='word_1_375' title='bbox 1003 2669 1130 2712; x_wconf 83' lang='lat' dir='ltr'>vocat3</span> <span class='ocrx_word' id='word_1_376' title='bbox 1170 2666 1258 2704; x_wconf 86' lang='lat' dir='ltr'>dum</span> <span class='ocrx_word' id='word_1_377' title='bbox 1299 2667 1387 2705; x_wconf 90' lang='lat' dir='ltr'>item</span> <span class='ocrx_word' id='word_1_378' title='bbox 1424 2669 1560 2706; x_wconf 83' lang='lat' dir='ltr'>Paulus</span> <span class='ocrx_word' id='word_1_379' title='bbox 1588 2683 1666 2709; x_wconf 85' lang='lat' dir='ltr'>carn</span> <span class='ocrx_word' id='word_1_380' title='bbox 1695 2676 1731 2710; x_wconf 84' lang='lat' dir='ltr'>ct</span> 
     </span>
     <span class='ocr_line' id='line_1_41' title="bbox 207 2727 1732 2782; baseline 0.005 -16"><span class='ocrx_word' id='word_1_381' title='bbox 207 2729 353 2778; x_wconf 78' lang='lat' dir='ltr'>signum</span> <span class='ocrx_word' id='word_1_382' title='bbox 383 2733 419 2766; x_wconf 88' lang='lat' dir='ltr'>et</span> <span class='ocrx_word' id='word_1_383' title='bbox 447 2727 732 2777; x_wconf 76' lang='lat' dir='ltr'>obsignaculum</span> <span class='ocrx_word' id='word_1_384' title='bbox 760 2740 839 2765; x_wconf 85' lang='lat' dir='ltr'>esse</span> <span class='ocrx_word' id='word_1_385' title='bbox 867 2727 987 2772; x_wconf 84' lang='lat' dir='ltr'>docet,</span> <span class='ocrx_word' id='word_1_386' title='bbox 1014 2728 1134 2779; x_wconf 89' lang='lat' dir='ltr'>sitque</span> <span class='ocrx_word' id='word_1_387' title='bbox 1161 2731 1233 2767; x_wconf 82' lang='lat' dir='ltr'>alia</span> <span class='ocrx_word' id='word_1_388' title='bbox 1258 2732 1504 2781; x_wconf 86' lang='lat' dir='ltr'>proculdubio</span> <span class='ocrx_word' id='word_1_389' title='bbox 1532 2733 1642 2782; x_wconf 80' lang='lat' dir='ltr'>signi,</span> <span class='ocrx_word' id='word_1_390' title='bbox 1660 2736 1732 2774; x_wconf 85' lang='lat' dir='ltr'>alia</span> 
     </span>
     <span class='ocr_line' id='line_1_42' title="bbox 210 2792 1732 2846; baseline 0.006 -16"><span class='ocrx_word' id='word_1_391' title='bbox 210 2805 294 2830; x_wconf 89' lang='lat' dir='ltr'>vero</span> <span class='ocrx_word' id='word_1_392' title='bbox 339 2793 501 2830; x_wconf 83' lang='lat' dir='ltr'>foederis</span> <span class='ocrx_word' id='word_1_393' title='bbox 542 2792 670 2842; x_wconf 89' lang='lat' dir='ltr'>ipsius,</span> <span class='ocrx_word' id='word_1_394' title='bbox 717 2805 780 2829; x_wconf 88' lang='lat' dir='ltr'>seu</span> <span class='ocrx_word' id='word_1_395' title='bbox 816 2792 977 2829; x_wconf 84' lang='lat' dir='ltr'>iustitiae</span> <span class='ocrx_word' id='word_1_396' title='bbox 1012 2793 1099 2830; x_wconf 79' lang='lat' dir='ltr'>fidei</span> <span class='ocrx_word' id='word_1_397' title='bbox 1135 2795 1243 2840; x_wconf 87' lang='lat' dir='ltr'>ratio,</span> <span class='ocrx_word' id='word_1_398' title='bbox 1277 2796 1512 2846; x_wconf 87' lang='lat' dir='ltr'>perspicuum</span> <span class='ocrx_word' id='word_1_399' title='bbox 1553 2803 1619 2845; x_wconf 88' lang='lat' dir='ltr'>cst,</span> <span class='ocrx_word' id='word_1_400' title='bbox 1662 2800 1732 2840; x_wconf 87' lang='lat' dir='ltr'>hac</span> 
     </span>
     <span class='ocr_line' id='line_1_43' title="bbox 216 2854 1731 2909; baseline 0.006 -15"><span class='ocrx_word' id='word_1_401' title='bbox 216 2854 312 2894; x_wconf 88' lang='lat' dir='ltr'>Mosi</span> <span class='ocrx_word' id='word_1_402' title='bbox 339 2859 376 2894; x_wconf 87' lang='lat' dir='ltr'>et</span> <span class='ocrx_word' id='word_1_403' title='bbox 401 2855 506 2894; x_wconf 90' lang='lat' dir='ltr'>Pauli</span> <span class='ocrx_word' id='word_1_404' title='bbox 535 2854 706 2893; x_wconf 85' lang='lat' dir='ltr'>doctrina</span> <span class='ocrx_word' id='word_1_405' title='bbox 735 2854 825 2892; x_wconf 85' lang='lat' dir='ltr'>duas</span> <span class='ocrx_word' id='word_1_406' title='bbox 855 2855 1178 2894; x_wconf 84' lang='lat' dir='ltr'>Sacramentorum</span> <span class='ocrx_word' id='word_1_407' title='bbox 1206 2863 1328 2909; x_wconf 87' lang='lat' dir='ltr'>partes</span> <span class='ocrx_word' id='word_1_408' title='bbox 1363 2859 1553 2907; x_wconf 88' lang='lat' dir='ltr'>constitui,</span> <span class='ocrx_word' id='word_1_409' title='bbox 1578 2862 1731 2909; x_wconf 81' lang='lat' dir='ltr'>alteram</span> 
     </span>
    </p>
   </div>
  </div>
 </body>
</html>
