1818 3178
191 112 265 148 382

190 226 399 273 purgatam,
426 234 579 259 vacuam
606 234 682 258 non
711 234 789 259 esse
817 225 984 260 testetur.
1039 221 1126 259 Hoc
1151 221 1267 271 igitur
1295 222 1401 259 vobis
1428 222 1612 271 agendum
1641 226 1710 268 est,

190 286 425 338 Amplissimi
460 287 656 323 Proceresl
695 290 729 323 et
764 286 811 323 ad
848 299 928 323 eam
963 299 1042 323 rem
1069 286 1237 323 libellum
1263 287 1363 324 hunc
1390 291 1573 331 nostrum,
1599 300 1710 337 quem

189 351 295 389 vobis
339 350 460 397 mitto,
503 363 579 387 non
615 349 787 387 inutilem
821 350 900 387 fore
935 355 1038 400 puto.
1095 350 1265 398 Cogitate
1301 356 1423 388 autem
1458 355 1602 401 tempus
1639 351 1709 388 hoc

189 421 329 453 vestrae
363 415 448 452 istic
485 414 709 452 visitationis
745 428 888 452 summa
923 415 1029 452 vobis
1066 414 1107 452 in
1134 415 1293 453 solidum
1322 416 1497 453 omnibus
1525 428 1613 453 eura
1640 416 1710 452 ob-

189 480 412 518 servandum
447 481 645 527 es-(94)se,
681 484 767 530 post
800 480 970 517 auditum
1010 479 1095 517 istic
1130 479 1216 524 iam,
1251 480 1342 517 adeo
1379 480 1578 529 insigniter
1603 494 1709 530 prae-

189 546 328 589 sertim,
368 545 481 582 tubae
520 545 769 594 Euangelicae
807 545 1032 593 clangorem.
1087 544 1219 594 Neque
1253 544 1314 582 hie
1349 546 1441 583 alter
1476 545 1515 583 in
1551 545 1710 583 alterum

189 615 251 648 aut
280 623 373 647 onus
401 615 463 647 aut
493 610 638 660 culpam
673 610 829 648 reiiciat.
882 610 1025 659 Cuique
1054 613 1214 647 vestrum
1242 609 1339 647 enim
1366 610 1629 660 praestandum
1657 613 1712 646 est

189 676 249 712 hic
285 688 351 726 pro
387 688 528 712 summa
564 674 662 712 virili
689 679 831 712 vestrae
860 674 1066 711 vocationis
1094 674 1266 712 officium.
1319 674 1577 723 Ignorantiam
1604 687 1711 725 prae-

187 745 311 777 texere
347 739 503 789 amplius
542 751 630 790 sane
666 752 742 776 non
771 738 940 789 potestis,
975 751 1069 788 quae
1104 738 1253 787 quidem
1291 750 1356 774 vos
1390 737 1431 774 in
1467 738 1537 775 Dei
1570 738 1711 775 iudicio

189 804 277 840 olim
322 803 399 840 ullo
436 802 548 839 modo
584 808 745 840 excuset.
800 801 969 839 Audistis
1006 801 1188 838 rationem
1228 801 1344 851 ipsam
1385 801 1502 839 divini
1538 802 1711 839 adversus

189 880 336 905 omnem
379 866 689 915 ingratitudinem
733 865 875 911 iudicii,
921 878 1062 916 nempe,
1109 878 1302 915 nunquam
1337 864 1489 902 immitti
1524 864 1711 915 publicam

189 933 300 970 ullam
337 932 440 981 genti
474 931 585 968 alicui
621 931 879 974 calamitatem,
916 929 989 966 nisi
1015 933 1099 980 post
1125 929 1314 979 publicam
1342 929 1501 980 aliquam
1530 930 1627 980 pacti
1657 929 1713 967 di-

188 997 268 1035 vini
303 996 541 1034 violationem
577 1008 619 1032 ac
654 995 843 1046 publicam
879 995 967 1032 item
1006 994 1083 1031 eius
1119 994 1234 1045 ipsius
1275 994 1488 1031 violationis
1515 995 1714 1045 reprehen-

188 1061 343 1099 sionem.
395 1059 467 1097 Sed
494 1073 687 1110 nunquam
722 1072 799 1096 non
825 1058 979 1095 immitti
1005 1058 1115 1095 etiam
1144 1062 1179 1095 et
1207 1058 1357 1108 quidem
1386 1064 1548 1109 repente,
1575 1059 1605 1095 si
1634 1059 1714 1096 vio-

188 1126 339 1164 lationis
384 1125 485 1162 illius
532 1123 837 1174 reprehensiones
871 1128 981 1173 atque
1025 1122 1071 1159 ad
1095 1122 1402 1173 ‚resipiscentiam
1443 1123 1715 1161 admonitiones

187 1190 359 1242 publicae
396 1189 454 1226 vel
491 1192 778 1226 contemnantur
817 1200 971 1238 prorsus
999 1200 1042 1224 ac
1070 1187 1289 1224 reiiciautur
1317 1187 1373 1224 vel
1401 1188 1634 1237 negligenter
1661 1194 1715 1225 et·

188 1258 260 1293 iam
306 1259 368 1292 aut
414 1254 643 1305 hypocritice
686 1253 924 1304 recipiantur.
987 1251 1158 1290 Audistis
1193 1252 1282 1289 item
1321 1252 1530 1290 severitatis
1567 1252 1715 1290 divinae

190 1320 486 1371 magnitudinem
522 1320 699 1357 adversus
726 1319 846 1368 Reges
874 1331 918 1357 ac
944 1332 1072 1368 regna,
1099 1318 1143 1363 si,
1170 1318 1435 1356 inclarescente
1462 1332 1577 1368 regno
1607 1318 1714 1356 Chri-

189 1387 236 1424 sti
281 1385 436 1424 Domini
481 1385 521 1422 in
558 1384 728 1421 doctrina
766 1384 823 1421 sui
858 1383 1068 1432 Euangelii,
1104 1396 1212 1420 suum
1249 1383 1407 1421 officium
1442 1376 1518 1421 non
1555 1384 1713 1421 faciant:

187 1463 330 1501 nempe,
367 1451 451 1497 (95)
486 1461 683 1486 accensum
717 1448 764 1485 iri
800 1447 969 1498 protinus
1006 1447 1144 1485 furoris
1172 1447 1291 1484 divini
1318 1447 1588 1485 vehementiam
1615 1448 1715 1484 haud

187 1515 293 1553 aliter
329 1527 440 1564 quam
476 1516 645 1550 exortum
681 1511 834 1562 aliquod
868 1511 1061 1562 inopinato
1099 1524 1141 1548 ac
1177 1516 1326 1561 repente
1351 1510 1578 1557 incendium,
1605 1512 1715 1549 obvia

188 1592 356 1630 quaeque
400 1578 479 1615 sine
524 1576 739 1614 discrimine
776 1576 850 1613 ullo
890 1576 1091 1626 depascens
1126 1580 1238 1626 atque
1274 1576 1489 1614 absumens.
1543 1576 1714 1614 Audistis

187 1650 388 1696 praeterea,
428 1655 522 1693 quae
559 1641 634 1679 sint
669 1646 705 1678 et
741 1640 850 1690 Regii
887 1644 922 1678 et
957 1641 1070 1677 vestri
1108 1640 1230 1686 simul,
1267 1640 1335 1677 hac
1372 1640 1411 1677 in
1460 1644 1571 1691 parte,
1607 1642 1716 1678 officii

188 1713 323 1760 partes,
360 1720 503 1757 nempe,
540 1710 593 1752 ut,
627 1705 781 1743 abiectis
809 1705 1029 1756 prudentiae
1065 1705 1198 1742 mundi
1234 1705 1344 1742 huius
1373 1704 1552 1749 consiliis,
1579 1706 1714 1756 quibus

190 1774 342 1824 alioqui,
387 1785 479 1823 quae
525 1771 571 1809 ad
609 1771 717 1820 regni
755 1770 896 1808 Christi
930 1770 1217 1808 illustrationem
1255 1770 1454 1820 pertinent,
1481 1770 1602 1808 invisa
1630 1775 1717 1808 sunt

190 1841 267 1876 fere
300 1840 542 1888 suspectaque
578 1835 716 1881 omnia,
743 1835 845 1873 aliud
874 1835 1063 1885 quoddam
1091 1835 1294 1885 sapientiae
1319 1835 1466 1872 divinae
1491 1848 1608 1884 genus
1637 1848 1715 1872 am-

189 1900 417 1955 plectamini,
452 1912 592 1950 vosque
628 1899 788 1950 primum
825 1898 869 1936 de
897 1899 1090 1935 voluntate
1117 1897 1188 1935 Dei
1215 1911 1258 1935 ex
1287 1898 1401 1935 verbo
1427 1897 1542 1948 ipsius
1569 1897 1717 1935 institui

190 1982 256 2018 pro
295 1971 404 2018 captu
440 1970 561 2003 vestro
590 1964 801 2014 erudirique
828 1963 1035 2014 patiamini.
1090 1963 1245 2008 Deinde,
1274 1962 1458 2000 serviendi
1485 1963 1541 2000 illi
1568 1962 1606 2000 in
1636 1976 1715 1999 0111·

190 2034 303 2072 nibus
331 2032 410 2070 eius
437 2029 642 2081 praeceptis
670 2029 848 2073 studium,
876 2041 958 2066 cum
986 2027 1102 2065 animi
1130 2027 1321 2065 alacritate
1348 2031 1458 2077 atque
1479 2027 1717 2065 observantia

191 2099 446 2142 coniunctum,
482 2096 580 2133 intra
617 2107 682 2131 vos
717 2093 818 2145 ipsos
854 2094 893 2131 in
930 2093 1065 2131 animis
1103 2093 1233 2130 vestris
1272 2092 1489 2143 concipiatis
1526 2092 1606 2130 sine
1642 2092 1716 2129 ullo

190 2165 354 2202 ullorum
394 2162 506 2199 etiam
551 2159 745 2197 hominum
790 2162 971 2209 respectu.
1025 2159 1231 2203 Postremo,
1264 2162 1306 2195 ut
1343 2162 1503 2195 vestrum
1541 2157 1611 2194 hoc
1646 2157 1718 2194 tale

192 2228 377 2268 serviendi
403 2227 460 2264 illi
486 2225 661 2270 studium,
689 2237 766 2262 non
792 2228 939 2262 tantum
967 2223 1006 2261 in
1035 2223 1146 2261 corde
1174 2227 1296 2261 vestro
1325 2222 1445 2269 alatis,
1472 2222 1535 2260 sed
1557 2222 1717 2273 publicis

191 2294 302 2333 etiam
338 2290 544 2330 vocationis
581 2294 723 2327 vestrae
759 2288 886 2326 officiis
923 2287 1195 2333 contestemini,
1231 2287 1301 2324 hoc
1328 2292 1395 2333 est,
1420 2287 1571 2338 publica
1598 2291 1717 2324 vestra

193 2360 237 2397 de
272 2357 540 2396 inclarescente
575 2353 766 2392 doctrinae
801 2366 888 2391 suae
924 2354 1006 2390 luce
1040 2352 1290 2402 gratulatione
1326 2357 1437 2402 atque
1481 2351 1595 2389 alacri
1631 2364 1717 2399 erga

189 2424 293 2462 illam
330 2418 687 2469 obser-(96)vantia.
742 2417 848 2455 Haec
882 2417 1036 2468 inquam
1073 2416 1229 2454 audistis
1266 2415 1392 2453 omnia
1426 2420 1537 2466 atque
1571 2428 1613 2452 ea
1640 2427 1716 2452 non

192 2487 341 2527 aliunde
378 2499 489 2537 quam
526 2497 572 2522 ex
598 2483 689 2534 ipsis
718 2482 920 2533 scripturae
948 2484 1095 2519 sanctae
1122 2480 1290 2518 fontibus
1317 2479 1510 2531 producta.
1564 2477 1625 2516 Ad
1652 2492 1717 2516 ex—

191 2559 351 2593 tremum
389 2564 474 2588 vero
503 2549 673 2592 audistis,
700 2560 809 2598 quam
838 2546 948 2584 nihili
976 2550 1063 2584 sunt
1091 2559 1132 2583 ea
1161 2544 1297 2589 omnia,
1324 2557 1418 2596 quae
1444 2547 1479 2581 et
1506 2556 1526 2580 a
1554 2543 1717 2593 Papismi

191 2621 228 2655 et
254 2616 301 2654 ab
327 2614 491 2665 impunis
517 2612 618 2650 illius
645 2611 818 2649 licentiae
844 2609 993 2661 quidvis
1022 2609 1181 2647 docendi
1203 2608 1411 2659 agendique
1430 2607 1717 2658 propugnatori·

193 2684 264 2721 bus
299 2693 342 2718 ac
376 2678 546 2730 patronis
583 2677 760 2715 adversus
796 2676 904 2725 regni
940 2675 1080 2713 Christi
1116 2687 1334 2725 progressus
1369 2673 1600 2711 adiuvandos
1627 2686 1714 2724 pro-

192 2745 469 2794 movendosque
496 2741 726 2779 adferuntur.

245 2811 332 2849 Hoc
374 2811 489 2846 restat
530 2806 658 2854 igitur,
693 2809 747 2851 ut,
783 2817 877 2855 quae
914 2803 1119 2848 audivistis,
1163 2802 1294 2840 animis
1330 2801 1441 2839 etiam
1478 2801 1609 2838 vestris
1647 2800 1715 2838 im-

191 2875 371 2935 primatis,
422 2876 470 2917 et,
514 2883 607 2922 quae
644 2870 755 2908 vestri
807 2882 886 2908 esse
939 2869 1048 2907 officii
1092 2866 1341 2910 intellexistis,
1387 2880 1429 2904 ea
1466 2866 1636 2904 alacriter
1681 2870 1717 2906 et
