1818 3178
216 135 287 171 308

214 242 284 280 Dei
309 242 358 279 in
386 240 522 278 coelo
553 236 725 275 collocati
753 249 882 274 sumus
896 238 938 284 ¹),
965 249 1042 274 non
1069 235 1160 273 alibi
1188 248 1276 274 sane
1303 236 1426 280 nobis,
1451 248 1545 286 quae
1571 235 1617 273 ad
1638 235 1737 273 salu-

217 310 293 343 tem
328 308 494 342 nostram
529 301 687 347 faciunt,
722 314 832 352 quam
860 300 900 338 in
930 300 1080 338 Christo
1108 299 1285 346 Domino,
1313 300 1377 351 qui
1405 299 1507 337 solus
1535 299 1649 337 vitam
1678 299 1742 337 dat

218 369 371 413 mundo,
406 366 617 418 quaerenda
652 378 743 411 esse,
779 369 815 403 et
851 365 1001 416 quidem
1035 364 1128 411 ibi,
1161 364 1228 402 ubi
1254 369 1330 411 est,
1357 377 1487 416 nempe
1513 363 1553 401 in
1581 377 1742 414 super-

218 432 314 478 nis,
349 431 398 468 in
427 430 579 468 coelo.
634 428 711 466 Hic
736 428 852 478 igitur
879 432 942 465 aut
967 427 1105 464 Paulus
1133 440 1280 465 mecum
1306 427 1493 465 fanaticus
1520 426 1591 464 erit
1617 426 1743 463 West-

218 496 344 547 phalo,
376 499 439 532 aut
468 493 706 544 Westphalus
732 493 811 544 ipse
837 492 1075 542 phreneticus
1103 491 1173 529 erit
1198 491 1270 542 piis
1299 491 1485 533 omnibus,
1511 490 1576 541 qui
1605 489 1744 527 doctri-

219 573 305 597 nam
333 557 592 609 Apostolicam
620 557 660 594 in
688 557 798 595 nobis
826 556 1019 594 fanatismi
1045 564 1208 594 accusat.
1240 554 1347 592 Quae
1375 555 1419 592 de
1446 554 1574 598 Verbi,
1612 555 1744 590 Sacra-

217 627 428 662 mentorum
467 622 607 660 Christi
633 621 800 668 Domini,
828 621 987 671 denique
1014 624 1050 658 et
1078 620 1199 657 Patris
1226 623 1262 657 et
1288 619 1357 657 filii
1382 624 1418 657 et
1446 619 1598 670 spiritus
1625 617 1746 655 sancti

216 687 355 725 intuitu
382 686 444 723 hic
471 686 510 723 in
539 685 648 725 terris
676 697 863 735 opponere
890 683 1002 721 nobis
1031 686 1199 727 conatur,
1226 682 1319 720 nihil
1349 686 1477 719 eontra
1499 694 1569 719 nos
1588 681 1744 719 faciunt.

217 751 299 788 Nos
335 751 435 788 enim
472 749 660 800 loquimur
689 749 732 786 de
768 748 826 786 his
853 749 977 794 rebus,
1004 761 1097 798 quae
1125 748 1228 786 nullo
1257 761 1368 785 sensu
1396 760 1573 797 corporeo
1601 747 1641 784 in
1668 746 1744 783 vita

215 815 276 852 hie
313 820 441 853 nostra
478 814 617 865 percipi
653 816 825 864 possunt,
870 811 934 849 sed
972 811 1051 849 sola
1086 810 1270 849 duntaxat
1306 810 1378 848 fide
1413 814 1672 860 agnoscuntur
1707 812 1744 846 et

214 879 445 926 sentiuntur3
485 878 722 929 Westphalus
756 881 880 914 autem
915 876 1026 914 nobis
1061 876 1216 927 opponit
1251 889 1306 920 ea,
1341 889 1436 926 quae
1471 875 1573 912 Deus
1599 874 1678 926 ipse
1704 874 1745 911 in

213 944 285 981 hoc
321 944 523 989 ordinavit,
559 947 599 981 ut
634 956 679 980 ex
713 947 817 993 parte
858 941 1028 979 sensibus
1065 941 1176 979 etiam
1213 941 1352 978 nostris
1389 940 1577 991 corporeis
1604 938 1744 990 percipi

213 1008 372 1059 possint,
409 1008 512 1046 cuius
557 1007 702 1056 generis
749 1010 834 1044 sunt
878 1005 1045 1043 Verbum
1088 1005 1226 1050 vocale,
1261 1009 1302 1042 ut
1337 1007 1485 1050 vocant,
1538 1008 1575 1041 et
1612 1004 1744 1040 Sacra-

213 1076 352 1110 menta.
405 1072 569 1109 Rursum
614 1069 769 1121 opponit
812 1069 1031 1107 immensam
1082 1068 1242 1106 Divinae
1278 1067 1375 1119 apud
1411 1081 1480 1105 nos
1517 1067 1578 1105 hic
1612 1066 1745 1105 triadis

215 1136 476 1187 praesentiam,
512 1135 618 1186 quasi
653 1134 780 1172 eadem
818 1134 866 1171 sit
900 1134 995 1171 ratio
1033 1133 1192 1170 Divinae
1225 1137 1261 1171 et
1306 1133 1490 1170 humanae
1525 1136 1678 1170 naturae
1705 1131 1746 1169 in

217 1202 380 1247 Christo,
417 1205 457 1238 ut
492 1199 675 1251 quidquid
713 1199 872 1237 Divinae
899 1198 938 1236 in
965 1198 1046 1248 ipso
1076 1198 1160 1245 (fol.
1190 1199 1256 1245 63)
1285 1200 1440 1235 naturae
1465 1196 1678 1240 tribuimus,
1704 1194 1744 1232 id

214 1270 336 1304 totum
362 1266 471 1303 etiam
501 1265 684 1302 humanae
711 1264 789 1301 eius
817 1267 970 1301 naturae
997 1262 1162 1300 tribuere
1189 1262 1397 1300 necessario
1426 1261 1640 1299 debeamus.
1670 1259 1743 1297 Sed

215 1331 263 1369 ad
291 1325 440 1378 singula
467 1329 595 1380 paucis
622 1328 944 1379 respondebimus.
986 1327 1173 1378 Quodque
1200 1327 1247 1364 ad
1275 1327 1443 1370 verbum,
1470 1326 1568 1377 quod
1597 1325 1746 1377 praedi-

217 1400 334 1439 catur,
369 1393 540 1444 inprimis
579 1393 726 1439 attinet,
752 1392 784 1430 si
812 1392 856 1429 de
885 1391 1038 1429 salutari
1063 1391 1169 1428 verbi
1195 1390 1323 1429 auditu
1350 1390 1517 1441 loquitur
1546 1389 1746 1440 Westpha—

214 1461 287 1507 lus,
330 1458 642 1510 quemadmodum
686 1471 755 1496 nos
800 1457 846 1495 de
891 1456 1045 1495 salutari
1092 1456 1257 1506 corporis
1302 1460 1338 1494 et
1374 1455 1568 1505 sanguinis
1606 1454 1747 1492 Christi

216 1523 428 1574 sumptione
462 1522 664 1573 loquimur,
703 1528 783 1559 tum
820 1534 909 1559 sane
943 1533 1064 1571 neque
1098 1520 1268 1558 auditum
1305 1519 1410 1557 verbi
1446 1520 1647 1557 salutarem
1683 1518 1745 1556 hie

217 1588 328 1627 nobis
363 1587 403 1624 in
438 1586 547 1624 terris
582 1585 835 1636 quaerendum
875 1584 1172 1635 intuendumque
1207 1588 1270 1622 aut
1309 1597 1420 1621 sensu
1455 1583 1532 1621 ullo
1567 1596 1745 1634 corporeo

217 1651 496 1703 percipiendum
532 1664 612 1689 esse
646 1651 778 1694 fateor,
813 1650 877 1688 sed
912 1650 1032 1694 illine,
1068 1650 1167 1687 unde
1204 1648 1366 1696 offertur,
1391 1648 1592 1699 petendum
1619 1647 1748 1699 ibique

217 1715 440 1754 intuendum
475 1715 710 1765 potissimum
738 1728 829 1761 esse,
856 1727 989 1765 nempe
1014 1726 1034 1751 e
1062 1714 1243 1764 supernis,
1269 1727 1315 1751 ex
1341 1713 1423 1764 ipso
1450 1713 1604 1764 inquam
1633 1712 1749 1757 coelo,

220 1779 321 1817 unde
347 1793 416 1817 nos
443 1779 591 1829 regigni
617 1783 765 1830 oportet
793 1779 916 1825 etiam,
942 1782 983 1816 ut
1010 1791 1168 1828 regnum
1195 1778 1265 1816 Dei
1292 1778 1418 1816 videre
1436 1777 1636 1829 possimus,
1648 1777 1748 1815 unde

221 1843 308 1881 item
345 1848 380 1881 et
415 1843 527 1881 fidem
563 1847 731 1881 nostram
768 1843 944 1881 cordibus
972 1843 1111 1880 nostris
1138 1842 1252 1880 inseri
1278 1846 1435 1893 oportet,
1463 1842 1622 1892 denique
1647 1841 1748 1879 unde

222 1919 371 1944 omnem
399 1907 535 1944 bonam
564 1919 606 1943 ae
634 1907 833 1944 salutarem
861 1906 1104 1944 donationem
1130 1905 1325 1956 provenire
1353 1905 1529 1943 docemur
1548 1905 1594 1953 2).
1623 1904 1686 1941 Sit:
1713 1908 1748 1942 et

224 1971 394 2009 Christus
430 1972 586 2022 ipsemet
621 1971 807 2008 Dominus
843 1970 890 2008 ad
928 1970 1101 2008 Petrum:
1131 1970 1225 2008 Caro
1254 1973 1290 2008 et
1318 1969 1482 2020 sanguis,
1508 1969 1643 2020 inquit,
1670 1981 1748 2007 non

222 2035 399 2073 revelavit
442 2035 526 2080 tibi,
569 2035 632 2073 sed
679 2034 788 2072 Pater
822 2047 926 2072 meus
962 2034 1026 2085 qui
1060 2038 1116 2072 est
1151 2034 1190 2072 in
1227 2033 1352 2072 coelis.
1407 2033 1557 2072 Quodsi
1591 2046 1675 2071 caro
1712 2036 1749 2071 et

225 2100 377 2149 sanguis
412 2099 521 2149 nobis
557 2112 634 2137 non
670 2099 809 2137 revelat
837 2098 1026 2136 Christum
1053 2097 1272 2144 Dominum,
1297 2098 1415 2135 multo
1442 2097 1567 2135 minus
1595 2110 1683 2135 sane
1709 2096 1750 2134 id

224 2163 332 2201 efficit
364 2167 534 2213 aspectus
570 2167 634 2200 aut
669 2162 818 2200 auditus
856 2175 1120 2213 corporeorum
1157 2175 1332 2200 sensuum
1367 2165 1581 2200 nostrorum
1616 2161 1656 2199 in
1683 2174 1748 2199 au-

225 2228 362 2266 diendo
389 2228 516 2271 verbo,
542 2227 644 2278 quod
671 2227 825 2266 auribus
851 2227 1068 2278 praesertim
1096 2228 1236 2265 nostris
1265 2226 1451 2278 corporeis
1477 2226 1539 2264 hic
1564 2226 1748 2265 audimus.

227 2293 299 2329 Sed
337 2292 451 2329 alium
485 2292 597 2341 longe
625 2291 792 2330 auditum
820 2304 899 2329 esse
925 2295 1084 2342 oportet,
1112 2291 1157 2329 de
1184 2305 1258 2342 quo
1288 2291 1459 2329 Christus
1485 2290 1641 2341 ipsemet
1667 2289 1749 2327 Do-

229 2357 352 2394 minus
389 2357 623 2402 testificatur,
650 2357 738 2395 dum
766 2356 836 2394 ait:
866 2356 944 2394 Qui
972 2370 1017 2394 ex
1044 2356 1124 2394 Deo
1152 2360 1219 2403 est,
1247 2356 1359 2394 verba
1385 2369 1466 2393 mea
1494 2354 1610 2399 audit,
1635 2368 1749 2406 prop-

226 2427 326 2460 terea
362 2435 427 2459 vos
464 2435 549 2460 non
575 2422 725 2466 auditis,
761 2422 849 2472 quia
884 2434 930 2459 ex
966 2422 1047 2459 Deo
1086 2435 1163 2460 non
1190 2421 1299 2468 estis3
1327 2421 1505 2459 nimirum
1531 2433 1551 2457 e
1578 2420 1749 2470 supernis

227 2485 275 2523 ad
312 2486 510 2523 salutarem
546 2487 649 2523 illum
685 2485 791 2523 verbi
819 2485 987 2523 auditum
1014 2485 1131 2523 afflari
1158 2499 1227 2524 nos
1254 2484 1472 2535 regignique
1500 2488 1657 2535 oportet,
1684 2498 1750 2535 per

228 2563 336 2600 quem
372 2549 463 2587 fides
498 2549 537 2588 in
566 2551 704 2588 nostris
732 2550 908 2588 cordibus
936 2551 1090 2596 oriatur,
1117 2564 1161 2588 ae
1186 2550 1343 2601 proinde
1368 2549 1467 2587 trahi
1495 2562 1564 2587 nos
1592 2563 1613 2587 a
1640 2550 1750 2587 Patre

227 2614 307 2652 Deo
343 2627 407 2664 per
443 2613 612 2664 spiritum
642 2628 748 2652 suum
775 2615 879 2666 prius
906 2628 949 2653 eo
978 2619 1138 2667 oportet,
1163 2615 1230 2652 ubi
1255 2615 1319 2652 ille
1345 2617 1412 2659 est,
1439 2627 1570 2664 nempe
1595 2614 1636 2651 in
1665 2627 1749 2651 coe-

225 2679 305 2716 lum
338 2678 474 2728 ipsum,
508 2681 548 2715 ut
583 2682 618 2715 et
653 2678 782 2717 audire
817 2693 900 2717 vere
934 2680 982 2717 ad
1010 2680 1166 2717 salutem
1192 2681 1360 2717 nostram
1388 2678 1541 2715 verbum
1567 2677 1686 2728 ipsius
1714 2682 1750 2715 et

228 2743 419 2780 Christum
446 2741 610 2789 Do-(fol.
640 2743 850 2789 (34)minum
876 2744 1114 2793 unigenitum
1141 2756 1249 2781 suum
1276 2742 1393 2779 filium
1422 2741 1545 2780 videre
1572 2755 1748 2791 regnum-

266 2884 290 2924 ¹)
315 2883 430 2926 Ephes.
454 2883 483 2915 2.
610 2884 635 2922 2)
660 2883 752 2915 Joan.
776 2883 804 2915 3.
848 2884 965 2927 Ephes.
988 2885 1017 2917 2.
1061 2884 1171 2916 Jacob.
1196 2884 1224 2918 1.
