1818 3178
193 139 291 167 mxiv
826 130 1066 160 PRAEFATIO.

598 251 662 292 15.
725 249 955 292 Ems'roLAn
987 261 1041 288 AD
1074 258 1283 286 DIVERSOS.

480 382 625 440 (Lism
659 382 801 432 Opera,
836 378 935 420 Vol.
969 377 1026 420 ΙΙ,
1061 392 1100 432 p.
1136 375 1396 427 545-770.)

245 524 359 566 Vere
405 524 626 564 immanem
675 520 799 561 fuisse
845 519 1082 560 chartarum
1132 515 1286 556 molem
1319 514 1694 570 admirandamque

185 609 354 651 prorsus
385 592 646 636 scedularum
682 591 857 646 copiam,
892 604 992 644 quas
1021 587 1166 629 litteris
1187 586 1418 642 signaverit
1438 593 1478 628 et
1498 586 1691 642 epistola—

184 681 276 708 rum
325 665 412 706 vice
458 670 689 705 atramento
729 661 997 703 infuscaverit
1028 666 1180 705 noster,
1212 657 1545 700 luculentissime
1578 664 1691 714 patet

181 752 231 777 cx
270 742 384 777 vasto
415 735 648 776 litterarum
681 732 942 781 commercio,
977 730 1086 785 quod
1118 744 1213 771 cum
1243 735 1306 770 tot
1336 730 1544 786 tantisque
1575 730 1688 782 viris,

180 811 220 851 et
264 808 455 850 scientiae
501 806 623 848 laude
667 804 883 861 insignitis,
921 805 960 845 et
992 802 1192 845 natalium
1226 801 1447 858 splendore
1476 803 1614 855 claris,
1648 805 1690 845 et

179 886 356 937 augusta
387 878 611 935 {regiminis
653 877 861 919 maiestate
893 874 1135 925 iilustribus,
1170 874 1335 916 inivisse
1366 889 1462 916 eum
1494 875 1590 917 satis
1621 890 1688 916 su·

177 967 334 1008 perque
376 949 598 993 ostendunt
644 948 913 1004 paucissimae
960 946 1024 988 vel
1056 946 1108 987 ab
1138 947 1226 1002 ipso
1257 946 1323 988 vel
1355 946 1405 988 ad
1438 961 1533 988 eum
1567 947 1687 989 datae

177 1023 335 1064 litterae
376 1022 569 1077 scriptae,
619 1035 719 1074 quas
763 1035 784 1060 e
825 1018 1036 1060 communi
1087 1018 1173 1059 fere
1214 1017 1440 1075 naufragio
1471 1017 1685 1060 dehiscens

172 1094 384 1150 praeteriti
415 1094 503 1134 aevi
534 1092 649 1133 nobis
680 1091 883 1133 revomuit
916 1089 1169 1146 profundum
1204 1092 1252 1145 ¹).
1315 1089 1529 1146 Quicquid
1561 1090 1684 1132 huius

172 1164 306 1206 fausto
341 1163 591 1206 allaberetur
628 1169 760 1211 vento,
792 1161 935 1203 sedulo
967 1161 1156 1203 certatim
1187 1160 1388 1218 colligere
1420 1162 1554 1203 conati
1587 1167 1686 1204 sunt

169 1236 251 1278 iam
292 1234 451 1277 duobus
495 1233 644 1276 abhinc
689 1232 838 1275 seculis
881 1232 1180 1283 UTENHOVIUS,
1214 1232 1339 1275 UssBo
1371 1233 1563 1284 Emmus,
1597 1233 1684 1276 Ln-

167 1320 402 1349 BIENIECIUS
452 1312 491 1347 et
542 1305 858 1355 WEGmRscms,
913 1319 1095 1360 quorum
1147 1304 1311 1361 copiam
1343 1305 1538 1346 auctariis
1569 1304 1681 1347 haud

168 1377 434 1436 aspernandis
465 1393 539 1419 suo
571 1392 736 1432 quoque
768 1385 954 1432 tempore
985 1376 1251 1418 adauxerunt
1273 1375 1500 1427 GABBEMA,
1523 1376 1680 1418 FUEss-

163 1463 300 1500 LINUS,
330 1450 619 1498 BERTRAMIUS,
654 1447 938 1499 MEINERsms,
971 1448 1436 1490 FRANcor-ORTANORUM
1469 1447 1682 1490 AcTORUM

165 1521 353 1571 AUCTOR,
397 1520 794 1561 HARCKENROTHIUS
841 1527 880 1561 et
925 1520 1111 1576 Angliae
1145 1519 1454 1562 reformationis
1488 1520 1679 1575 scriptor,

163 1588 381 1633 Summus.
434 1590 574 1647 Magis
607 1596 742 1632 tamen
775 1606 850 1646 pro
882 1606 926 1633 re
958 1598 1056 1632 nata
1086 1591 1161 1640 illi,
1193 1607 1300 1647 quae
1330 1591 1444 1633 ultro
1476 1591 1679 1633 offerren—

164 1668 246 1713 tur,
288 1661 613 1716 exscripserunt,
662 1669 701 1703 et
747 1664 909 1704 nonnisi
949 1678 1058 1704 unus
1104 1661 1276 1704 fortasse
1311 1662 1680 1705 Harckenrothius

164 1732 270 1773 inter
300 1746 368 1773 eos
399 1730 487 1782 fuit,
521 1733 589 1786 qui
621 1732 670 1774 de
701 1733 903 1775 industria
934 1733 1059 1776 Lasci
1091 1734 1286 1791 epistolas
1317 1735 1478 1790 aliquot
1510 1735 1682 1791 conqui-

164 1803 255 1844 sivit
300 1803 425 1858 inque
471 1802 725 1845 Bibliotheca
756 1804 972 1846 Bremensi
1006 1821 1100 1847 cum
1135 1806 1320 1848 litterato
1353 1807 1679 1849 communicavit

164 1873 275 1916 orbe.
339 1872 417 1914 Ille
464 1880 599 1915 tamen
642 1875 908 1931 perexiguem
956 1876 1050 1919 fecit
1096 1893 1271 1919 messem
1321 1886 1361 1922 et
1409 1878 1468 1921 nil
1513 1885 1680 1935 praeter

165 1944 327 1986 aridum
369 1945 580 2001 compegit
620 1945 881 2002 spicilegium
915 1949 962 2002 2).
1023 1947 1292 1992 Laetioribus
1341 1965 1436 1992 eum
1485 1950 1678 2006 auspiciis

165 2016 326 2071 excepit
356 2015 521 2057 tandem
555 2015 812 2066 Gannasms,
845 2019 915 2073 qui
947 2020 1119 2075 egregie
1149 2019 1199 2062 de
1230 2020 1400 2063 historia
1421 2021 1680 2063 reformatio-

166 2087 227 2128 nis
259 2086 335 2127 hoc
367 2086 447 2128 iam
479 2088 647 2128 nomine
679 2087 821 2130 fuisset
851 2091 1036 2140 meritus,
1069 2093 1230 2134 etiamsi
1261 2093 1302 2134 in
1336 2092 1508 2149 reliquis
1539 2093 1678 2135 minus

165 2157 432 2201 succrevisset
461 2164 533 2199 aut
564 2159 790 2201 etiamnum
824 2160 1082 2204 flaccesceret
1113 2163 1200 2205 eius
1231 2163 1383 2220 gloria.
1434 2164 1678 2221 Diligentis-

167 2228 266 2269 sime
311 2243 491 2284 namque
531 2236 570 2270 et
612 2231 802 2286 gnaviter
849 2232 1128 2290 undecunque
1167 2235 1432 2292 investigavit
1463 2243 1504 2278 et
1533 2236 1678 2279 sedulo

167 2299 425 2353 conquisivit,
469 2314 575 2354 quae
615 2300 665 2341 ab
711 2301 734 2342 ὲ,
776 2301 913 2344 Lasco
948 2306 1123 2360 scriptae
1155 2305 1317 2348 litterae
1348 2308 1590 2363 superstites
1620 2323 1679 2349 es-

167 2377 275 2412 sent:
309 2376 492 2426 repertas
523 2372 702 2426 quodam
735 2373 903 2429 digessit
935 2375 1092 2428 ordine,
1126 2379 1278 2420 Serinz'o
1307 2395 1376 2421 suo
1407 2379 1473 2435 pie
1501 2380 1677 2423 inseruit

167 2448 207 2483 et
236 2441 291 2482 sic
321 2441 475 2497 publici
505 2443 605 2484 iuris
637 2443 731 2485 fecit
763 2445 928 2488 circiter
959 2449 1168 2505 octoginta
1199 2451 1287 2493 eius
1318 2450 1540 2507 EpistolaS.
1589 2450 1676 2503 Qui

169 2519 305 2555 autem
354 2513 512 2568 primus
557 2515 781 2568 exstiterat,
823 2525 1058 2572 postremus
1103 2522 1226 2564 simul
1275 2523 1493 2580 hucusque
1523 2523 1674 2567 harum

213 2675 236 2712 ¹)
261 2673 460 2715 Complurics
493 2674 729 2716 deperditarum
751 2677 971 2719 [epistolarum
1007 2681 1067 2713 iam
1098 2684 1217 2715 incutio
1248 2686 1283 2716 tit
1311 2686 1343 2716 in
1368 2686 1405 2717 iis
1429 2686 1584 2728 epistoli3‚
1607 2698 1685 2728 quas

170 2728 338 2759 (ici-dusius
362 2729 451 2760 nobis
475 2730 628 2761 exhibuit.
674 2731 725 2762 Cf.
751 2732 896 2765 GERDES.
921 2735 1020 2767 Serin.
1043 2738 1142 2779 antiq.
1166 2739 1210 2770 ΙΙ.
1235 2740 1305 2777 533,
1329 2741 1399 2778 536,
1423 2741 1493 2780 627,
1517 2743 1588 2780 635,
1612 2741 1682 2780 642,

170 2784 239 2820 (344,
263 2783 331 2821 045,
356 2783 425 2821 (350,
450 2785 519 2822 651,
543 2785 612 2822 695,
637 2785 706 2824 703,
732 2786 801 2825 705,
825 2788 882 2821 707
907 2791 1034 2831 passim.

213 2840 238 2876 9)
262 2838 311 2869 Cf.
344 2838 440 2870 Brun.
473 2839 582 2872 namt.
616 2840 663 2871 Cl.
689 2841 749 2873 ΙΙΙ.
781 2853 811 2885 p.
836 2844 903 2882 138,
928 2845 998 2884 141,
1023 2847 1080 2878 183
1105 2858 1150 2890 sq.
1174 2848 1222 2881 Cl.
1246 2849 1300 2881 VI.
1325 2860 1356 2892 p.
1380 2850 1441 2882 110
1464 2862 1509 2895 sq.
1533 2852 1581 2884 Cl.
1605 2852 1680 2885 VII.

173 2902 202 2933 p.
224 2892 282 2923 3:32
305 2903 350 2934 sq.
