1818 3178
178 91 250 128 256
703 95 820 124 runc.
849 94 940 125 MIN.
969 94 1164 124 111111Νο01.

224 200 391 238 Primum
424 199 539 248 igitur
573 210 802 243 accusamur,
838 195 940 247 quod
974 196 1088 234 verba
1125 198 1172 233 10
1209 196 1291 234 Art.
1319 195 1358 233 in
1388 192 1631 232 Confessione
1661 195 1693 242 ¹)

175 269 303 303 nostra
330 262 633 314 interpretatione
663 261 915 311 depravemus.
964 259 1220 298 Confessionis
1247 260 1346 298 enim
1374 272 1454 297 eam
1480 271 1560 296 esse
1584 271 1692 296 men-

174 333 260 371 tem,
288 331 341 372 ut,
368 327 456 365 dum
484 339 615 376 corpus
643 329 677 363 et
705 325 926 374 sanguinem
957 324 1097 362 Christi
1124 323 1278 362 Domini
1306 337 1388 362 cum
1415 336 1511 375 pane
1539 326 1575 360 et
1602 322 1690 360 vino

173 393 212 429 in
248 404 362 428 coena
399 403 463 428 sua
501 403 585 427 vere
611 389 780 427 exhiberi
807 389 909 435 dicit,
947 389 1055 426 simul
1083 396 1229 439 quoque
1254 388 1320 426 illa.
1346 388 1386 426 in
1413 400 1508 438 pane
1534 386 1616 438 ipso
1646 398 1690 423 ac

171 455 303 505 poculo
333 467 396 491 seu
424 453 493 491 sub
520 466 615 504 pane
642 466 684 490 ac
710 453 845 504 poculo
873 466 964 499 esse,
990 452 1152 501 intelligi
1180 452 1287 500 velit;
1307 473 1357 482 -—
1376 465 1445 490 nos
1473 463 1559 489 vero
1587 463 1694 501 prae-

171 517 392 568 positionem
418 517 521 554 illam
553 516 640 554 Cum
660 518 692 565 2)
722 516 776 554 ita
802 519 1053 568 exponamus,]
1080 520 1122 554 ut
1149 517 1290 554 nullam
1320 516 1485 567 corporis
1512 519 1575 552 aut
1606 528 1693 552 san-

169 582 292 631 guinis
329 582 468 619 Christi
504 594 586 618 cum
620 594 716 632 pane
754 581 836 632 ipso
872 593 915 618 ac
951 581 1039 618 vino
1077 593 1212 618 coenae
1246 581 1381 618 realem
1410 579 1693 624 connexionem,

169 647 286 684 multo
314 646 437 683 minus
464 649 588 684 autem
615 646 768 683 illorum
795 645 1054 691 inclusionem,
1082 645 1341 694 imaginemur,
1370 645 1433 683 sed
1459 649 1501 682 ut
1528 644 1568 681 in
1589 656 1692 682 sacra

170 711 309 748 Christi
344 710 499 748 Domini
532 710 770 748 institutione
805 711 922 761 ipsam
962 710 1128 761 corporis
1156 715 1192 748 et
1219 710 1413 760 sanguinis
1441 709 1581 747 Christi
1606 721 1692 759 par-

169 775 426 825 ticipationem
464 787 546 812 cum
575 787 641 812 suo
671 774 841 824 symbolo
871 775 1171 825 complectamur,
1210 777 1321 824 atque
1347 773 1401 810 ita
1426 772 1644 823 mysterium
1672 785 1693 810 a

170 850 236 875 suo
265 838 372 887 signo
400 838 438 875 in
468 851 603 876 coenae
630 838 850 876 Dominicae
877 838 1203 876 administratione
1230 850 1451 889 separemus.
1481 839 1566 886 (32)

221 903 282 940 Ad
318 903 389 940 hoc
415 916 503 953 ergo
530 904 808 954 respondemus.
863 905 1129 953 Agnoscimus,
1155 917 1225 941 nos
1251 903 1565 955 praepositionem
1590 902 1694 940 illam

169 965 209 1003 in
247 966 368 1003 verbis
405 966 538 1003 decimi
572 966 734 1004 Articuli
769 966 815 1004 ad
855 971 999 1018 tempus
1027 967 1149 1018 ipsum
1176 966 1357 1017 mysticae
1383 965 1541 1004 actionis
1567 966 1694 1017 potius

170 1029 209 1067 in
247 1042 373 1075 coena,
408 1043 517 1080 quam
555 1030 602 1067 ad
637 1030 743 1080 panis
779 1034 842 1067 aut
877 1030 1002 1080 poculi
1039 1030 1286 1067 substantiam
1314 1029 1433 1080 ipsam
1458 1029 1629 1066 locumve
1655 1028 1696 1065 in

169 1093 234 1131 illa
271 1094 386 1131 ullum
422 1094 578 1140 referre3
622 1093 686 1131 sed
723 1093 816 1131 nihil
851 1107 919 1132 nos
957 1094 1017 1131 hic
1053 1107 1074 1131 a
1100 1098 1223 1131 mente
1251 1092 1506 1131 Confessionis
1533 1092 1695 1129 alienum

171 1158 303 1203 facere,
330 1158 576 1195 nihilominus
604 1158 837 1195 affirmamus.
893 1157 985 1195 Eam
1014 1158 1115 1195 enim
1143 1156 1400 1195 confessionis
1427 1159 1591 1194 mentem
1617 1168 1697 1193 esse

171 1224 210 1261 in
237 1227 317 1261 tota
345 1223 588 1261 Confessione
616 1235 799 1272 nusquam
827 1222 1007 1267 videmus,
1034 1226 1075 1259 ut
1104 1235 1170 1273 pro
1200 1222 1331 1259 eodem
1358 1220 1477 1271 accipi
1495 1220 1595 1266 velit,
1620 1219 1697 1257 sive

173 1300 253 1324 cum
290 1300 385 1337 pane
420 1299 463 1324 ac
497 1287 632 1337 poculo
666 1287 847 1332 exhiberi,
884 1286 960 1324 sive
995 1287 1035 1323 111
1073 1290 1137 1324 aut
1165 1286 1233 1324 sub
1260 1286 1342 1337 ipso
1370 1298 1466 1336 pane
1492 1298 1535 1322 ac
1560 1283 1696 1336 poculo

171 1353 211 1389 in
247 1364 360 1389 coena
397 1364 529 1403 corpus
566 1355 601 1389 et
635 1352 853 1401 sanguinem
892 1351 1033 1389 Christi
1070 1351 1283 1389 delitescere
1312 1350 1431 1396 dicat3
1473 1349 1537 1387 sed
1572 1348 1698 1400 potius

171 1415 354 1458 videmus,
390 1416 436 1453 ab
473 1416 692 1453 adversariis
730 1416 869 1453 nostris
897 1429 977 1453 eam
1003 1416 1171 1466 ipsorum
1197 1414 1546 1466 interpretationem
1574 1414 1697 1452 verbis

170 1481 245 1518 illis
282 1481 414 1518 decimi
442 1481 603 1518 Articuli
630 1481 812 1525 adhiberi,
840 1494 933 1531 quae
962 1493 1045 1517 cum
1074 1480 1244 1519 doctrina
1272 1480 1434 1518 Articuli
1460 1479 1594 1517 decimi
1620 1482 1697 1516 ter-

171 1545 215 1582 tii
235 1546 266 1592 ³)
294 1544 457 1582 eiusdem
485 1545 603 1595 ipsius
632 1545 887 1582 Confessionis
917 1545 1118 1583 consistere
1141 1558 1217 1582 non
1235 1545 1367 1596 possit.
1396 1544 1701 1582 Commonstrent

171 1610 286 1659 igitur
321 1613 556 1647 accusatores
585 1609 716 1654 nostri,
744 1623 966 1660 quocunque
991 1610 1143 1648 tandem
1172 1611 1253 1647 loco
1284 1610 1541 1647 Confessionis
1569 1608 1699 1660 ipsius,

173 1674 296 1712 fontes
323 1674 466 1725 aliquos
495 1687 582 1712 suae
608 1674 717 1712 istius
745 1675 1078 1725 interpretationis,
1104 1675 1134 1712 si
1160 1675 1263 1712 illam
1291 1673 1605 1725 ap-(33)probare
1633 1686 1698 1711 vo-

173 1739 269 1785 lunt,
296 1742 372 1783 aut,
399 1738 429 1775 si
456 1738 494 1775 id
522 1751 599 1776 non
626 1743 796 1789 possunt,
825 1739 995 1776 desinant
1022 1752 1091 1776 nos
1119 1752 1245 1776 eorum
1273 1751 1457 1785 accusare,
1484 1751 1578 1789 quae
1596 1750 1698 1775 com-

173 1803 331 1855 probare
359 1806 559 1853 nequeunt.
587 1804 620 1850 4)
657 1803 738 1841 Νο5
765 1817 877 1854 porro
907 1804 1142 1842 ostendemus
1171 1817 1216 1841 ex
1240 1803 1411 1842 doctriua
1439 1803 1573 1841 decimi
1597 1803 1700 1841 tertii

174 1868 348 1912 Articuli,
389 1868 485 1905 hanc
530 1871 786 1905 accusatorum
830 1872 1043 1906 nostrorum
1078 1867 1424 1919 interpretationem
1460 1880 1544 1905 cum
1578 1871 1702 1905 mente

175 1931 430 1969 Confessionis
473 1930 589 1982 ipsius
628 1932 829 1969 consistere
864 1932 1150 1983 haudquaquam
1186 1945 1307 1983 posse.
1362 1932 1456 1970 Cum
1489 1931 1589 1969 enim
1621 1930 1700 1968 illic

177 1996 364 2040 doceatur,
398 1994 510 2032 fidem
543 1995 583 2032 in
610 2008 681 2033 usu
709 1996 1034 2034 Sacramentorum
1061 1996 1202 2047 requiri
1230 1996 1406 2043 omnino,
1433 1996 1701 2046 damneturque

174 2073 302 2097 eorum
330 2059 500 2096 doctrina
529 2059 676 2104 diserte,
703 2060 767 2111 qui
794 2060 894 2098 illam
924 2074 1001 2099 non
1029 2062 1237 2112 requirunt,
1264 2066 1301 2099 et
1321 2062 1496 2099 doceatur
1511 2065 1699 2112 praeterea

175 2123 248 2161 fide
283 2124 362 2174 ipsa
396 2123 537 2174 percipi
571 2124 743 2173 gratiam,
779 2138 872 2175 quae
900 2125 1140 2163 sacramentis
1169 2126 1402 2174 significatur
1429 2125 1639 2163 ostenditur
1666 2128 1702 2162 et

175 2187 392 2234 exhibetur3
428 2187 521 2225 fides
557 2192 680 2225 autem
715 2193 844 2226 nostra
872 2189 967 2226 1111111
1002 2190 1063 2226 1110
1100 2190 1138 2227 in
1175 2190 1284 2227 terris
1321 2190 1521 2236 intueatur,
1550 2189 1625 2235 sed,
1653 2188 1699 2226 ad

177 2263 262 2288 suae
290 2251 583 2290 conversationis
610 2252 733 2290 locum
761 2256 890 2291 autore
918 2253 1052 2304 spiritu
1080 2258 1210 2292 sancto
1239 2254 1429 2300 subvecta,
1455 2254 1534 2291 illic
1561 2253 1700 2291 saluta-

176 2329 254 2353 rem
288 2316 394 2353 illum
422 2317 587 2367 corporis
614 2321 649 2355 et
678 2317 871 2367 sanguinis
901 2319 1041 2357 Christi
1070 2320 1195 2357 cibum
1222 2332 1266 2357 ac
1291 2323 1422 2370 potum
1449 2321 1601 2369 quaerat
1641 2318 1701 2355 in-

176 2383 323 2418 tueatur
357 2384 393 2418 et
428 2382 680 2432 apprehendat
714 2383 755 2420 in
794 2383 889 2422 vitae
917 2387 1090 2423 aeternae
1116 2384 1334 2423 alimoniam
1361 2384 1430 2422 sub
1456 2384 1537 2434 ipso
1567 2395 1702 2421 coenae

223 2548 247 2588 ¹)
271 2547 348 2582 Cod.
371 2549 532 2582 Franz-on:
556 2551 588 2581 in
611 2551 677 2592 ipsa
705 2552 794 2595 Conf.

220 2603 247 2643 ²)
271 2604 348 2636 Cod.
378 2604 522 2636 Francos.
551 2608 712 2648 sequeutia
742 2609 787 2639 ita
815 2609 908 2650 legit:
942 2620 1003 2641 non
1031 2611 1094 2641 tam
1122 2610 1167 2641 ad
1188 2621 1302 2651 panem
1325 2609 1422 2651 ipsum
1444 2618 1482 2640 ac
1498 2608 1646 2649 poculum
1668 2607 1701 2639 in

179 2668 281 2698 coena,
304 2660 360 2691 sed
380 2660 423 2691 ad
444 2661 601 2702 mysticum
620 2664 725 2702 potius
746 2675 765 2695 a
784 2666 904 2697 Christo
927 2666 1062 2697 Domino
1085 2667 1260 2698 institutam
1277 2666 1373 2707 panis
1394 2676 1431 2696 ac
1451 2664 1557 2705 poc-uli
1572 2664 1704 2704 particl-

172 2715 341 2756 pationem,
365 2717 549 2756 referamus.
592 2717 714 2749 Desunt
737 2719 781 2750 ita
807 2745 814 2752 .
837 2745 844 2753 .
868 2746 874 2752 .
897 2732 1081 2762 stymremzcs.

223 2771 247 2809 ³)
272 2771 349 2803 Cod.
378 2771 523 2803 Francof.
553 2771 669 2813 ubique
692 2785 748 2815 pro
772 2775 881 2807 decimi
902 2778 989 2808 tercia·
1011 2777 1106 2809 habet
1128 2778 1215 2809 tertii
1237 2777 1356 2814 decimi,
1380 2775 1462 2817 quod
1488 2775 1584 2808 semel
1608 2786 1704 2807 anno-

179 2826 294 2857 tavisse
318 2827 462 2860 sufficiat.
773 2831 800 2870 ⁴)
824 2831 886 2864 Ib.:
911 2842 971 2863 non
993 2835 1118 2874 queunt.
