1818 3178
142 121 212 156 192
490 126 540 151 DE
571 121 854 150 sACRAMENTJS
886 119 1099 146 ECCLESIAE
1129 120 1306 147 CHR1÷¹1¹L

142 231 263 265 autem
297 238 440 277 pueros,
477 224 552 274 qui,
588 221 732 259 etiamsi
761 221 886 264 velint,
915 223 1083 270 reputare
1111 233 1150 257 ea
1180 233 1302 273 56611111
1331 233 1394 270 per
1423 223 1576 258 naturae
1602 220 1660 258 in-

143 292 354 328 firmitatem
390 303 464 326 non
491 290 657 338 possunt.
714 284 787 322 Hic
822 289 947 322 tamen
983 284 1078 321 nihil
1103 285 1246 335 privata
1276 285 1491 335 cuiusquam
1519 286 1662 322 autori-

143 360 217 393 tate
254 354 381 392 novari
415 352 536 396 velim,
572 350 635 388 sed
673 349 907 386 occasionem
937 349 1024 386 dare
1051 349 1153 386 volui
1181 349 1372 400 cogitandi
1398 362 1440 387 ea
1469 349 1513 386 de
1540 363 1579 387 re
1605 350 1667 396 iis,

144 419 189 456 ad
226 431 317 468 quos
354 430 438 453 cura
476 419 510 452 et
545 413 767 463 gubernatio
805 413 1056 450 Ecclesiarum
1092 413 1245 463 propius
1282 413 1465 464 pertinere
1499 413 1663 452 videtur.

144 482 289 520 Etenim
329 480 359 517 si
394 480 522 516 Petrus
560 478 763 528 Apostolus
800 477 856 515 sui
895 490 973 515 esse
1009 477 1117 515 officii
1152 478 1306 528 putavit,
1342 492 1419 515 non
1455 491 1579 515 arcere
1615 478 1661 515 ab

144 558 259 595 aquae
285 543 466 593 baptismo
494 542 602 579 ctiam
632 541 813 586 ethnicos,
840 554 932 591 quos
961 541 1071 578 modo
1100 540 1146 578 ad
1175 541 1363 579 Christum
1389 541 1572 592 pertinere
1588 541 1661 578 iam

145 610 294 660 spiritus
330 607 447 644 sancti
482 606 695 643 testimonio
733 606 895 648 videbat,
931 606 1094 654 cogitare
1119 610 1294 655 poterunt
1322 606 1445 649 etiam,
1473 606 1537 656 qui
1566 606 1664 643 Petri

146 673 262 709 oflicio
299 671 338 708 in
375 670 514 707 Christi
552 670 717 707 Ecclesia
754 670 972 719 funguntur,
1001 682 1150 706 suarum
1177 669 1338 719 partium
1366 683 1457 715 esse,
1485 674 1524 707 ut
1552 683 1614 707 eos
1643 683 1663 706 a

144 738 249 785 signo
290 734 562 772 communionis
591 734 755 784 corporis
783 738 819 771 et
847 733 1038 782 sanguinis
1069 733 1208 771 Christi
1235 747 1281 770 ne
1308 740 1468 778 arceant,
1496 747 1589 784 quos
1617 733 1660 771 ad

144 814 222 837 eam
260 797 557 835 communionem
593 797 776 847 pertinere
815 797 971 847 vivaque
1005 796 1095 834 adeo
1138 796 1303 833 membra
1332 797 1497 847 corporis
1526 796 1666 833 Christi

145 869 181 902 et
208 865 397 912 signorum
424 865 610 912 praeterea
638 861 968 899 Sacramentalium
999 874 1150 912 capaces
1178 875 1256 898 esse
1285 861 1419 899 sciunt.

195 928 243 964 Et
277 927 379 977 pueri
415 925 575 976 quidem,
613 924 701 961 dum
738 938 813 962 non
848 925 1107 970 admittuntur,
1143 925 1227 973 (sol.
1266 926 1351 971 92¹1)
1388 928 1491 962 extra
1520 924 1665 974 culpam

147 997 232 1029 sunt
268 990 394 1028 violati
430 989 596 1027 mandati
631 989 751 1026 illius:
788 989 859 1026 1106
894 990 1014 1026 facite.
1072 989 1155 1032 Sed,
1193 989 1223 1026 si
1259 989 1319 1025 hic
1355 989 1429 1025 ulla
1465 989 1571 1038 culpa
1599 992 1672 1028 est.

146 1070 184 1093 ca
224 1069 310 1093 sane
346 1055 382 1092 in
421 1055 466 1091 iis
501 1058 579 1091 tota
618 1053 753 1099 haeret,
789 1054 853 1104 qui
890 1066 1035 1104 pueros.
1070 1067 1152 1090 cum
1190 1053 1264 1090 sint
1300 1053 1465 1090 membra
1503 1053 1668 1103 corporis

149 1120 298 1161 Christi,
335 1117 691 1172 ad'obsignandam
729 1117 878 1155 interim
914 1131 977 1167 per
1015 1130 1149 1154 coenae
1185 1131 1290 1154 usum
1329 1130 1408 1154 eam
1435 1116 1555 1167 ipsam
1583 1130 1664 1153 cum

149 1184 295 1221 Christo
322 1183 360 1220 111
391 1195 543 1232 corpore
571 1195 637 1219 suo
667 1181 970 1219 communionem
993 1194 1068 1218 non
1097 1180 1312 1219 admittunt.
1350 1181 1409 1218 Ita
1438 1194 1522 1217 vero
1551 1185 1587 1218 et
1613 1180 1670 1217 illi

148 1252 249 1286 extra
278 1261 424 1285 omnem
453 1247 595 1296 culpam
627 1249 725 1291 sunt,
753 1245 817 1296 qui
845 1250 994 1296 propter
1012 1245 1262 1282 Pharisaicam
1283 1244 1667 1282 Antichristianamve

147 1312 267 1362 Papae
305 1311 463 1348 Romani
499 1310 651 1360 eiusque
685 1309 872 1347 simiarum
904 1309 1141 1360 tyrannidem
1169 1309 1214 1346 ab
1242 1323 1314 1346 usu
1343 1310 1667 1347 Saeramentorum

148 1377 332 1414 abstinere
360 1376 501 1412 malunt
527 1374 664 1425 potius,
692 1387 801 1424 quam
828 1378 870 1411 ut
896 1387 937 1411 ea
966 1373 1140 1411 cumillis
1161 1373 1427 1424 quoquomodo
1446 1374 1670 1424 profanent3

150 1440 213 1478 sed
251 1440 354 1489 culpa
391 1439 511 1476 omnis
545 1438 584 1476 in
620 1438 705 1475 illos
733 1438 929 1483 redundat,
957 1425 1019 1488 qui
1048 1437 1247 1488 puritatem
1277 1439 1601 1475 Sacramentorum
1628 1437 1668 1475 in

151 1505 288 1542 Christi
325 1504 476 1541 Domini
517 1503 780 1541 contumeliam
808 1503 884 1540 suis
911 1502 1178 1540 traditionibus
1205 1502 1452 1553 impurarunt,
1479 1507 1527 1548 et,
1553 1507 1596 1539 ut
1623 1502 1669 1538 ad

150 1583 235 1606 suae
270 1568 494 1619 impuritatis
532 1568 746 1605 societatem
783 1580 910 1604 omnes
945 1579 1067 1603 secum
1106 1566 1318 1616 pertrahere
1354 1567 1511 1617 possint,
1545 1565 1671 1615 legiti-

149 1646 249 1670 mum
287 1634 608 1669 Sacramentorum
643 1645 764 1673 usum,
800 1635 842 1668 ut
868 1644 888 1668 a
918 1631 1067 1668 Christo
1094 1631 1312 1668 institutum
1340 1635 1376 1668 et
1403 1631 1449 1667 ab
1480 1630 1672 1681 Apostolis

150 1697 383 1734 observatum
417 1709 495 1734 esse
529 1696 697 1745 legimus,
725 1709 801 1733 non
828 1700 975 1733 tantum
1004 1697 1098 1733 ferre
1125 1697 1271 1741 nolunt,
1299 1696 1363 1733 sed
1391 1696 1502 1733 etiam
1531 1696 1670 1747 capita-

150 1762 222 1798 lem
257 1761 384 1798 haberi
416 1761 557 1799 volunt.
614 1761 727 1799 Quod
763 1760 931 1811 equidem
961 1761 1006 1798 ad
1035 1774 1161 1798 eorum
1191 1761 1485 1798 consolationem
1511 1761 1671 1799 adiicere

153 1825 264 1869 volui,
299 1825 362 1875 qui
398 1825 493 1862 inter
519 1825 603 1862 illos
631 1829 837 1871 versantur,
864 1825 961 1876 apud
990 1839 1082 1876 quos
1109 1826 1318 1875 legitimum
1346 1827 1671 1864 Sacramentorum

151 1902 259 1926 usum
287 1889 419 1927 habere
447 1903 520 1927 non
551 1894 718 1939 possunt,
744 1890 958 1940 maluntque
979 1889 1165 1927 abstinere
1190 1890 1343 1927 omnino
1365 1904 1385 1927 a
1407 1891 1672 1937 Sacmmentis,

153 1953 239 1990 dum
267 1953 365 1990 aliud
396 1966 468 1990 non
498 1958 667 2004 possunt,
695 1967 805 2004 quam
833 1954 897 1990 illa
925 1954 1034 1991 simul
1064 1967 1147 1991 cum
1175 1954 1257 1992 aliis
1283 1955 1492 2005 profanare.

205 2017 396 2054 Habemus
423 2017 538 2065 igitur
565 2017 604 2054 in
634 2030 767 2055 coenae
795 2018 1006 2055 Dominicae
1027 2018 1204 2066 con-(sol.
1227 2018 1549 2066 93²²)sideratione,
1578 2019 1672 2056 Coe-

154 2094 240 2117 nam
276 2080 428 2117 Domini
462 2094 541 2118 esse
577 2081 645 2118 Dei
682 2081 955 2119 ordinationem
989 2082 1028 2119 in
1058 2082 1246 2120 Ecclesiae
1274 2096 1360 2120 suae
1387 2083 1594 2138 ministerio
1622 2084 1673 2121 ita

153 2144 321 2194 positam,
359 2149 397 2182 ut
431 2144 476 2181 ad
513 2145 639 2182 omnia
673 2145 774 2183 illius
810 2146 974 2183 membra
1012 2147 1166 2184 omnino
1201 2147 1397 2197 pertineat,
1433 2161 1674 2199 quaecunque

155 2208 351 2257 praedietis
378 2209 657 2259 exceptionibus
674 2224 760 2254 ,non
789 2210 1053 2249 includuntur:
1079 2212 1229 2249 tametsi
1257 2212 1301 2250 de
1328 2225 1527 2263 puerorum
1548 2213 1671 2250 infan-

155 2271 241 2308 tiam
272 2286 607 2322 superegressorum
638 2275 855 2325 exceptione
884 2276 1092 2314 accuratius
1123 2276 1279 2326 eogitari
1306 2277 1428 2316 velim,

206 2336 284 2372 Iam
321 2337 420 2386 quod
456 2338 500 2374 ad
539 2339 686 2387 signum
725 2352 858 2377 coenae
896 2339 1103 2378 dominicae
1131 2341 1273 2385 attinet,
1300 2341 1380 2392 ipsa
1409 2341 1670 2390 Euangelista-

156 2414 237 2437 rum
274 2405 309 2438 ct
343 2402 446 2439 Pauli
483 2404 643 2440 narratio
673 2404 818 2452 signum
849 2404 957 2441 nobis
988 2417 1121 2443 coenae
1148 2405 1301 2451 indicat,
1329 2405 1360 2443 si
1389 2418 1468 2442 cum
1497 2405 1672 2443 mandato

157 2464 241 2501 illo:
270 2464 340 2500 hoc
367 2465 489 2510 facite,
517 2467 777 2516 coniungatur,
803 2490 851 2496 —
880 2469 1054 2506 nimirum
1084 2469 1254 2507 Christus
1283 2469 1467 2506 Dominus
1495 2469 1671 2506 mandato

158 2530 229 2566 hoc
265 2542 330 2566 suo
368 2542 442 2566 non
478 2531 577 2568 aliud
614 2533 721 2570 iussit
749 2533 808 2582 agi
837 2533 875 2570 in
907 2547 1041 2572 coenae
1069 2548 1156 2572 suae
1183 2534 1521 2581 administratione,
1548 2548 1674 2585 quam,

158 2593 256 2644 quod
274 2588 438 2643 «ipsemet
466 2595 599 2642 egisset
626 2596 664 2633 in
692 2597 790 2634 illius
819 2598 1067 2637 institutione.

210 2658 304 2694 Sunt
330 2661 463 2702 autem,
490 2658 552 2706 qui
579 2659 850 2699 institutionem
879 2676 1013 2700 coenae
1042 2663 1248 2701 dominicae
1267 2663 1504 2715 auspicentur
1527 2664 1573 2701 ab
1593 2664 1673 2715 ipsa

158 2722 244 2771 agni
281 2721 468 2758 Paschalis
504 2734 627 2760 coena.
682 2726 777 2763 Sunt
811 2727 886 2772 alii,
921 2728 984 2778 qui
1010 2729 1113 2765 illam
1140 2729 1378 2780 auspicentur
1407 2743 1426 2766 a
1452 2729 1586 2780 pedum
1614 2730 1671 2766 lo·

158 2787 271 2829 tione,
306 2790 543 2836 posteaquam
585 2799 695 2824 coena
733 2789 861 2837 legalis
896 2796 1043 2841 peracta
1073 2796 1180 2837 esset,
1206 2815 1256 2822 —
1283 2797 1318 2831 et
1353 2793 1510 2844 proinde
1539 2806 1673 2831 coenae

160 2849 376 2888 Dominicac
413 2848 449 2886 et
487 2849 595 2900 dapes
624 2850 714 2888 alias
741 2853 916 2891 adhibere
944 2855 980 2892 et
1007 2856 1138 2905 pedum
1169 2857 1277 2894 etiam
1310 2857 1405 2894 circa
1431 2857 1531 2895 illam
1560 2857 1671 2894 lotio·
