1818 3178
184 114 253 150 120
529 120 580 146 DE
609 115 889 145 sscRAMENTIS
917 116 1132 144 aeetasmss
1160 118 1339 147 cflais'rl.

184 235 247 260 seu
273 221 444 271 mysterio
472 219 616 257 consilii
642 220 770 258 Divini
799 220 841 265 ¹),
897 217 946 253 Et
980 229 1089 266 super
1122 218 1229 256 Pauli
1266 219 1438 269 Apostoli
1465 218 1577 257 verba
1603 220 1689 258 illa:

185 286 373 323 Habentes
406 285 614 321 thesaurum
650 284 748 321 hune
782 283 822 320 in
860 281 957 319 vasis
984 281 1164 320 fictilibus
1191 287 1274 327 etc.‚
1302 276 1437 321 diserte
1464 284 1538 321 ait:
1592 285 1693 322 The-

182 350 280 387 sauri
315 362 402 386 voce
436 348 619 396 designari
654 348 762 384 nobis
797 347 866 384 Dei
901 347 941 383 in
978 345 1126 383 Christo
1164 347 1457 394 Sacramentum,
1483 348 1584 398 quod
1613 362 1691 387 cre-

181 413 350 450 dentibus
377 411 630 448 manifestatur
650 413 681 458 2)
709 415 745 449 et
771 424 865 461 quae
894 410 1002 447 huius
1031 410 1167 447 similia
1194 412 1292 462 apud
1318 412 1425 449 illum
1442 413 1690 463 reperiuntur.

231 476 362 513 Itidem
400 488 483 513 vero
520 480 555 512 et
589 475 685 525 apud
720 474 974 524 Augustinum
1011 477 1067 511 est
1103 474 1247 523 vi-(fol.
1284 476 1433 524 ssb)dere
1460 489 1536 514 non
1563 476 1692 527 paucis

179 541 282 585 loeis,
318 539 460 577 etiamsi
503 540 542 576 in
586 545 805 588 argumento
852 538 1147 576 sacramentario
1185 552 1313 577 vocem
1358 529 1588 579 Sacr'amenti
1623 554 1690 592 pro

181 605 294 652 signis
320 604 394 641 fere
420 604 580 641 externis
607 605 722 641 soleat
749 616 937 654 usurpare,
963 603 1197 653 potissimum
1225 617 1312 641 vero
1338 605 1406 642 ubi
1424 605 1690 656 seripturarum

183 669 416 705 Sacramenta
455 667 633 717 quaedam
669 668 892 718 quandoque
927 667 1037 704 nobis
1075 667 1196 704 claudi
1225 667 1344 711 docet,
1374 682 1481 707 anon
1509 673 1552 707 ut
1579 670 1690 708 dene-

179 734 312 779 gentur
338 730 495 780 (inquit)
523 731 586 768 sed
615 734 654 768 ut
680 731 915 781 pulsantibus
942 730 1181 781 aperiantur''
1208 733 1253 779 8).

228 795 336 845 Apud
372 795 643 844 Hieronymum
681 809 768 833 sane
803 808 880 833 non
916 799 991 832 tam
1029 798 1083 832 est
1111 796 1285 846 frequens
1313 809 1400 833 usus
1429 798 1530 835 vocis
1559 798 1690 836 Sacra-

179 858 305 901 menti,
339 858 401 894 sed
436 858 570 908 passim
598 859 674 896 fere
699 871 767 909 pro
794 858 970 907 mysterio
997 862 1210 908 usurpatur,
1239 863 1277 896 ut
1305 859 1392 896 dum
1419 872 1475 906 ea,
1501 873 1593 910 quae
1620 862 1692 898 rni-

179 923 275 960 nima
311 923 420 959 etiam
457 922 496 959 in
531 923 611 970 lege
646 936 725 960 esse
759 927 948 973 putantur,
984 924 1092 973 plena
1127 923 1275 961 interim
1304 924 1553 962 Sacramentis
1580 926 1690 976 spiri-

179 987 340 1024 tualibus
373 1000 451 1024 esse
487 986 594 1024 docet
620 987 673 1033 ⁴);
710 988 857 1024 etiamsi
889 987 1028 1025 alicubi
1064 1001 1192 1025 vocem
1230 989 1461 1026 Sacramenti
1487 1003 1553 1039 pro
1581 991 1689 1039 signo

179 1054 328 1087 externo
365 1054 526 1100 usurpat,
562 1051 626 1087 ubi
653 1052 789 1088 Panem
816 1052 1084 1102 propositionis
1112 1052 1340 1090 oblationem
1367 1053 1529 1103 typicam
1558 1055 1690 1092 Sacra-

177 1119 339 1152 mentum
368 1119 474 1152 vocat
501 1117 544 1161 ὅ).

227 1179 284 1215 Ita
320 1179 431 1215 iidem
466 1179 537 1228 ipsi
570 1179 696 1216 Patres
724 1179 792 1216 sub
820 1193 910 1217 voce
938 1181 1166 1218 Sacramenti
1193 1195 1464 1233 nonnunquam
1491 1185 1598 1233 signa
1625 1198 1689 1222 ex-

177 1248 280 1279 terna
314 1242 539 1290 intelligunt,
577 1255 845 1293 nonnunquam
874 1257 959 1281 vero
987 1245 1067 1294 ipsa
1094 1244 1223 1283 Divini
1252 1247 1398 1283 consilii
1424 1248 1597 1296 mysteria
1626 1262 1690 1286 seu

178 1319 331 1351 areana;
360 1306 502 1342 etiamsi
539 1306 773 1353 Augustinus
810 1307 849 1344 in
888 1320 996 1345 causa
1033 1309 1249 1358 praesertim
1291 1311 1587 1349 Sacramentaria
1622 1326 1689 1363 pro

179 1370 284 1418 signo
311 1375 462 1406 externo
492 1370 566 1406 fere
592 1382 681 1406 voce
708 1371 949 1417 Sacramenti,
978 1376 1014 1408 ut
1044 1372 1184 1410 dietum
1212 1378 1279 1419 est,
1306 1375 1362 1412 uti
1388 1375 1494 1413 solet.

229 1433 419 1470 Caeterum
455 1433 518 1469 alii
552 1433 679 1470 Patres
716 1447 844 1471 rursus
881 1447 1007 1472 voeem
1037 1436 1269 1474 Sacramenti
1298 1443 1477 1489 usurpant
1503 1453 1569 1489 pro
1599 1453 1689 1478 con-

175 1496 311 1534 iunctis
338 1496 447 1533 simul
475 1497 511 1533 et
537 1497 653 1545 signis
679 1498 842 1535 externis
868 1511 888 1535 a
916 1498 1079 1537 Domino
1106 1501 1289 1539 institutis
1317 1502 1354 1540 et
1379 1516 1446 1553 pro
1466 1504 1688 1552 in-(f01.7'‘¹)

177 1559 289 1596 ternis
333 1572 375 1596 ac
419 1559 645 1609 spiritalibus
681 1561 879 1610 mysteriis,
915 1575 1008 1612 quae
1044 1576 1108 1613 per
1144 1564 1252 1613 signa
1286 1569 1439 1603 externa
1474 1580 1688 1618 repraesen-

175 1626 312 1659 tantur.

226 1686 284 1723 Ita
319 1686 494 1723 Irenaeus
540 1687 815 1726 Eucharistiam
851 1689 994 1727 duabus
1031 1691 1141 1728 rebus
1180 1697 1349 1730 constare
1386 1694 1505 1737 docet,
1542 1697 1689 1735 caelesti

178 1761 220 1784 ac
256 1752 411 1789 terrena,
438 1748 505 1785 sub
543 1762 582 1786 re
617 1751 780 1788 terrestri
807 1750 1007 1800 designans
1035 1752 1183 1802 signum
1210 1761 1404 1792 externum
1433 1756 1590 1803 visibile,
1618 1759 1687 1796 sub

179 1812 324 1849 caelesti
359 1818 480 1849 autem
516 1826 554 1850 re
592 1814 754 1863 spiritale
789 1828 832 1852 ae
866 1816 1057 1854 invisibile
1092 1819 1322 1867 mysterium,
1358 1821 1458 1870 quod
1486 1822 1594 1871 signo
1623 1823 1687 1861 illo

177 1879 328 1912 externo
356 1875 595 1914 adumbratur
621 1879 667 1924 6).

227 1938 285 1976 Ita
322 1939 605 1988 Chrysostomus
640 1941 680 1978 in
717 1941 890 1992 baptismi
918 1947 953 1981 et
992 1957 1125 1983 caenae
1153 1946 1391 1984 Saeramento
1421 1949 1612 1987 sensibilia
1639 1951 1687 1988 ab

177 2003 234 2044 iis,
285 2015 376 2052 quae
430 2008 551 2041 mente
586 2004 850 2055 percipiuntur,
890 2007 1080 2052 discernit,
1116 2014 1152 2046 et
1187 2009 1336 2048 interim
1374 2016 1528 2062 utraque
1563 2019 1686 2052 tamen

180 2067 383 2114 coniungit,
426 2072 534 2118 atque
577 2069 616 2105 in
649 2082 757 2120 opere
793 2072 961 2109 sensibili
997 2087 1016 2110 a
1052 2072 1216 2111 Domino
1252 2075 1424 2113 instituto
1463 2078 1542 2115 vult
1574 2079 1686 2117 etiam

181 2137 232 2170 τὰ
260 2138 377 2175 vom-:2
405 2131 593 2168 observari
621 2133 665 2180 ⁷).
1407 2184 1410 2187 Ι

228 2194 286 2230 Ita
320 2198 354 2231 et
390 2194 643 2244 Hieronymus
687 2196 765 2246 ipse
799 2198 839 2234 in
877 2211 1011 2236 caenae
1047 2200 1301 2247 Sacramento,
1335 2216 1430 2253 pane
1465 2204 1609 2254 prolato
1647 2207 1686 2243 in

179 2257 300 2293 cibum
337 2258 527 2296 veritatem
555 2260 718 2310 corporis
745 2265 781 2298 et
809 2263 1000 2311 sanguinis
1029 2264 1168 2302 Christi
1195 2267 1442 2316 representari
1470 2268 1598 2315 (locet3
1627 2270 1685 2306 ni-

180 2321 310 2357 mirum
347 2327 385 2358 ut
421 2335 568 2360 caenam
601 2325 750 2362 Domini
777 2339 850 2363 non
881 2327 988 2374 signo
1017 2333 1158 2367 tantum
1191 2336 1357 2376 externo,
1385 2332 1449 2369 Sed
1477 2337 1512 2370 et
1538 2333 1685 2371 interno

178 2397 220 2420 ac
249 2385 394 2422 caelesti
420 2388 592 2435 mysterio
622 2394 790 2427 constare
816 2390 1067 2440 intelligamus
1095 2393 1140 2441 ³).

229 2449 300 2485 Sed
335 2450 498 2487 oxnnium
535 2452 736 2490 clarissime
771 2454 810 2491 id
838 2455 944 2494 docet
970 2457 1204 2504 Ambrosius,
1232 2459 1295 2509 qui
1324 2459 1368 2497 de
1397 2460 1580 2510 baptismo
1609 2462 1685 2500 dis-

181 2524 314 2555 serens,
349 2513 448 2549 aliud
486 2526 563 2551 esse
589 2519 756 2562 testatur,
783 2519 883 2567 quod
912 2520 1108 2559 visibiliter
1134 2521 1174 2559 in
1203 2522 1386 2573 baptismo
1422 2524 1559 2572 agitur,
1584 2526 1685 2564 aliud

223 2665 245 2701 ¹)
271 2664 306 2693 In
330 2665 349 2693 4
372 2674 438 2704 cap.
462 2664 563 2695 Lucae
587 2677 679 2707 super
702 2669 795 2700 verba
819 2670 888 2702 illa:
913 2672 954 2703 Et
976 2674 1067 2705 multi
1091 2679 1180 2707 erant
1203 2677 1319 2718 leprosi
1343 2679 1538 2720 temporibus
1554 2680 1685 2712 Helisei.

220 2720 246 2756 ²)
270 2719 307 2749 ln
330 2719 348 2748 2
372 2718 443 2749 Cor.
465 2720 485 2748 4
507 2730 574 2760 cap.
618 2722 643 2759 ³)
667 2722 703 2752 ln
726 2725 882 2766 principio
905 2729 1110 2767 praefationis
1133 2731 1240 2761 Psalm
1256 2732 1306 2763 93.
1349 2733 1376 2771 ⁴²)
1394 2734 1433 2764 In
1449 2745 1516 2775 cap.
1535 2736 1551 2764 5
1567 2735 1685 2767 Matth.

221 2775 246 2811 5)
272 2774 308 2804 ln
331 2773 471 2804 Malacca
496 2775 522 2811 1,
546 2786 639 2816 super
662 2778 756 2809 verba
779 2780 848 2811 illa:
873 2782 999 2814 Offertis
1023 2795 1117 2825 super
1140 2786 1237 2817 altare
1260 2798 1500 2830 meunrpanem
1518 2790 1684 2831 pollutum.

223 2830 248 2869 ⁶)
273 2828 320 2859 Li.
342 2829 370 2868 4,
387 2828 544 2860 Adversus
567 2830 717 2869 haereses,
741 2844 807 2876 cap.
831 2836 879 2868 34.
902 2838 928 2876 ⁷)
952 2837 1047 2871 Hom.
1071 2839 1102 2870 in
1124 2840 1218 2873 Matt.
1241 2842 1291 2874 83.
1314 2843 1340 2882 8)
1365 2844 1402 2874 In
1418 2844 1534 2876 Matth.
1551 2855 1619 2886 cap.
1635 2846 1686 2878 26.
