1818 3178
189 98 264 133 422
691 107 908 135 RESPONSIO
936 109 1030 136 ADV.
1064 88 1229 136 HosinM.

197 206 245 243 ab
284 206 357 244 ullo
385 205 546 243 homine
573 218 734 257 unquam
764 207 883 245 Deum
911 211 974 246 aut
1001 222 1080 247 esse
1107 209 1228 247 visum
1263 213 1327 248 aut
1353 210 1471 248 videri
1497 211 1608 249 etiam
1635 225 1722 263 pos-

197 283 247 316 se,
280 269 418 307 nedum
454 273 496 307 ut
532 282 602 307 nos
637 270 715 308 ulla
751 272 872 319 nostri
906 272 1068 311 invicem
1096 273 1307 321 dilectione,
1332 279 1376 313 ut
1407 288 1491 313 eum
1517 275 1724 322 videamus,

194 336 332 373 efficere
367 335 567 386 possimuS,
594 335 658 373 sed
695 348 739 374 ex
776 336 1009 387 plenitudine
1049 337 1189 376 Christi
1216 338 1371 377 Domini
1407 339 1520 377 nobis
1557 352 1577 377 a
1613 340 1724 378 Patre

197 399 328 437 donati
363 403 485 450 petere
520 413 590 437 nos
617 403 728 451 atque
755 405 949 452 expectare
976 405 1136 453 oportet,
1162 402 1342 454 quicquid
1369 404 1522 442 omnino
1550 404 1591 442 in
1618 404 1723 442 verbi

195 462 326 501 Divini
362 464 535 502 doctrina
571 478 656 502 vere
683 465 777 503 scire
803 470 866 504 aut
895 466 1027 504 docere
1054 467 1301 518 postulamus.
1355 468 1443 506 Quo
1470 471 1581 519 pacto
1607 468 1724 517 igitur

193 540 341 566 omnem
378 529 483 566 verbi
510 528 640 566 Divini
670 529 879 568 doctrinam
906 531 947 568 in
974 531 1086 568 unico
1115 531 1187 568 hoc
1214 532 1328 570 verbo
1360 533 1532 582 '‘dilige'’
1559 533 1722 584 positam

193 605 272 630 esse
308 592 400 631 dicit
435 593 592 639 Hosius,
629 606 711 631 curn
747 608 793 633 ne
820 594 1058 633 dilectionem
1095 595 1245 646 quidem
1273 596 1390 647 ipsam
1417 597 1515 635 inter
1542 610 1611 635 nos
1638 610 1723 634 mu-

191 660 295 694 tuam
329 668 441 695 nosse
480 657 589 695 etiam
617 671 714 704 vere,
741 658 880 697 nedum
907 659 1045 697 habere
1074 660 1270 710 possimus,
1298 660 1373 698 nisi
1399 661 1584 712 patefacta
1611 661 1722 699 nobis

192 722 309 772 prius,
353 735 397 760 ex
443 722 586 760 Christi
630 723 741 761 nobis
787 723 950 773 gratuito
989 724 1117 762 donati
1162 725 1408 776 plenitudine,
1452 726 1557 764 verbi
1593 726 1723 764 Divini

194 787 366 823 doctrina
404 786 449 824 de
476 787 556 838 ipsa
585 789 669 836 (79)
699 787 926 826 dilectione?
980 788 1062 826 Iam
1090 792 1126 827 et
1154 788 1226 826 hoc
1254 789 1348 827 scire
1375 802 1420 828 ex
1447 789 1570 827 Hosio
1598 790 1722 837 velim,

192 864 281 888 num
317 850 430 888 fidem
458 851 569 889 etiam
597 852 672 901 legi
700 852 859 890 Divinae
886 852 1066 899 includat,
1105 853 1193 890 dum
1221 852 1320 891 Deos
1348 853 1459 891 nobis
1486 854 1629 892 alienos
1658 867 1719 891 co-

189 928 268 953 ram
303 915 399 953 facie
435 915 590 953 Domini
626 916 776 963 habere,
811 917 900 954 dum
936 917 1082 955 nullum
1118 917 1222 955 illius
1259 918 1542 965 simulachrum,
1577 918 1721 957 sivein

189 980 294 1017 coelo
330 992 499 1031 superne,
535 980 611 1019 sive
645 981 706 1018 hic
741 981 782 1018 in
815 985 913 1019 terra
950 982 1019 1019 sub
1058 982 1174 1027 coelo,
1202 981 1279 1020 sive
1307 983 1377 1020 sub
1405 986 1503 1021 terra
1529 983 1570 1021 in
1598 983 1719 1034 aquis,

189 1044 310 1082 facere
345 1048 382 1082 et
420 1045 539 1083 colere
565 1045 691 1083 verbis
719 1046 904 1097 expressis
931 1046 1192 1097 prohibemur.
1256 1047 1296 1084 Si
1323 1051 1450 1097 negat,
1479 1047 1630 1086 Christo
1658 1047 1722 1085 hic

190 1108 367 1155 Domino,
404 1121 482 1147 non
508 1109 602 1147 mihi
629 1110 862 1161 respondeat,
897 1110 975 1161 qui,
1012 1115 1052 1148 ut
1078 1111 1199 1161 ipsam
1225 1111 1319 1160 legis
1357 1112 1475 1150 totius
1510 1111 1719 1162 anacepha-

188 1172 334 1211 loeosin
368 1186 413 1211 ex
448 1173 556 1212 Mose
582 1173 776 1215 recitatam
803 1174 951 1225 probat,
987 1175 1040 1213 ita
1068 1175 1234 1213 eiusdem
1261 1176 1381 1227 ipsius
1411 1176 1529 1214 Mosis
1557 1176 1721 1227 explica-

185 1237 326 1275 tionem
359 1238 518 1276 Satanae
554 1251 591 1276 se
624 1240 787 1277 tentanti
822 1239 992 1290 opponit.
1041 1239 1262 1286 Dominum,
1289 1240 1427 1291 inquit,
1452 1244 1558 1279 tuum
1587 1241 1721 1279 adora-

187 1301 277 1339 bitis
314 1305 350 1339 et
384 1302 493 1340 illum
530 1303 651 1341 solum
690 1303 800 1341 coles.
865 1305 942 1342 Aut
979 1303 1098 1353 igitur
1125 1309 1237 1353 neget
1263 1304 1408 1343 Hosius
1435 1305 1509 1343 fide
1534 1305 1720 1357 imprimis

187 1365 258 1403 coli
294 1366 427 1413 Deum,
462 1371 502 1405 ut
543 1368 655 1405 fidem
698 1367 791 1417 legis
819 1367 935 1405 totius
961 1368 1154 1419 praedicto
1184 1369 1404 1420 compendio
1432 1370 1499 1407 illo
1535 1370 1723 1417 excludat,

185 1433 248 1467 aut
285 1431 457 1476 fateatur,
494 1431 603 1469 fidem
639 1431 679 1469 in
706 1431 772 1469 illo
818 1445 933 1483 aeque
960 1436 1070 1483 atque
1098 1433 1351 1481 dilectionem,
1377 1446 1424 1471 ne
1452 1433 1574 1471 dicam
1600 1434 1721 1484 magis

186 1495 305 1533 multo
342 1496 495 1547 requiri,
531 1500 713 1547 quatenus
744 1510 832 1535 sane
858 1497 958 1535 idem
984 1498 1065 1548 ipse
1100 1498 1250 1543 Paulus,
1287 1498 1352 1549 qui
1388 1498 1606 1537 charitatem
1632 1498 1720 1536 fidei

186 1560 278 1598 alibi
295 1564 393 1598 certa
421 1561 583 1612 quadam
610 1561 754 1600 ratione
781 1562 977 1613 anteponit
996 1583 1047 1591 —
1075 1575 1188 1612 quam
1213 1565 1249 1600 et
1271 1575 1341 1600 nos
1368 1562 1530 1600 libenter
1556 1562 1719 1613 amplec-

184 1626 300 1663 timur
325 1647 376 1656 —
402 1626 442 1663 id
471 1626 571 1677 quod
599 1639 675 1664 non
705 1640 748 1665 ex
777 1626 850 1665 fide
877 1630 985 1675 esset,
1019 1632 1214 1678 peccatum
1250 1640 1341 1674 esse,
1374 1639 1417 1664 ac
1452 1627 1610 1678 proinde
1638 1626 1718 1665 Deo

185 1691 331 1742 placere
368 1704 445 1729 non
471 1704 582 1742 posse
607 1692 848 1743 pronunciat,
886 1691 1178 1743 quic-(80)quid
1206 1691 1300 1729 illud
1328 1691 1482 1730 omnino
1510 1695 1617 1732 esset.
1669 1691 1720 1730 Et

187 1755 357 1794 Christus
390 1756 546 1807 ipsemet
582 1756 781 1805 Dominus,
816 1757 885 1795 etsi
912 1757 1040 1795 multis
1069 1757 1203 1806 elogiis
1231 1757 1470 1795 dilectionem
1498 1761 1605 1796 ornet
1631 1770 1718 1808 pas-

185 1822 255 1859 sim
283 1825 393 1872 atque
422 1822 533 1859 etiam
569 1821 745 1867 inculcet,
773 1835 851 1860 non
877 1825 1002 1860 tamen
1029 1822 1081 1860 ita
1108 1822 1166 1859 illi
1195 1822 1351 1860 salutem
1379 1826 1545 1861 nostram
1577 1822 1721 1872 alligat,

185 1886 498 1938 quemadmodum
526 1886 613 1925 fidei
641 1888 744 1926 facit.
797 1886 876 1925 Qui
905 1887 1034 1934 credit,
1059 1887 1198 1938 inquit,
1230 1887 1342 1926 habet
1369 1888 1483 1937 vitam
1519 1891 1719 1935 aeternam,

184 1964 228 1989 ac
263 1951 440 1999 vicissim,
470 1952 549 1990 Qui
576 1965 654 1990 non
684 1952 885 1990 crediderit
914 1952 1239 1992 condemnabitur.
1292 1952 1472 1990 Videmus
1508 1952 1625 2002 igitur
1652 1966 1718 1990 va-

183 2029 275 2054 num
319 2029 410 2063 esse,
445 2016 546 2067 quod
582 2020 690 2066 urget
727 2016 885 2064 Hosius,
920 2030 1069 2056 omnem
1105 2017 1210 2056 verbi
1258 2016 1389 2056 Divini
1425 2018 1636 2056 doctrinam
1677 2018 1718 2057 in

183 2071 296 2118 unico
324 2082 438 2119 verbo
469 2082 642 2132 udilige'’
668 2083 829 2133 positam
857 2095 950 2122 esse.
987 2083 1070 2121 Nos
1089 2096 1201 2134 porro
1223 2083 1412 2129 docemus,
1439 2096 1587 2122 omnem
1613 2083 1718 2122 verbi

184 2146 314 2184 Divini
348 2146 559 2185 doctrinam
597 2147 813 2195 consistere,
840 2148 1003 2199 primum
1038 2148 1079 2187 in
1117 2148 1253 2186 efficaci
1290 2162 1354 2200 per
1391 2149 1571 2200 Spiritum
1601 2149 1719 2187 Sanc·

182 2215 263 2250 tum
299 2211 344 2249 de
380 2212 480 2250 bona
515 2212 586 2250 Dei
624 2226 712 2262 erga
749 2226 819 2251 nos
855 2213 895 2251 in
934 2214 1073 2252 donato
1109 2214 1223 2252 nobis
1262 2214 1411 2252 Christo
1448 2213 1614 2252 Domino
1650 2227 1717 2252 vo-

181 2276 327 2315 luntate
363 2281 399 2315 et
428 2278 697 2329 complacentia
724 2278 1003 2326 testificatione,
1040 2291 1115 2330 quo
1155 2292 1242 2317 sane
1278 2279 1430 2317 nomine
1466 2279 1717 2329 Euangelium

185 2354 269 2379 cum
304 2342 421 2380 Paulo
459 2342 634 2381 virtutem
670 2355 714 2380 ac
740 2343 949 2394 potentiam
976 2343 1047 2382 Dei
1076 2344 1273 2382 salutarem
1302 2357 1382 2382 esse
1408 2345 1639 2395 profitemur,
1663 2365 1714 2372 —

183 2405 314 2443 deinde
349 2407 390 2444 in
426 2406 596 2445 doctrina
634 2407 678 2445 de
704 2407 790 2454 fide,
827 2421 939 2459 quam
966 2407 1067 2446 Deus
1093 2422 1115 2446 a
1142 2408 1252 2446 nobis
1281 2408 1328 2446 ad
1365 2408 1615 2466 attestandam
1642 2421 1713 2446 no-

182 2474 297 2509 stram
334 2485 420 2521 erga
456 2486 494 2510 se
529 2472 811 2522 gratitudinem,
846 2473 1016 2524 requirit,
1052 2487 1099 2512 ne
1125 2473 1224 2512 inter
1251 2474 1462 2512 obstinatos
1490 2486 1533 2511 ac
1558 2472 1714 2511 rebelles

180 2534 299 2586 ipsius
338 2540 612 2588 contemptores
647 2551 897 2584 numeremur,
932 2551 1007 2589 quo
1045 2538 1195 2589 quidem
1233 2539 1345 2576 etiam
1383 2539 1602 2576 universum
1630 2551 1714 2576 ver-

181 2600 221 2638 bi
249 2602 334 2650 (81)
361 2605 397 2639 et
426 2602 751 2641 Sacramentorum
779 2603 1028 2641 ministerium
1056 2607 1220 2655 spectare
1247 2603 1430 2654 imprimis
1458 2603 1646 2647 docemus,
1663 2624 1714 2632 —

180 2670 368 2717 postremo
405 2666 442 2704 in
483 2667 654 2706 doctrina
684 2669 728 2707 de
755 2669 885 2707 officiis
913 2669 1080 2707 omnium
1117 2670 1163 2707 ac'
1200 2670 1434 2720 singulorum
1459 2669 1713 2707 membrorum

180 2732 221 2769 in
269 2731 437 2769 Ecclesia
480 2731 585 2771 iuxta
628 2747 840 2773 mensuram
894 2734 981 2772 fidei
1025 2734 1204 2786 cuiusque
1257 2738 1294 2773 et
1338 2734 1586 2781 vocationem,
1638 2746 1712 2786 quo

177 2796 348 2848 equidem
381 2796 616 2848 potissimum
653 2799 736 2837 loco
772 2803 938 2838 mutuam
975 2799 1072 2838 inter
1107 2813 1177 2838 nos
1214 2798 1451 2837 dilectionem
1483 2798 1712 2852 reponimus,

182 2868 222 2899 ut
258 2862 306 2900 sit
340 2875 448 2900 verae
483 2866 632 2900 nostrae
664 2865 765 2908 fidoi,
799 2868 875 2903 tam
913 2864 1013 2903 intra
1051 2877 1119 2903 nos
1156 2865 1271 2915 ipsos,
1299 2877 1409 2914 quam
1438 2864 1575 2902 extime
1603 2864 1713 2902 etiam
