1818 3178
212 137 285 174 374

212 245 340 296 pietati
366 246 489 282 locum
517 245 665 288 taceret,
694 244 946 294 collocataque
975 244 1122 282 demum
1148 243 1187 281 in
1213 245 1352 295 templo
1378 244 1459 295 ipso
1489 244 1558 282 Dei
1585 245 1730 282 abomi-

214 308 377 346 nationis
414 311 525 357 atque
558 307 792 345 idololatriae
819 321 905 345 suae
933 307 1119 354 cathedra,
1145 307 1286 347 efferret
1313 322 1391 346 sese
1417 308 1595 346 adversus
1622 321 1732 347 omne

214 373 251 409 id
289 372 390 422 quod
427 371 563 408 dicitur
592 371 704 417 Deus,
731 378 767 410 et
795 373 957 423 seipsum
985 372 1084 409 haud
1111 372 1229 418 aliter,
1255 386 1363 423 quam
1395 373 1426 410 si
1451 373 1607 423 ipsemet
1633 373 1733 410 Deus

214 439 321 478 esset,
358 437 571 478 ostentaret,
598 434 908 484 quemadmodum
933 435 1070 472 Paulus
1098 434 1217 473 docet.
1272 436 1361 472 Non
1386 436 1501 484 igitur
1528 448 1598 472 nos
1626 438 1734 473 auto-

214 512 272 536 res
307 512 434 536 sumus
470 511 588 536 novae
621 499 734 536 ullius
773 499 976 545 doctrinae,
1013 499 1076 537 sed
1110 499 1314 549 Papisticas
1340 501 1572 546 novationes,
1599 500 1734 550 quibus

214 563 365 600 interim
403 563 496 599 falso
534 563 739 612 antiquitas
776 563 1015 613 praetexitur,
1042 563 1235 613 ipsamque
1261 563 1352 601 adeo
1380 577 1400 601 a
1427 564 1500 601 fide
1526 567 1736 608 ’έκππωσ-ιν,

216 632 256 665 111
292 627 453 665 Basilius
487 627 663 678 loquitur,
690 641 917 670 accusamus,
945 632 981 665 et
1006 631 1125 665 totam
1152 631 1339 678 praeterea
1365 628 1557 677 religionis
1586 632 1736 666 contro-

215 692 375 730 versiam
411 692 458 729 ad
486 691 654 729 omnium
684 705 772 730 sane
799 691 1090 729 vetustissimam
1116 691 1218 728 illius
1246 691 1441 740 originem,
1467 692 1735 743 Prophetarum

213 757 368 807 inquam
413 762 449 793 61
496 757 762 806 Apostolorum
808 756 1105 802 fundamentum,
1153 768 1382 794 revocamus.
1438 755 1564 794 Quare
1598 758 1737 794 frustra

213 822 324 859 etiam
359 821 398 859 in
434 821 601 859 doctrina
638 826 766 859 nostra
794 821 945 871 eiusque
972 820 1156 858 ministris
1184 820 1425 871 Propheticas
1453 824 1516 858 aut
1544 820 1737 871 Apostoli-

215 900 274 923 cas
301 886 579 937 praerogativas
607 890 669 923 aut
697 899 793 923 nova
820 885 898 922 ulla
919 885 1101 922 miracula
1126 885 1333 935 requirunt.
1364 885 1458 921 Cum
1483 885 1581 922 enim
1610 889 1738 922 nostra

213 951 338 987 omnia
375 950 422 987 ad
452 950 663 1000 Scripturas
693 950 902 987 Canonicas
930 962 1144 987 revocemus
1171 949 1319 999 illisque
1344 950 1444 987 ultro
1472 950 1597 987 omnia
1620 950 1737 987 subii-
1762 978 1766 982 .

214 1015 366 1058 ciamus,
411 1014 580 1064 equidem
625 1027 752 1051 omnes
797 1014 909 1051 etiam
954 1013 1197 1064 Propheticae
1233 1015 1319 1061 (72)
1354 1019 1463 1064 atque
1501 1014 1739 1064 Apostolicae

209 1077 501 1128 praerogativae,
537 1077 662 1114 omnia
698 1078 787 1115 item
825 1078 976 1115 illorum
1002 1078 1193 1123 miracula,
1220 1078 1265 1114 ad
1294 1081 1462 1115 nostram
1489 1091 1603 1128 aeque
1629 1082 1739 1129 atque

210 1142 257 1178 ad
293 1142 441 1179 illorum
479 1141 688 1179 doctrinam
725 1142 880 1179 omnino
921 1142 1178 1192 pertinebunt3
1220 1142 1292 1179 nisi
1331 1142 1432 1192 quod
1465 1142 1529 1179 isti
1556 1143 1676 1180 facere
1704 1147 1739 1180 61

212 1205 272 1242 1116
307 1218 386 1242 11011
420 1209 591 1256 possunt,
628 1206 720 1256 quin
754 1210 938 1243 testentur
974 1219 1012 1244 se
1039 1219 1085 1243 ex
1111 1206 1260 1243 illorum
1289 1219 1368 1244 esse
1394 1206 1583 1257 progenie,
1611 1207 1676 1257 qui
1703 1210 1738 1244 61

210 1282 388 1320 personas
423 1270 550 1320 potius
588 1283 698 1320 quam
734 1283 791 1307 res
827 1270 927 1320 ipsas
966 1283 1106 1320 semper
1142 1270 1349 1320 respiciunt
1384 1275 1419 1308 et
1453 1271 1493 1308 in
1520 1271 1601 1308 luce
1628 1271 1738 1308 etiam

211 1334 416 1371 clarissima
444 1334 550 1383 signa
579 1341 615 1371 et
641 1333 813 1384 prodigia
841 1338 1017 1384 perpetuo
1046 1339 1240 1384 quaerunt.

260 1402 295 1437 4.
350 1399 480 1442 Aiunt,
517 1412 587 1436 nos
624 1399 728 1436 abuti
765 1399 980 1449 Scripturae
1015 1399 1214 1437 autoritate
1250 1400 1441 1450 attexique
1474 1400 1532 1437 illi
1568 1414 1632 1451 per
1670 1414 1738 1438 nos

208 1464 423 1513 peregrinas
460 1467 495 1500 et
532 1477 552 1500 a
580 1468 704 1501 mente
730 1476 773 1501 ac
803 1476 987 1501 consensu
1015 1464 1205 1502 Ecclesiae
1228 1464 1371 1502 alienas
1398 1465 1737 1516 interpretationes.

212 1528 304 1566 Esto
333 1532 470 1573 autem,
499 1528 713 1578 Scripturae
739 1528 841 1579 ipsae
867 1541 934 1579 pro
964 1529 1074 1566 nobis
1102 1529 1279 1571 facerent.
1297 1530 1476 1567 maiorem
1494 1529 1738 1568 nihilominus

212 1592 403 1629 Ecclesiae
439 1592 502 1629 hic
537 1605 648 1642 quam
686 1592 952 1643 scripturarum
988 1593 1173 1630 rationem
1209 1593 1418 1630 habendam
1446 1607 1537 1638 esse,
1564 1607 1607 1631 eo
1637 1594 1738 1644 quod

213 1657 424 1707 Scripturas
459 1657 560 1707 ipsas
599 1661 768 1707 oporteat
801 1657 1001 1707 approbari
1037 1670 1157 1707 neque
1194 1658 1405 1707 Scripturae
1430 1658 1532 1708 ipsae
1560 1658 1639 1696 sine
1665 1658 1740 1695 Eo-

214 1722 324 1760 olesia
351 1722 499 1772 pondus
528 1735 636 1759 suum
664 1722 822 1759 retinere
848 1722 1008 1772 possint,
1035 1722 1141 1759 iuxta
1167 1722 1262 1759 illud
1289 1722 1513 1771 Augustini:
1533 1722 1739 1772 Euangelio

215 1800 291 1824 11011
329 1786 525 1832 crederem,
553 1786 626 1824 nisi
652 1800 711 1824 me
737 1786 927 1824 Ecclesiae
955 1787 1136 1824 autoritas
1166 1792 1428 1825 commoveret.
1482 1787 1564 1825 Nos
1592 1801 1678 1826 vero
1705 1793 1742 1826 et

214 1851 442 1901 Scripturam
483 1851 696 1888 universam
730 1851 1004 1889 consentienter
1041 1865 1062 1888 a
1090 1851 1200 1888 nobis
1218 1855 1338 1896 ‘'stare,
1365 1864 1409 1888 ac
1435 1851 1592 1902 proinde
1618 1852 1740 1890 nullas

211 1916 268 1952 illi
302 1929 367 1966 per
402 1928 471 1953 nos
508 1915 624 1953 attexi
660 1915 818 1953 dicimus
853 1915 1068 1966 peregrinas
1104 1915 1446 1966 interpretationes,
1473 1919 1509 1953 et
1536 1915 1741 1954 catholicae

211 1980 508 2028 Eccle·(73)siae
543 1981 632 2017 item
667 1993 889 2018 consensum
924 1981 1121 2018 nobiscum
1158 1981 1311 2018 omnino
1347 1981 1468 2018 facere
1503 1982 1738 2020 affirmamus.

213 2045 297 2082 Etsi
341 2049 464 2082 autem
505 2045 545 2082 in
588 2045 690 2082 omni
724 2049 851 2083 nostra
888 2045 1059 2083 doctrina
1097 2045 1235 2096 optime
1267 2046 1378 2083 nobis
1417 2059 1542 2083 coram
1575 2046 1739 2084 Domino

217 2110 358 2146 conscii
394 2123 521 2146 sumus
557 2123 677 2160 neque
711 2109 789 2146 ullo
825 2111 937 2147 modo
976 2110 1190 2148 dubitamus
1218 2115 1253 2147 et
1283 2110 1493 2161 Scripturas
1520 2114 1555 2148 et
1583 2123 1740 2148 consen-

218 2187 299 2211 sum
335 2174 526 2211 Ecclesiae
561 2178 778 2225 perpetuum
813 2188 834 2212 a
870 2175 981 2212 nobis
1020 2178 1116 2212 stare
1153 2175 1319 2220 omnino,
1356 2175 1523 2212 homines
1558 2188 1627 2213 nos
1663 2188 1741 2214 esse

215 2242 339 2275 tamen
371 2238 532 2275 libenter
565 2238 815 2287 agnoscimus,
851 2239 914 2289 qui
950 2243 985 2276 et
1011 2252 1132 2277 errare
1160 2242 1195 2276 61
1222 2239 1304 2276 falli
1330 2238 1468 2276 iudicio
1496 2242 1625 2277 nostro
1653 2252 1740 2290 pos-

216 2302 345 2348 simus,
379 2315 598 2353 summoque
634 2302 816 2340 desiderio
853 2304 1000 2341 restitui
1036 2304 1245 2354 expetimus
1281 2303 1448 2353 legitima
1486 2303 1739 2341 Ecclesiarum

218 2380 262 2404 cx
298 2366 411 2405 verbo
450 2367 519 2405 Dei
554 2367 706 2413 iudicia,
741 2381 835 2418 quac
861 2369 901 2405 in
930 2369 1152 2419 Apostolica
1179 2368 1329 2419 quidem
1358 2368 1525 2406 Ecclesia
1552 2368 1639 2405 olim
1669 2368 1738 2405 ob-

219 2435 375 2476 servata,
410 2431 473 2469 sed
510 2432 696 2482 Papistica
733 2432 879 2470 demum
917 2433 1117 2483 tyrannide
1143 2434 1350 2471 adulterata
1377 2433 1602 2483 tandemque
1628 2433 1738 2470 etiam

217 2495 358 2532 abolita
385 2509 464 2533 csse
491 2496 671 2534 videmus.
712 2496 933 2547 Expetimus
961 2497 1048 2534 item
1077 2501 1113 2535 et
1141 2497 1353 2534 Christiana
1380 2497 1542 2548 quaevis,
1569 2498 1608 2533 in
1637 2498 1739 2534 omni

218 2559 503 2597 mansuetudine
540 2560 721 2598 modestia
765 2574 807 2597 ae
833 2561 998 2605 lenitate,
1027 2562 1224 2612 colloquia,
1251 2562 1433 2612 tantisper
1460 2560 1548 2597 dum
1574 2560 1740 2609 legitima

218 2623 471 2661 Ecclesiarum
506 2625 642 2662 iudicia
680 2625 874 2662 commode
909 2626 1054 2663 restitui
1091 2639 1164 2663 11011
1202 2626 1359 2676 possint.
1414 2625 1462 2661 Et
1498 2624 1593 2661 1111111
1621 2626 1739 2674 magis

219 2688 466 2738 deploratum,
493 2702 605 2738 quam
633 2689 733 2739 quod
760 2690 858 2727 inter
885 2703 947 2727 eos
968 2690 1091 2734 etiam,
1114 2691 1177 2740 qui
1196 2703 1261 2740 pro
1278 2688 1475 2738 Euangelii
1493 2690 1738 2726 assertoribus

217 2753 414 2796 habentur,
459 2753 641 2790 neminem
684 2754 760 2791 fere
803 2754 842 2791 in
887 2767 967 2792 eam
1013 2767 1139 2792 curam
1173 2753 1388 2791 incumbere
1424 2752 1605 2791 videmus,
1661 2754 1739 2792 Qui

215 2818 332 2866 igitur
359 2830 427 2855 nos
456 2817 729 2867 Scripturarum
757 2819 954 2856 autoritate
981 2819 1086 2856 abuti
1112 2824 1257 2869 putant,
1283 2831 1424 2856 errores
1452 2822 1600 2855 nostros
1627 2818 1739 2855 nobis

218 2896 262 2921 cx
299 2882 429 2920 iisdem
458 2883 542 2930 (74)
577 2881 667 2933 ipsis
695 2883 893 2934 Scripturis
922 2889 1227 2929 commonstrent,
1254 2887 1300 2929 et,
1328 2887 1391 2920 aut
1420 2896 1500 2929 nos,
1528 2886 1567 2920 ut
1595 2886 1740 2933 putant,
