1818 3178
723 90 783 119 ΕΡ.
810 87 957 117 noers.
1536 74 1608 110 563

78 196 216 246 potest,
259 193 291 232 si
325 192 366 231 in
400 204 516 230 coena
552 191 707 230 Domini
743 191 911 242 corporis
954 189 1096 228 Christi
1131 186 1340 227 substantia
1375 185 1472 225 inest
1503 186 1614 238 pani,

78 271 213 308 corpus
250 256 328 294 illic
365 255 587 294 insensibile
614 268 767 307 prorsus
794 268 886 299 esse,
914 258 954 292 ut
981 267 1101 305 neque
1128 266 1210 299 usu,
1238 265 1357 304 neque
1383 256 1509 302 gustu,
1535 265 1602 290 ne-

77 335 149 373 que
183 324 289 361 tactu
324 320 552 371 deprehendi
587 319 720 372 possit.
772 318 918 358 Deinde
955 331 1038 356 cum
1072 317 1231 356 infinitis
1267 316 1360 354 locis
1388 327 1502 354 coena
1528 329 1605 354 uno

72 390 187 437 atque
221 385 353 424 eodem
388 389 556 435 tempore
593 387 808 436 peragatur,
846 383 1034 435 oportebit
1072 395 1160 420 sane
1197 395 1332 433 corpus
1360 381 1502 419 Christi
1528 393 1610 419 esse

75 453 340 494 mcwrcirovrov,
377 448 409 487 si
446 449 678 500 corporalem
712 449 816 486 illius
851 447 1098 500 praesentiam
1125 446 1166 485 in
1194 459 1308 484 coena
1336 445 1504 497 qualibet
1531 449 1608 483 sta-

71 513 458 552 tuamus.·Postremo
488 514 630 551 frustra
657 525 859 564 queramur
886 525 956 550 nos
983 524 1061 549 non
1089 524 1232 562 semper
1258 510 1456 549 nobiscum
1473 509 1610 547 habere

74 577 266 615 Christum
293 577 513 624 Dominum,
539 577 679 615 frustra
708 589 901 615 causemur
928 576 1121 614 sublatum
1148 574 1294 613 anobis
1314 588 1393 613 esse
1413 587 1604 625 sponsum,

73 641 216 679 frustra
253 654 337 679 eum
374 641 494 679 donec
530 654 659 679 rursus
697 641 837 687 veniat,
873 644 1144 692 exspectemus,
1171 639 1203 677 si
1230 640 1338 677 illum
1363 640 1468 677 iuxta
1496 639 1608 677 etiam

75 705 323 744 humanitatis
350 719 438 744 suae
467 719 615 744 carnem
645 705 755 744 nobis
784 706 845 743 hic
872 706 947 744 iam
974 705 1104 743 adesse
1140 704 1321 743 dicamus.
1376 704 1431 742 Ut
1457 703 1608 741 interim

75 773 219 808 taceam
256 769 370 808 verba
406 770 533 808 verbis
569 769 609 808 in
649 782 763 807 coena
790 769 871 820 ipsa
900 782 977 807 non
1003 768 1241 820 respondere,
1270 768 1301 805 si
1329 767 1373 805 de
1399 767 1610 819 praesentia

77 834 263 885 corporali
291 847 359 871 sua
386 833 574 872 Dominus
601 834 642 871 in
671 846 808 871 coenae
837 847 924 871 suae
951 833 1100 871 actione
1128 833 1333 884 quidquam
1362 832 1517 870 omnino
1547 844 1610 869 co·

75 898 247 948 gitasset.
285 898 372 936 Alia
410 911 511 935 nunc
548 911 594 936 ne
629 897 699 936 sim
725 898 864 948 longus
901 898 1049 944 omitto,
1076 897 1140 935 sed
1168 897 1259 934 haec
1287 897 1352 947 qui
1379 896 1490 934 simul
1518 909 1609 934 con-

79 963 226 1009 sistent,
253 963 423 1011 obsecro,
453 968 615 1001 statuere
644 976 778 1015 corpus
809 963 950 1001 Christi
976 962 1196 1002 insensibile
1223 962 1264 1000 in
1289 975 1386 1013 pane
1413 965 1448 999 et
1469 962 1610 1008 audire,

80 1027 247 1065 nVidete
273 1030 310 1065 et
346 1027 508 1078 palpate,
536 1027 623 1078 quia
660 1026 813 1077 spiritus
849 1039 997 1064 carnem
1025 1030 1061 1064 et
1089 1039 1172 1063 ossa
1199 1038 1276 1063 non
1296 1025 1421 1070 habet,
1440 1038 1534 1076 quae
1553 1038 1612 1062 me

77 1091 212 1130 videtis
242 1080 432 1129 habeie''?
459 1092 536 1129 Aut
566 1090 708 1128 Christi
738 1103 872 1141 corpus
900 1093 1152 1131 πκντὸτοπον
1180 1090 1301 1127 facere
1320 1093 1355 1127 et
1383 1088 1429 1126 ab
1459 1088 1608 1138 Angelo

76 1160 162 1207 post
190 1155 269 1194 eius
296 1156 608 1193 resurrectionem
635 1155 763 1193 audire
794 1155 1015 1201 nRurrexit,
1036 1167 1112 1192 non
1129 1158 1184 1192 est
1204 1154 1318 1191 hic''?
1347 1153 1489 1191 Audire
1507 1153 1610 1199 item,

80 1237 99 1255 n
113 1220 176 1258 Me
195 1233 273 1258 non
293 1233 435 1271 semper
456 1219 696 1258 habebitis”?
712 1219 855 1257 Audire
877 1219 920 1256 de
936 1218 1105 1256 tollendo
1121 1218 1287 1269 sponso?
1304 1218 1446 1255 Audire
1465 1234 1483 1252 n
1496 1218 1612 1262 ita‚ut

76 1285 179 1324 visus
215 1288 271 1322 est
305 1285 532 1329 ascendisse,
566 1283 744 1322 nimirum
772 1283 947 1329 visibilis,
973 1282 1173 1334 palpabilis
1200 1282 1430 1334 minimeque
1455 1283 1612 1320 immen-

78 1363 154 1394 sus,
179 1349 233 1387 ita
260 1362 410 1400 quoque
437 1348 732 1399 exspectandum
761 1361 828 1386 suo
847 1348 937 1386 olim
957 1352 1124 1398 tempore
1144 1361 1223 1385 esse
1241 1351 1283 1385 ut
1303 1347 1480 1385 veniat''?
1508 1347 1611 1384 Ima-

75 1413 200 1464 ginari
228 1417 417 1464 praeterea
446 1414 678 1465 corporalem
707 1413 849 1451 Christi
876 1413 995 1452 totius
1023 1413 1372 1451 rememorationem
1402 1413 1478 1450 sive
1497 1412 1611 1451 remi·

75 1469 327 1517 niscentiami'
381 1477 515 1529 Neque
553 1478 620 1516 has
649 1491 794 1529 pugnas
824 1478 1123 1516 comminiscitur
1150 1482 1280 1516 nostra
1308 1477 1417 1521 ratio,
1446 1477 1508 1515 sed
1535 1477 1611 1515 loci

77 1544 150 1595 ipsi
186 1543 391 1595 scripturae
426 1544 652 1595 impugnant
681 1541 958 1589 ἀναισθησίαν,
986 1543 1212 1594 impugnant
1238 1547 1275 1581 et
1304 1544 1609 1593 παντκχουσίαν

77 1608 247 1660 corporis
283 1607 438 1654 Christi,
464 1621 578 1658 quam
605 1608 719 1645 statui
745 1621 896 1647 necesse
925 1611 991 1655 est,
1021 1608 1052 1645 si
1081 1611 1203 1645 vestra
1231 1607 1492 1658 interpretatio
1521 1607 1610 1645 reti-

77 1680 220 1720 neatur,
249 1673 397 1711 etiamsi
422 1673 526 1710 illam
554 1673 723 1710 omnium
751 1677 898 1724 patrum
927 1678 962 1711 et
990 1672 1234 1710 conciliorum
1255 1672 1457 1710 autoritate
1476 1672 1610 1710 fulcia-

77 1738 138 1776 tis.
169 1737 246 1774 Hic
272 1736 388 1786 igitur
417 1742 542 1774 utrum
571 1737 726 1788 aequius
754 1750 834 1775 esse
862 1737 1027 1788 putabis,
1055 1737 1314 1788 intrepretatio
1342 1749 1389 1774 ne
1416 1741 1540 1775 vestra
1567 1741 1612 1776 ut

79 1803 285 1854 scripturae
311 1802 539 1853 repugnanti
567 1802 687 1848 cedat,
714 1815 762 1840 an
790 1815 875 1840 vero
905 1802 1092 1854 scriptura
1120 1807 1263 1840 vestrae
1282 1802 1608 1853 interpretationi?

79 1868 162 1906 Nos
209 1871 307 1906 certe
351 1867 558 1918 scripturae
593 1867 741 1905 credere
784 1868 985 1914 malumus,
1020 1881 1132 1919 quam
1167 1867 1280 1906 nobis
1317 1868 1422 1906 omni
1456 1881 1609 1919 prorsus

78 1946 123 1971 ex
160 1937 264 1984 parte
300 1936 578 1969 sacrosanctam
615 1931 827 1969 habendam
865 1945 944 1969 esse
979 1936 1166 1982 putamus,
1201 1931 1440 1983 iudicareque
1476 1945 1609 1983 parum

77 1996 286 2048 appositam
313 2009 394 2034 esse
421 2000 582 2033 vestram
612 1995 682 2033 hoc
707 1996 792 2033 loco
819 1996 1178 2047 interpretationem,
1204 1995 1351 2033 etiamsi
1377 1996 1480 2033 illius
1500 2002 1609 2034 auto-

79 2075 137 2099 res
164 2061 317 2112 plurimi
344 2060 495 2098 interim
523 2060 704 2098 faciamus
731 2073 775 2098 ac
801 2074 868 2112 pro
897 2061 993 2098 veris
1023 2060 1213 2098 Ecclesiae
1231 2060 1372 2099 Christi
1392 2061 1610 2099 doctoribus

80 2126 283 2164 habeamus
318 2125 442 2172 etiam,
478 2125 554 2163 imo
593 2138 680 2163 vero
708 2125 784 2163 illis
811 2125 1051 2176 potissimum
1080 2125 1280 2163 debeamus
1308 2126 1514 2164 secundum
1542 2126 1611 2163 ho-

75 2190 198 2229 mines
232 2190 444 2228 restitutam
475 2203 575 2228 nunc
604 2204 709 2228 suam
737 2190 948 2240 Euangelio
975 2192 1098 2228 lucem
1125 2195 1239 2241 atque
1266 2191 1518 2234 autoritatem,
1545 2191 1610 2242 qui

81 2268 169 2293 sane
203 2255 387 2305 gravatim
422 2255 557 2293 merito
587 2256 683 2293 ferre
710 2268 788 2293 non
815 2259 1004 2306 poterunt,
1032 2255 1131 2306 quod
1160 2256 1222 2292 hic
1250 2256 1297 2293 ab
1326 2256 1379 2293 eis
1407 2256 1608 2294 dissentia-

79 2334 176 2365 mus,
213 2320 432 2371 praesertim
470 2334 552 2358 cum
587 2321 626 2358 id
666 2334 742 2360 non
776 2321 987 2360 temeritate
1021 2325 1150 2358 nostra
1186 2322 1274 2365 ulla,
1311 2321 1376 2359 sed
1404 2322 1610 2373 scripturae

82 2385 285 2423 autoritate
310 2385 432 2423 adacti
460 2385 653 2424 faciamus.
707 2386 789 2423 Nec
817 2399 876 2423 me
903 2385 1078 2436 praeterit
1106 2398 1179 2437 quo
1217 2386 1440 2435 glossemate
1467 2399 1610 2436 pugnas

79 2449 170 2487 istas
200 2448 400 2487 conciliare
439 2449 592 2500 quidam
631 2454 824 2494 conentur,
861 2462 991 2500 nempe
1026 2453 1069 2487 ut
1105 2463 1199 2500 quae
1227 2449 1271 2487 de
1297 2449 1512 2487 insensibili
1538 2450 1611 2488 im-

81 2526 282 2564 mensaque
322 2514 489 2564 corporis
526 2513 670 2554 Christi
707 2513 918 2552 substantia
954 2513 1141 2560 adferunt,
1170 2514 1411 2552 invisibiliter
1438 2514 1528 2552 haec
1555 2514 1613 2551 illi

79 2590 123 2615 ac
161 2577 314 2615 coelesti
341 2577 503 2628 quodam
531 2577 643 2615 modo
672 2578 854 2622 tribuant,
882 2591 976 2628 quae
1004 2591 1092 2615 vero
1120 2591 1190 2616 nos
1217 2578 1257 2615 in
1286 2578 1516 2616 contrarium
1542 2578 1610 2615 ad-

81 2641 264 2685 ducimus,
291 2655 333 2679 ea
362 2641 560 2680 visibiliter
587 2641 803 2693 accipienda
830 2655 909 2680 esse
938 2646 1085 2693 putent.
1126 2644 1183 2680 Ac
1211 2642 1282 2680 hoc
1310 2643 1432 2680 dicere
1460 2642 1609 2680 facilius

82 2710 137 2742 est
164 2718 274 2757 quam
303 2704 450 2744 docere.
503 2705 582 2743 Ubi
611 2707 709 2744 enim
737 2706 814 2743 ulla
842 2705 880 2743 in
909 2706 1104 2757 scripturis
1133 2706 1178 2745 de
1207 2707 1358 2745 coelesti
1385 2707 1454 2744 hac
1482 2706 1610 2744 insen·

84 2767 204 2806 sibilis
239 2769 486 2820 immensique
515 2771 681 2821 corporis
708 2770 916 2822 praesentia
944 2770 1111 2808 mentio?
1165 2758 1244 2810 Aut
1271 2784 1345 2822 quo
1374 2776 1483 2821 pacto
1510 2770 1610 2808 invi-

82 2832 230 2871 sibilem
264 2834 456 2874 Christum
492 2835 533 2873 in
572 2848 726 2887 corpore
764 2848 831 2873 suo
869 2839 1091 2883 statuamus,
1128 2849 1212 2875 cum
1239 2836 1395 2887 ipsemet
1422 2836 1606 2874 visibilem
