1818 3178
758 147 999 176 PRAEFATIO.
1546 139 1647 167 XLIX

116 276 136 301 η
152 251 445 309 invulgetur.''
470 252 502 309 ¹)
537 252 644 294 Mox
675 258 813 295 tamen
847 253 976 309 ipsius
1008 250 1125 293 ducis
1147 249 1316 291 nomine
1337 244 1504 289 libellus
1524 244 1596 287 ille
1619 259 1642 286 a

113 323 235 366 Duce
265 323 461 367 Prussiae
478 323 784 379 postulabatur,
809 324 1042 379 meliusque
1065 323 1195 378 igitur
1216 327 1257 363 et
1273 319 1419 362 ordine
1441 318 1641 376 digestus,

116 402 248 452 utque
280 395 581 452 invulgaretur
602 396 926 448 accomodatior,
948 395 1064 437 brevi
1086 401 1182 451 post
1202 394 1320 435 bonis
1343 391 1482 449 Egidii
1503 390 1642 433 cuius-

110 467 206 510 dam
237 468 384 524 gratiis
414 467 552 510 denuo
581 468 930 525 Regiomontium
960 468 1109 509 missus
1140 473 1212 508 est.
1245 464 1401 509 Scribit
1423 463 1502 506 hac
1522 462 1572 505 de
1595 477 1640 504 re

108 541 148 582 in
182 539 356 596 epistola
385 539 424 581 d.
458 541 511 582 26
545 540 643 582 Iulii
677 541 790 582 1544
821 540 916 582 data
949 540 1000 581 ad
1034 537 1411 593 Hardenbergium
1444 536 1466 578 ὲ,
1496 535 1636 578 Lasco

107 609 148 651 in
192 609 304 651 hunc
345 609 430 651 fere
476 610 670 653 modum:
722 610 920 661 ssVocor,
966 610 1023 652 mi
1067 609 1245 650 Alberte
1373 623 1396 650 a
1438 607 1638 650 Prussiae

108 702 130 728 tt
149 678 268 729 duee,
393 679 557 722 volebat
600 688 646 721 ut
677 679 737 721 illi
782 681 989 722 mitterem
1024 680 1230 720 doetrinae
1259 693 1379 720 verae
1409 679 1638 731 Epitomen.

111 773 130 798 ps
152 750 253 792 Misi
284 766 360 807 per
392 751 590 808 Egidium
625 752 769 794 uxoris
803 767 918 793 meae
951 751 1139 802 fratrem,
1182 750 1252 804 qui
1287 749 1338 791 ad
1370 764 1444 791 nos
1475 747 1635 804 pridem

108 846 129 871 u
149 823 485 880 commigravit.''
520 824 552 878 2)
600 823 655 866 Et
685 822 877 865 similiter
909 823 1055 878 quinto
1087 821 1150 863 die
1183 828 1274 876 post
1308 822 1375 878 (31
1414 820 1550 877 Aug.)
1585 819 1637 862 ad

105 894 429 951 Bullingerum:
466 895 735 943 ssTransmisi
767 895 889 937 etiam
924 893 975 936 ad
1006 894 1129 935 illum
1161 895 1366 935 doetrinae
1397 908 1505 935 meae
1536 908 1639 934 sum-

107 988 129 1013 ῃ
149 982 264 1014 mam,
298 966 560 1022 potissimum
593 965 642 1007 de
674 966 960 1015 sacramentis,
992 981 1044 1008 ne
1078 965 1176 1020 quid
1208 964 1328 1007 illum
1353 964 1579 1008 celarem.”
1600 965 1631 1021 ³)

104 1035 369 1092 Simulatque
400 1037 528 1079 Lasci
559 1037 669 1079 hanc
699 1036 913 1080 doctrinae
945 1052 1154 1079 summam
1187 1043 1406 1093 acceperat
1431 1035 1635 1079 Albertus

101 1108 220 1160 Dux,
262 1124 436 1151 suorum
476 1108 794 1166 Theologorum
828 1109 878 1151 de
909 1125 957 1151 33
986 1108 1186 1151 iudicium
1222 1123 1349 1165 aegre
1382 1108 1634 1151 sollicitavit.

103 1179 418 1222 RAPANGELANI
450 1195 697 1236 responsum
723 1180 940 1223 duodecim
966 1180 1074 1222 foliis
1096 1187 1288 1222 constans
1310 1181 1541 1222 etiamnum
1567 1195 1633 1222 su—

104 1257 243 1307 perest
275 1251 326 1308 4).
387 1249 567 1293 Maioris
616 1259 754 1293 tamen
799 1252 999 1293 momenti
1045 1251 1213 1292 videtur
1258 1250 1635 1292 MELANCHTHONIS

103 1321 322 1373 iudicium,
369 1321 478 1377 quod
527 1322 678 1378 raptim
712 1322 794 1364 iam
827 1323 868 1363 in
903 1322 980 1378 Ep.
1015 1322 1066 1364 ad
1099 1322 1263 1363 Ducem
1296 1321 1335 1364 d.
1371 1323 1423 1364 11
1457 1321 1631 1365 Ianuar.

103 1394 212 1436 1545
245 1394 340 1436 data
372 1394 422 1435 de
451 1393 579 1436 Lasci
612 1393 754 1436 libello
774 1394 836 1436 his
859 1394 995 1436 verbis
1018 1394 1134 1436 tulit:
1175 1394 1259 1441 HE.
1283 1394 1334 1438 F.
1361 1394 1447 1439 Gn.
1473 1392 1633 1437 schrift

104 1465 229 1513 'lund
263 1465 336 1508 das
368 1467 621 1522 mitgesannt
655 1466 774 1508 ssuch
809 1466 924 1508 Herr
955 1466 1117 1508 Ioliann
1151 1466 1280 1508 Lasci
1311 1465 1391 1508 hab
1421 1466 1486 1508 ich
1518 1481 1632 1522 emp-

101 1559 122 1585 n
143 1539 298 1595 fangen
343 1538 428 1580 und
461 1537 533 1580 das
565 1537 687 1580 Buch
719 1538 855 1580 eilend
888 1538 1209 1595 durcligesehen
1244 1538 1329 1581 und
1359 1537 1459 1581 bitte
1493 1538 1542 1581 Ε.
1576 1538 1632 1582 F.

100 1634 122 1659 ῃ
143 1609 228 1654 Gn.
273 1609 343 1654 Sie
390 1610 538 1653 wollen
579 1610 710 1654 Fried
742 1611 827 1653 und
861 1611 1077 1668 Einigkeit
1107 1611 1182 1653 der
1211 1611 1403 1654 Kirchen
1436 1611 1478 1654 in
1510 1611 1629 1654 ihren

100 1707 122 1732 u
141 1683 290 1727 Laude
320 1683 526 1727 erhalten.
560 1683 617 1726 Es
648 1682 739 1726 sind
771 1682 867 1725 bose
898 1682 1132 1739 Opiniones
1163 1699 1244 1725 von
1277 1682 1371 1725 dem
1405 1683 1555 1725 Tauffe
1587 1684 1627 1725 in

101 1779 123 1805 η
142 1757 214 1799 (133
254 1756 382 1799 Lasci
424 1755 596 1808 schrift,
641 1755 776 1798 davon
810 1756 875 1798 ich
907 1755 1013 1798 doch
1047 1771 1176 1798 zuvor
1207 1756 1276 1798 ihn
1311 1763 1547 1799 verwarnet
1581 1757 1630 1813 ⁵).

101 1852 122 1878 ss
143 1828 200 1873 So
238 1830 309 1871 ists
354 1829 396 1871 in
441 1829 605 1871 keinem
653 1828 768 1885 Weg
801 1843 855 1870 zu
885 1829 1050 1880 rathen,
1085 1829 1179 1871 dass
1210 1844 1307 1871 man
1340 1828 1405 1871 die
1437 1828 1630 1871 Wieder·

100 1925 121 1950 n
145 1902 297 1943 ti'iuffer
327 1901 535 1943 annehme
568 1935 577 1943 .
594 1933 604 1943 .
622 1932 655 1943 ..
689 1901 839 1943 Davon
872 1901 960 1942 und
981 1916 1061 1942 von
1081 1900 1266 1943 anderen
1291 1901 1517 1943 Artikelen
1544 1901 1626 1943 will

101 1997 121 2021 ῃ
143 1972 207 2014 1311
249 1972 306 2014 im
352 1972 475 2014 Kurz
517 1972 566 2015 E.
611 1972 664 2015 F.
711 1971 797 2016 Gn.
833 1972 983 2029 langer
1014 1972 1279 2016 schreiben.’'
1311 1973 1343 2030 6)
1408 1972 1632 2016 Promissis

96 2048 209 2088 stetit
239 2050 281 2086 et
313 2043 411 2100 quid
444 2043 518 2086 sibi
550 2043 600 2086 de
631 2043 756 2086 Lasci
788 2045 971 2099 Epitome
1002 2045 1219 2087 videretur
1250 2046 1300 2087 de
1331 2044 1538 2087 industria
1559 2061 1630 2087 ex-

96 2114 239 2173 pendit
279 2122 319 2158 et
359 2130 457 2157 cum
498 2114 620 2157 Duce
663 2116 994 2159 communicavit
1034 2116 1074 2158 in
1108 2115 1186 2173 Ep.
1221 2115 1259 2160 d.
1296 2116 1349 2159 15
1383 2115 1481 2158 Iulii
1515 2117 1628 2159 1545

140 2318 164 2357 ¹)
189 2316 239 2349 Cf.
268 2316 369 2348 LAsm
407 2316 519 2357 Opera,
551 2316 620 2349 Vol.
654 2317 698 2349 ΙΙ.
723 2328 754 2359 p.
778 2317 849 2351 765.
895 2317 998 2356 Hanc,
1023 2317 1113 2349 3111113
1137 2317 1264 2350 nonnisi
1288 2319 1501 2359 fragmentum
1526 2330 1635 2363 super-

93 2375 151 2410 est,
175 2372 345 2414 epistolam
369 2372 408 2404 ad
431 2372 666 2404 Entfelderium
691 2372 797 2404 datam
821 2383 900 2411 esse,
924 2374 956 2404 in
980 2373 1049 2416 ipsa
1073 2373 1167 2404 huius
1190 2374 1362 2415 fragmenti
1386 2374 1526 2406 editione
1557 2387 1635 2407 non-

94 2428 170 2459 dum
203 2439 262 2470 pro
286 2430 374 2459 certo
399 2428 554 2459 affirmare
577 2427 675 2459 volui.
721 2428 861 2460 collatio
885 2429 981 2460 huius
1006 2429 1178 2470 fragmenti
1202 2439 1273 2460 cum
1298 2430 1491 2461 Entfelderii
1515 2431 1553 2462 ad
1578 2431 1635 2464 La·

92 2494 181 2515 scum
210 2484 347 2526 epistola
381 2495 465 2515 1111113
491 2495 563 2515 vcro
595 2484 703 2515 onmia
733 2495 865 2526 prorsus
899 2485 991 2517 nobis
1026 2485 1122 2517 dubia
1153 2485 1299 2527 dispulit,
1323 2489 1355 2518 et.
1376 2488 1503 2529 tempus
1527 2488 1632 2526 simul,

95 2549 156 2579 quo
181 2538 291 2570 datum
315 2542 363 2570 est
384 2539 444 2570 hoc
468 2540 695 2580 fragmentum,
719 2539 846 2572 definiri
870 2543 978 2582 potest
1001 2541 1040 2572 ad
1064 2552 1165 2573 mens.
1187 2542 1465 2584 April.--Iunium
1489 2554 1517 2577 a.
1542 2544 1634 2578 1544.

93 2595 193 2627 Error
217 2594 383 2638 est,'qu0d
408 2595 476 2627 Vol.
501 2596 545 2627 II.
569 2606 599 2637 p.
624 2595 683 2628 765
708 2596 843 2638 scripsi:
867 2597 1065 2635 „referenda
1088 2600 1136 2629 est
1158 2597 1196 2629 ad
1222 2609 1249 2629 a.
1276 2598 1386 2631 1545.”

136 2652 164 2692 2)
186 2651 289 2683 LAsc1
316 2652 426 2692 Opera,
451 2651 522 2685 Vol.
545 2651 589 2683 ΙΙ.
613 2662 643 2693 p.
668 2650 737 2683 575.

136 2708 163 2748 3)
187 2708 291 2739 LASCI
318 2708 430 2749 Opera,
454 2708 524 2740 Vol.
548 2708 592 2739 ΙΙ.
616 2718 646 2749 p.
672 2707 743 2739 582.

134 2765 162 2804 ⁴)
185 2764 224 2796 In
257 2759 354 2797 Arch.
389 2764 475 2796 Secr.
500 2763 655 2805 Regiom„
680 2763 765 2795 unde
789 2763 883 2796 huius
910 2764 1022 2797 iudicii
1048 2765 1211 2808 exemplar
1234 2766 1429 2809 exscriptum
1454 2768 1637 2809 procuravit

94 2820 177 2853 mihi
201 2820 261 2851 vir.
286 2820 372 2853 doct.
395 2820 616 2861 Meckclburg.

134 2876 162 2915 5)
188 2875 246 2916 Ep.
270 2876 576 2907 MELANCHTHoNrs
602 2875 665 2914 (ed.
689 2875 997 2914 BRETSCHNEIDER,
1029 2876 1117 2918 Corp.
1144 2877 1298 2919 Reform.)
1322 2876 1412 2909 Tom.
1435 2877 1473 2909 V.
1497 2887 1528 2919 p.
1545 2877 1615 2911 574.

136 2931 163 2973 ⁶)
188 2931 323 2964 Ibidem.
348 2932 438 2963 Toni.
462 2932 499 2964 V.
525 2942 555 2974 p.
580 2931 650 2965 790.

1353 2988 1454 3012 *ew*
