1818 3178
195 131 267 166 164
544 133 592 158 na
621 127 900 157 sACRAMaan
930 124 1140 151 ECCLEsIAE
1169 124 1345 152 cnms'rI.

200 238 373 275 collatum
400 245 477 271 esse
504 243 581 268 non
604 228 834 265 dubitamus:
865 225 950 262 dum
977 225 1066 261 item
1093 237 1174 261 eam
1192 224 1309 274 ipsam
1327 223 1624 261 communionem
1640 223 1713 260 fide

204 302 280 338 sola
307 297 459 348 agnosci
485 300 520 332 ct
547 293 677 331 sentiri
706 291 861 327 dicimus
889 289 928 325 in
954 301 1023 325 usu
1050 288 1286 338 potissimum
1312 289 1647 333 Sacramentorum,
1663 309 1714 316 —

201 364 307 400 simul
335 374 422 399 sane
449 358 582 395 realem
609 356 710 392 illam
738 355 847 391 etiam
874 353 1120 403 praesentiam
1147 357 1257 403 atque
1284 352 1555 390 exhibitionem
1582 364 1713 402 corpo·

202 427 250 463 ris
279 430 314 462 et
341 422 533 470 sanguinis
563 419 700 457 Christi
728 417 920 461 naturalis,
948 429 1041 466 quae
1068 417 1230 454 ministri
1248 418 1423 455 manibus
1442 418 1517 459 fiat,
1544 430 1565 453 a
1584 421 1715 453 natura

198 491 276 539 ipsa
304 488 627 524 Sacramentorum
656 494 807 533 prorsus
835 480 993 518 alienam
1021 493 1100 517 esse
1117 480 1269 518 minime
1297 481 1453 519 obscure
1473 480 1714 518 declaramus.

199 552 287 600 (fol.
316 552 400 597 58b)
987 598 995 602 ἱ

250 618 373 664 Atque
401 613 489 650 haec
515 612 566 648 ita
595 610 638 647 de
665 609 840 659 mysterio
867 609 1190 645 sacramentorum
1218 621 1318 645 nune
1346 608 1610 654 dixisse‚.satis
1636 621 1715 646 esse

197 686 383 731 putamus.
412 679 492 714 Iam
521 689 606 714 vero
636 676 679 713 de
706 676 779 712 fine
807 675 1133 711 Sacramentorum
1160 673 1361 712 videamus.

246 743 356 780 Fines
395 753 503 792 porro
533 741 858 776 Sacramentorum
886 738 1021 774 multos
1049 737 1096 774 ab
1124 730 1415 774 aliis‘constitui
1443 737 1624 781 videmus,
1649 751 1716 775 ne-

196 822 268 859 que
303 820 371 844 nos
408 806 467 842 hic
502 817 680 853 magnum
715 806 943 839 momentum
983 801 1153 846 facimus,
1189 803 1265 847 sed,
1301 801 1387 851 quia
1422 806 1458 838 et
1485 801 1653 838 ordinem
1681 806 1717 839 et

195 883 388 909 numerum
425 869 575 905 illorum
609 865 819 917 perturbari
846 865 944 915 apud
973 864 1150 902 sectarios
1177 865 1414 915 potissimum
1443 865 1621 909 videmus,
1648 878 1716 902 nos

194 936 239 972 ad
275 948 392 971 unum
428 932 669 983 praecipuum
709 930 874 967 omnium
904 930 1229 966 Sacramentorum
1256 930 1367 966 finem
1396 929 1488 966 alios
1515 930 1608 966 fines
1635 942 1716 966 om-

195 1012 258 1036 ncs
293 999 474 1034 malumus
510 1008 694 1040 revocare,
730 1000 772 1031 ut
806 994 898 1030 alios
926 994 1018 1030 fines
1046 1006 1186 1036 omnes,
1215 993 1328 1029 veluti
1354 993 1496 1030 fructus
1524 993 1719 1043 quosdam,

192 1067 255 1099 aut
280 1062 443 1099 membra
472 1059 668 1110 quaedam,
694 1058 804 1108 primi
831 1058 932 1095 illius
959 1057 1045 1095 finis
1072 1057 1184 1094 unius
1212 1070 1291 1094 esse
1309 1057 1577 1107 intelligamus.
1604 1057 1716 1095 Prae-

193 1125 339 1175 cipuum
373 1129 501 1162 autem
536 1123 703 1160 omnium
738 1123 1065 1158 Sacramentorum
1100 1122 1213 1158 finem
1249 1134 1328 1158 esse
1365 1121 1533 1166 dicimus,
1569 1125 1610 1159 ut
1645 1134 1714 1158 usu

197 1189 345 1225 illorum
379 1188 544 1236 legitimo
582 1191 708 1224 nostra
738 1198 819 1222 cum
851 1185 999 1223 Christo
1028 1184 1191 1222 Domino
1223 1185 1433 1222 communio
1462 1185 1501 1223 in
1527 1185 1586 1230 iis,
1622 1198 1716 1235 quae

196 1252 258 1289 ille
294 1265 337 1289 ex
380 1264 444 1288 suo
482 1251 580 1288 dono
616 1249 779 1299 gratuito
815 1250 923 1286 nobis
961 1263 1084 1287 secum
1119 1250 1157 1287 in
1197 1262 1351 1300 corpore
1377 1256 1412 1287 et
1441 1251 1621 1299 sanguine
1648 1262 1714 1287 suo

198 1316 404 1353 communia
439 1329 517 1353 esse
559 1314 695 1359 voluit,
731 1318 979 1364 perpetuaque
1015 1314 1116 1351 illius
1152 1313 1282 1351 fruitio
1319 1315 1463 1365 piorum
1501 1315 1635 1352 animis
1677 1314 1716 1352 in

195 1382 271 1418 eius
307 1381 471 1417 Ecclesia
508 1380 655 1431 penitus
694 1380 884 1428 infigatur,
920 1379 1074 1430 ipsaque
1101 1379 1192 1416 adeo
1221 1379 1387 1417 Ecclesia
1415 1385 1493 1417 tota
1518 1380 1558 1417 in
1586 1393 1716 1430 perpe-

194 1459 278 1492 tuae
314 1445 502 1483 fruitionis
540 1445 751 1482 istiusmodi
789 1444 860 1481 fide
889 1444 1108 1492 obsignetur
1135 1458 1179 1481 ex
1208 1444 1347 1482 Christi
1375 1444 1528 1482 Domini
1564 1436 1718 1482 institu-

195 1510 307 1547 tione.

246 1574 343 1611 Deus
384 1574 557 1611 nimirum
587 1574 674 1624 Opt.
705 1573 805 1611 Max.
836 1577 984 1610 nostrae
1013 1587 1091 1611 sese
1128 1573 1339 1611 infirmitati
1376 1578 1618 1624 attemperare
1647 1574 1717 1611 hac

199 1637 235 1674 in
272 1642 375 1687 parte
410 1638 546 1683 voluit,
582 1646 617 1675 et
652 1637 691 1674 in
737 1637 910 1674 donanda
948 1637 1056 1674 nobis
1094 1637 1233 1674 Christi
1269 1636 1422 1674 Domini
1460 1638 1719 1676 communione

200 1701 363 1737 imitatus
408 1706 462 1739 est
504 1702 674 1751 politicas
710 1714 852 1749 regum,
877 1701 1112 1749 donati-(fol.
1143 1703 1342 1748 59a)0nes,
1377 1701 1471 1752 apud
1512 1715 1604 1752 quos
1640 1702 1717 1753 pri-

202 1778 300 1802 mum
338 1767 380 1803 fit
417 1766 567 1803 donatio
602 1766 693 1816 ipsa,
735 1766 868 1803 deinde
895 1766 933 1803 in
962 1766 1162 1817 diplomate
1189 1766 1236 1804 ad
1263 1766 1302 1803 id
1331 1766 1469 1817 scripto
1499 1766 1718 1812 declaratur,

201 1833 385 1878 postremo
420 1843 483 1879 per
517 1829 681 1867 additum
721 1830 915 1880 diplomati
943 1830 1107 1879 sigillum
1137 1831 1279 1879 regium
1307 1831 1556 1868 communitur
1583 1836 1619 1868 et
1647 1831 1717 1867 ob-

202 1893 380 1941 signatur.

252 1957 312 1994 Ad
349 1958 449 1994 hunc
485 1971 571 1995 sane
598 1958 747 1996 modum
776 1959 881 1996 docet
909 1959 1060 2005 Paulus,
1086 1963 1236 1997 nostrae
1265 1972 1347 1996 cum
1376 1959 1524 1997 Christo
1552 1958 1716 1997 Domino

204 2022 474 2059 communionis
511 2022 747 2060 donationem
784 2024 901 2074 ipsam
937 2024 1074 2061 factam
1104 2037 1182 2061 esse
1209 2024 1248 2061 in
1276 2024 1450 2062 Patribus
1478 2025 1567 2072 (Dei
1592 2025 1717 2075 provi-

208 2085 348 2133 dentia)
375 2092 459 2123 ante
485 2090 650 2137 tempora
677 2091 823 2124 aeterna
850 2089 900 2135 ¹);
930 2087 1151 2125 declaratam
1178 2092 1303 2126 autem
1329 2089 1367 2126 in
1397 2089 1537 2127 Christi
1564 2089 1718 2127 Domini

206 2149 432 2199 apparitione
466 2163 530 2199 per
566 2149 814 2198 Euangelium
854 2151 967 2200 ipsius
1003 2156 1192 2201 tamquam
1230 2165 1294 2202 per
1329 2152 1491 2203 diploma
1518 2152 1719 2203 quoddam,

207 2215 298 2262 (quo
335 2227 421 2250 sane
457 2214 606 2251 nomine
641 2214 776 2252 Paulus
814 2216 1041 2261 Corinthios,
1077 2216 1147 2253 hoc
1174 2221 1241 2261 est,
1277 2230 1383 2254 suum
1412 2217 1509 2268 apud
1536 2217 1620 2254 illos
1647 2217 1716 2254 mi-

208 2277 399 2313 nisterium
441 2278 632 2327 epistolam
670 2291 773 2315 suam
810 2278 848 2316 in
885 2279 1047 2317 Domino
1085 2281 1260 2330 scriptam
1298 2284 1404 2318 vocat
1440 2278 1493 2328 ί“’);
1530 2283 1717 2331 postremo

209 2352 293 2375 vero
329 2353 406 2377 eam
443 2341 559 2391 ipsam
597 2342 867 2380 communionis
904 2344 1159 2389 donationem,
1195 2358 1266 2395 qua
1304 2357 1430 2381 omnes
1464 2344 1605 2394 alioqui
1631 2344 1719 2381 iusti

210 2416 347 2446 sumus,
383 2405 612 2453 obsignatam
651 2419 729 2444 esse
766 2407 872 2444 docet
907 2408 945 2445 in
983 2409 1198 2446 Abrahamo
1225 2413 1261 2446 et
1288 2409 1364 2446 eius
1391 2409 1532 2446 familia
1558 2422 1622 2458 per
1650 2408 1716 2445 Sa-

212 2471 435 2504 cramentum
473 2469 760 2508 circumcisionis
794 2484 838 2509 ex
875 2471 999 2509 divina
1033 2473 1279 2511 institutione.
1333 2472 1479 2510 Diserte
1511 2472 1608 2510 enim
1646 2472 1716 2509 cir-

213 2530 473 2567 cumcisionem
511 2533 791 2582 obsignaculum
830 2541 947 2582 vocat,
982 2537 1158 2575 nimirum
1193 2539 1432 2574 Sacramento
1465 2537 1530 2574 illo
1559 2537 1718 2574 circum-

212 2593 363 2630 cisionis
391 2603 425 2630 et
453 2595 684 2634 Abrahamus
712 2600 789 2648 ipse
817 2604 852 2636 et
879 2601 954 2638 eius
982 2603 1121 2639 familia
1149 2607 1225 2640 tota
1254 2602 1524 2651 obsignabatur
1544 2601 1717 2640 mandato

211 2657 281 2694 Dei
317 2658 355 2694 in
391 2657 530 2695 iustitia
557 2660 631 2706 illa,
666 2675 758 2711 quae
794 2664 840 2702 ab
868 2670 1016 2703 aeterno
1044 2667 1082 2704 in
1109 2672 1232 2705 mente
1258 2666 1394 2704 Divina
1421 2667 1495 2705 iam
1523 2667 1720 2705 constabat

210 2725 336 2758 nostra
366 2734 448 2758 cum
477 2721 624 2761 Christo
652 2724 813 2764 Domino
842 2729 968 2766 futuro
996 2730 1117 2768 adhuc
1146 2731 1416 2770 communione.

253 2847 273 2885 ἱ)
299 2847 379 2889 Eph.
406 2847 432 2879 l.
475 2848 492 2879 22
517 2849 596 2881 Tim.
622 2850 647 2882 l.
772 2852 799 2892 ι·’)
823 2853 841 2884 2
865 2853 935 2888 Cor.
958 2855 987 2889 3.
