1818 3178
469 192 519 219 DE
549 189 830 219 SACRAMENTIS
860 189 1075 216 nocensne
1102 187 1281 215 CHRISTI.
1563 178 1636 214 213

113 296 208 334 Cum
236 295 334 334 enim
361 294 491 332 dicunt
528 306 660 345 corpus
696 293 784 345 pani
810 293 930 331 inesse
957 295 1020 330 aut
1047 291 1145 329 uniri
1171 290 1211 328 in
1240 302 1364 333 coena,
1397 289 1472 327 iam
1497 293 1634 337 negant

109 374 240 411 panem
279 373 358 398 esse
394 371 525 409 corpus
564 357 715 396 Christi.
770 356 886 395 Aliud
920 360 973 394 est
1009 356 1109 394 enim
1143 356 1264 393 inesse
1299 357 1362 392 aut
1395 353 1497 391 uniri
1523 353 1635 391 alicui

107 425 173 469 rei,
207 423 306 465 aliud
344 435 430 460 vero
466 422 503 459 id
546 422 670 473 ipsum
706 434 797 466 esse,
833 420 935 471 quod
971 433 1050 458 esse
1086 419 1232 457 dicitur.
1286 419 1353 462 Ut,
1381 418 1411 456 si
1438 430 1483 455 ex
1512 417 1633 455 verbis

108 501 244 526 coenae
287 487 412 525 doceri
457 487 608 532 debeat,
654 500 787 537 corpus
824 485 964 523 Christi
999 485 1102 522 iuxta
1137 484 1295 534 speeiem
1330 483 1448 533 ipsam
1485 482 1632 519 realiter

104 553 192 604 pani
219 552 258 590 in
287 565 402 590 coena
428 555 492 589 aut
518 552 639 589 inesse
666 555 728 588 aut
754 549 867 595 uniri,
902 552 1044 587 rectum
1071 547 1283 585 hauddubie
1310 546 1542 598 pronominis
1571 559 1631 582 ca-

105 629 188 654 sum
217 615 341 654 dativo
370 618 432 654 aut
460 615 623 653 ablativo
653 628 740 652 casu
767 616 936 664 oporteat
964 611 1196 656 commutari,
1214 632 1264 639 —-
1283 614 1318 648 et
1339 611 1494 648 verbum
1523 609 1631 647 nest''

103 681 312 719 necessario
351 681 613 732 exponendum
651 680 710 722 sit,
746 682 810 716 aut
842 685 908 728 per
943 676 1096 713 verbum
1124 677 1261 721 unitur,
1296 678 1360 712 aut
1385 687 1450 725 per
1477 674 1632 712 verbum

101 747 206 791 inest,
255 746 381 796 sicque
419 746 568 783 demum
604 744 717 782 verba
754 755 889 780 coenae
925 744 1176 791 exponantur:
1220 741 1322 785 Hoc,
1356 739 1395 776 id
1431 743 1499 785 est,
1532 739 1632 784 huic,

103 817 168 853 est,
197 808 234 846 id
270 812 338 854 est,
375 808 501 846 unitur
537 811 602 846 aut
641 807 752 851 inest,
800 817 937 853 corpus
965 817 1095 848 meum,
1128 803 1168 839 id
1203 806 1270 847 est,
1308 801 1516 840 substantia
1552 802 1633 853 ipsa

100 873 207 911 iuxta
245 873 405 924 speciem
441 872 607 924 corporis
644 871 716 909 mei
750 869 943 908 naturalis.
997 870 1056 905 An
1095 880 1180 905 vero
1208 867 1247 904 id
1275 867 1322 904 sit
1345 857 1446 904 ⁴nude
1474 880 1517 904 ac
1544 867 1633 904 sim-

101 938 249 989 pliciter
276 937 388 975 verba
417 951 552 975 coenae
579 936 808 988 exposuisse,
841 934 881 971 id
911 946 995 971 vero
1024 932 1133 970 facile
1161 932 1282 982 quivis
1309 932 1473 970 iudicare
1496 935 1634 983 potest.

154 1003 334 1041 Videmus
363 1016 448 1053 ergo
477 1003 575 1040 hanc
600 1002 712 1040 talem
742 999 907 1051 corporis
936 997 1076 1036 Christi
1103 1010 1185 1034 cum
1213 1010 1308 1048 pane
1335 997 1372 1034 in
1390 1010 1503 1035 coena
1522 997 1632 1034 unio-

103 1081 188 1106 nem
226 1067 302 1106 sive
340 1067 607 1105 connexionem
640 1080 684 1104 ex
711 1065 835 1103 verbis
864 1076 1000 1102 coenae
1028 1062 1153 1112 colligi
1181 1075 1255 1100 non
1284 1075 1393 1113 posse
1420 1062 1499 1099 sine
1528 1075 1634 1100 casus

102 1132 142 1170 in
187 1131 410 1183 pronomine
454 1135 490 1169 et
527 1129 814 1180 significationis
848 1127 1021 1179 propriae
1055 1127 1094 1164 in
1128 1126 1242 1164 verbo
1281 1126 1389 1163 '‘est’‘
1416 1126 1632 1169 mutatione,

105 1208 217 1246 quam
246 1195 330 1244 (fol.
360 1197 470 1243 118³)
497 1195 671 1246 equidem
698 1194 810 1232 nobis
837 1206 908 1231 usu
936 1192 1140 1243 scripturae
1168 1191 1368 1242 approbari
1396 1196 1594 1243 oporteret.

153 1260 225 1298 Sed
261 1260 380 1298 multo
418 1260 540 1298 minus
578 1258 706 1308 colligi
740 1261 863 1309 potest
898 1271 943 1295 ex
967 1257 1133 1308 corporis
1161 1260 1225 1295 aut
1253 1256 1448 1306 sanguinis
1475 1270 1565 1295 voce
1590 1257 1631 1296 in

100 1323 224 1362 verbis
252 1336 388 1361 coenae
414 1323 506 1361 haec
531 1323 618 1361 talis
648 1323 832 1360 connexio
860 1325 1011 1373 propter
1038 1320 1251 1358 varietatem
1278 1321 1452 1358 lectionis
1467 1321 1507 1359 in
1527 1321 1630 1359 Luca

99 1391 135 1426 et
163 1389 277 1425 Paulo
304 1388 344 1425 in
372 1388 495 1426 verbis
524 1387 568 1425 de
595 1388 730 1438 poculo
761 1400 906 1430 coenae,
933 1389 973 1424 ut
1000 1386 1075 1423 iam
1101 1388 1208 1422 antea
1235 1397 1382 1436 quoque
1402 1385 1540 1423 dictum
1562 1389 1629 1424 est.

96 1452 195 1491 Item
220 1456 372 1504 propter
400 1452 564 1490 eiusdem
590 1452 696 1489 Pauli
724 1452 796 1490 alio
827 1464 975 1489 rursum
1000 1451 1084 1488 loco
1111 1449 1409 1501 explicationem,
1446 1451 1533 1488 dum
1559 1465 1626 1502 pa-

97 1531 183 1556 nem
219 1518 392 1562 fractum,
420 1530 483 1556 seu
509 1530 675 1555 mensam
703 1516 869 1563 Domini,
897 1515 1197 1553 communionem
1223 1528 1302 1553 esse
1329 1515 1436 1553 docet
1464 1516 1629 1567 corporis

99 1582 252 1621 Christi.
305 1582 356 1620 Et
389 1585 542 1633 propter
576 1595 692 1619 unum
718 1585 829 1632 atque
854 1581 953 1619 idem
980 1580 1194 1631 mysterium
1225 1580 1391 1618 omnium
1419 1594 1628 1619 sacramen-

94 1651 239 1689 torum,
275 1647 376 1698 quod
412 1660 490 1685 non
526 1647 690 1685 admittit
725 1647 840 1684 ullam
877 1646 1146 1689 variationem,
1191 1649 1372 1696 quatenus
1407 1659 1496 1684 sane
1529 1660 1626 1684 unus

95 1715 151 1749 est
188 1715 299 1762 atque
333 1711 433 1749 idem
468 1711 516 1749 ab
552 1715 703 1749 aeterno
740 1715 775 1749 et
809 1712 850 1749 in
887 1715 1077 1750 aeternum
1115 1711 1233 1757 Deus,
1259 1724 1334 1748 una
1360 1714 1471 1762 atque
1497 1711 1625 1749 eadem

95 1788 239 1826 semper
263 1775 368 1821 fides,
401 1779 437 1813 et
463 1788 561 1813 unus
587 1779 698 1826 atque
724 1775 821 1813 idem
849 1775 1078 1826 Baptismus,
1106 1775 1181 1814 sive
1207 1775 1247 1813 in
1275 1775 1482 1814 exhibitum
1512 1775 1621 1813 Chri-

97 1843 207 1886 stum,
234 1840 310 1878 sive
337 1840 377 1877 in
405 1844 615 1879 venturum.

146 1905 195 1942 Et
227 1905 307 1943 visa
342 1909 398 1943 est
425 1919 514 1943 sane
540 1905 765 1956 quibusdam
795 1905 922 1943 durior
949 1905 1060 1956 paulo
1089 1917 1168 1942 esse
1194 1905 1285 1943 haec
1311 1905 1396 1943 talis
1423 1905 1621 1944 verborum

95 1983 231 2008 coenae
271 1970 528 2021 interpretatio
581 1975 731 2022 propter
774 1984 880 2009 casus
918 1970 958 2008 in
993 1969 1216 2021 pronomine
1251 1973 1286 2007 et
1334 1969 1620 2020 significationis

93 2034 265 2086 propriae
300 2035 339 2072 in
369 2035 481 2072 verbo
515 2035 626 2073 “est''
652 2035 910 2079 mutationem,
939 2047 959 2071 a
987 2047 1058 2085 qua
1086 2047 1124 2072 se
1150 2034 1307 2072 liberare
1335 2047 1411 2072 non
1437 2038 1622 2085 poterant,

95 2099 126 2136 si
160 2099 247 2136 talis
285 2099 468 2137 connexio
504 2099 543 2137 in
582 2099 704 2137 verbis
742 2111 878 2136 coenae
914 2097 1175 2136 constituenda
1203 2101 1310 2136 esset.
1348 2098 1481 2149 Itaque
1508 2098 1616 2137 aliam

91 2177 221 2201 rursus
257 2164 602 2215 interpretationem
638 2164 885 2215 protulerunt,
923 2167 958 2201 et
993 2163 1032 2200 in
1069 2163 1291 2214 pronomine
1327 2162 1619 2202 demonstrativo

94 2228 291 2279 Elleipsim
318 2228 505 2278 quandam
535 2228 762 2274 statuebant,
789 2231 901 2279 atque
928 2227 1041 2265 verba
1070 2239 1205 2265 coenae
1232 2227 1276 2264 ad
1297 2227 1397 2264 hunc
1413 2227 1621 2275 (fol.118b)

94 2291 248 2330 modum
276 2292 533 2343 exponebant:
560 2294 652 2334 Hoc.
678 2292 717 2330 id
744 2295 811 2338 est,
834 2292 874 2329 in
896 2291 965 2329 hac
983 2292 1042 2329 vel
1062 2304 1143 2329 cum
1163 2291 1247 2337 hoc,
1265 2298 1318 2328 est
1336 2305 1470 2340 corpus
1487 2305 1620 2337 meum,-

92 2357 350 2408 putabantque
378 2357 475 2394 hanc
501 2357 613 2394 talem
639 2357 983 2408 interpretationem
1010 2356 1219 2394 molliorem
1245 2355 1363 2393 videri
1379 2369 1501 2408 posse,
1519 2356 1618 2408 quod

92 2422 131 2460 in
170 2423 248 2460 solo
288 2422 467 2461 duntaxat
503 2421 724 2472 pronomine
761 2421 908 2459 schema
943 2421 1130 2472 quoddam
1165 2424 1357 2471 ponerent,
1395 2424 1539 2458 servata
1567 2421 1625 2459 in-

92 2487 199 2525 terim
228 2491 262 2525 et
290 2487 396 2525 verbi
426 2486 536 2524 uest''
564 2491 599 2525 et
631 2486 855 2538 “corporis''
881 2486 1030 2537 propria
1058 2485 1343 2535 significatione.

147 2552 318 2590 Ceterum
356 2555 391 2589 et
429 2551 519 2589 haec
545 2551 630 2588 talis
656 2551 912 2602 interpretatio
942 2550 1154 2589 satisfacere
1181 2550 1356 2588 omnibus
1383 2563 1459 2588 non
1486 2551 1619 2602 potuit.

94 2617 272 2661 Primum,
310 2617 411 2668 quod
446 2617 483 2654 in
523 2617 682 2653 aliorum
725 2617 1049 2654 Sacramentorum
1078 2615 1262 2654 similibus
1289 2616 1413 2654 verbis
1440 2616 1620 2654 eiusmodi

95 2681 269 2733 Elleipsis
299 2681 478 2719 constitui
506 2694 581 2718 non
610 2681 741 2731 possit.
772 2681 927 2725 Deinde,
955 2681 1054 2732 quod
1082 2681 1227 2719 nullum
1254 2681 1365 2718 talem
1391 2681 1497 2718 huius
1517 2680 1622 2718 sche-

94 2745 204 2784 matis
232 2759 338 2784 usum
366 2746 405 2783 in
436 2745 639 2795 Scripturis
666 2745 744 2782 fere
770 2745 973 2783 videamus.
1019 2745 1223 2788 Praeterea,
1249 2744 1348 2796 quod
1378 2744 1489 2781 alium
1518 2744 1626 2794 plano

97 2823 243 2848 sensum
271 2811 471 2848 verborum
500 2810 663 2855 inducat,
691 2823 800 2860 quarn
831 2810 945 2848 verba
972 2810 1051 2861 ipsa
1084 2814 1264 2848 testentur
1291 2814 1327 2847 et
1354 2822 1461 2860 quam
1493 2808 1628 2846 veritas

92 2874 173 2925 ipsa
200 2875 379 2913 historiae
406 2875 656 2924 Euangelicae
682 2875 857 2926 patiatur.
905 2874 1003 2912 Nam
1034 2875 1173 2913 Christi
1203 2887 1349 2925 corpus,
1376 2873 1464 2910 dum
1491 2885 1622 2923 panem

93 2938 172 2989 ipse
198 2939 370 2977 manibus
400 2939 476 2979 suis
506 2939 755 2985 distribueret,
782 2942 883 2977 extra
911 2952 1044 2990 panem
1073 2943 1151 2978 erat
1170 2938 1412 2990 conspicuum
1433 2936 1625 2988 Apostolis
