<?xml version="1.0" encoding="UTF-8"?>
<!DOCTYPE html PUBLIC "-//W3C//DTD XHTML 1.0 Transitional//EN"
    "http://www.w3.org/TR/xhtml1/DTD/xhtml1-transitional.dtd">
<html xmlns="http://www.w3.org/1999/xhtml" xml:lang="en" lang="en">
 <head>
  <title>
</title>
<meta http-equiv="Content-Type" content="text/html;charset=utf-8" />
  <meta name='ocr-system' content='tesseract 3.04.00' />
  <meta name='ocr-capabilities' content='ocr_page ocr_carea ocr_par ocr_line ocrx_word'/>
</head>
<body>
  <div class='ocr_page' id='page_1' title='image "./operatameditaqua01lask_0446.png"; bbox 0 0 1818 3178; ppageno 0'>
   <div class='ocr_carea' id='block_1_1' title="bbox 202 69 274 106">
    <p class='ocr_par' dir='ltr' id='par_1_1' title="bbox 202 69 274 106">
     <span class='ocr_line' id='line_1_1' title="bbox 202 69 274 106; baseline 0.014 -1"><span class='ocrx_word' id='word_1_1' title='bbox 202 69 274 106; x_wconf 81' lang='lat'>314</span> 
     </span>
    </p>
   </div>
   <div class='ocr_carea' id='block_1_2' title="bbox 182 176 1720 2868">
    <p class='ocr_par' dir='ltr' id='par_1_2' title="bbox 182 176 1720 2868">
     <span class='ocr_line' id='line_1_2' title="bbox 194 176 1720 230; baseline 0.001 -13"><span class='ocrx_word' id='word_1_2' title='bbox 194 178 360 230; x_wconf 84' lang='lat' dir='ltr'>phalurn,</span> <span class='ocrx_word' id='word_1_3' title='bbox 397 177 462 228; x_wconf 91' lang='lat' dir='ltr'>qui</span> <span class='ocrx_word' id='word_1_4' title='bbox 497 180 621 214; x_wconf 88' lang='lat' dir='ltr'>tamen</span> <span class='ocrx_word' id='word_1_5' title='bbox 657 176 965 227; x_wconf 84' lang='lat' dir='ltr'>incomparabilis</span> <span class='ocrx_word' id='word_1_6' title='bbox 990 181 1248 228; x_wconf 79' lang='lat' dir='ltr'>propugnator</span> <span class='ocrx_word' id='word_1_7' title='bbox 1277 178 1443 217; x_wconf 87' lang='lat' dir='ltr'>veritatis</span> <span class='ocrx_word' id='word_1_8' title='bbox 1471 179 1549 217; x_wconf 89' lang='lat' dir='ltr'>vult</span> <span class='ocrx_word' id='word_1_9' title='bbox 1576 179 1720 225; x_wconf 86' lang='lat' dir='ltr'>haberi,</span> 
     </span>
     <span class='ocr_line' id='line_1_3' title="bbox 195 239 1718 290; baseline 0.001 -10"><span class='ocrx_word' id='word_1_10' title='bbox 195 243 283 280; x_wconf 90' lang='lat' dir='ltr'>dum</span> <span class='ocrx_word' id='word_1_11' title='bbox 311 256 332 280; x_wconf 91' lang='lat' dir='ltr'>a</span> <span class='ocrx_word' id='word_1_12' title='bbox 357 255 416 279; x_wconf 90' lang='lat' dir='ltr'>me</span> <span class='ocrx_word' id='word_1_13' title='bbox 445 240 573 289; x_wconf 85' lang='lat' dir='ltr'>negari</span> <span class='ocrx_word' id='word_1_14' title='bbox 600 240 691 278; x_wconf 89' lang='lat' dir='ltr'>dicit</span> <span class='ocrx_word' id='word_1_15' title='bbox 716 239 756 277; x_wconf 91' lang='lat' dir='ltr'>in</span> <span class='ocrx_word' id='word_1_16' title='bbox 783 253 864 278; x_wconf 84' lang='lat' dir='ltr'>mea</span> <span class='ocrx_word' id='word_1_17' title='bbox 892 240 940 278; x_wconf 88' lang='lat' dir='ltr'>ad</span> <span class='ocrx_word' id='word_1_18' title='bbox 967 241 1106 290; x_wconf 80' lang='lat' dir='ltr'>Regem</span> <span class='ocrx_word' id='word_1_19' title='bbox 1134 253 1257 279; x_wconf 88' lang='lat' dir='ltr'>meum</span> <span class='ocrx_word' id='word_1_20' title='bbox 1285 242 1468 290; x_wconf 81' lang='lat' dir='ltr'>Epistola,</span> <span class='ocrx_word' id='word_1_21' title='bbox 1494 247 1619 281; x_wconf 82' lang='lat' dir='ltr'><strong>extare</strong></span> <span class='ocrx_word' id='word_1_22' title='bbox 1631 245 1718 281; x_wconf 86' lang='lat' dir='ltr'>fon-</span> 
     </span>
     <span class='ocr_line' id='line_1_4' title="bbox 194 303 1717 357; baseline 0.001 -13"><span class='ocrx_word' id='word_1_23' title='bbox 194 310 249 344; x_wconf 90' lang='lat' dir='ltr'>tes</span> <span class='ocrx_word' id='word_1_24' title='bbox 276 306 371 344; x_wconf 88' lang='lat' dir='ltr'>ullos</span> <span class='ocrx_word' id='word_1_25' title='bbox 397 305 435 342; x_wconf 88' lang='lat' dir='ltr'>in</span> <span class='ocrx_word' id='word_1_26' title='bbox 467 303 668 354; x_wconf 87' lang='lat' dir='ltr'>Scripturis</span> <span class='ocrx_word' id='word_1_27' title='bbox 697 304 900 354; x_wconf 89' lang='lat' dir='ltr'>corporalis</span> <span class='ocrx_word' id='word_1_28' title='bbox 930 304 1069 342; x_wconf 79' lang='lat' dir='ltr'>Christi</span> <span class='ocrx_word' id='word_1_29' title='bbox 1096 305 1136 342; x_wconf 88' lang='lat' dir='ltr'>in</span> <span class='ocrx_word' id='word_1_30' title='bbox 1165 306 1289 343; x_wconf 90' lang='lat' dir='ltr'>Coena</span> <span class='ocrx_word' id='word_1_31' title='bbox 1317 319 1383 344; x_wconf 88' lang='lat' dir='ltr'>sua</span> <span class='ocrx_word' id='word_1_32' title='bbox 1410 307 1654 357; x_wconf 87' lang='lat' dir='ltr'>praesentiae,</span> <span class='ocrx_word' id='word_1_33' title='bbox 1674 321 1717 345; x_wconf 91' lang='lat' dir='ltr'>eo</span> 
     </span>
     <span class='ocr_line' id='line_1_5' title="bbox 193 367 1718 422; baseline 0.001 -15"><span class='ocrx_word' id='word_1_34' title='bbox 193 370 294 420; x_wconf 88' lang='lat' dir='ltr'>quod</span> <span class='ocrx_word' id='word_1_35' title='bbox 328 370 450 406; x_wconf 86' lang='lat' dir='ltr'>fontes</span> <span class='ocrx_word' id='word_1_36' title='bbox 487 367 691 418; x_wconf 87' lang='lat' dir='ltr'>corporalis</span> <span class='ocrx_word' id='word_1_37' title='bbox 725 368 766 406; x_wconf 90' lang='lat' dir='ltr'>in</span> <span class='ocrx_word' id='word_1_38' title='bbox 801 382 898 419; x_wconf 90' lang='lat' dir='ltr'>pane</span> <span class='ocrx_word' id='word_1_39' title='bbox 931 368 1013 419; x_wconf 89' lang='lat' dir='ltr'>ipso</span> <span class='ocrx_word' id='word_1_40' title='bbox 1053 369 1198 406; x_wconf 91' lang='lat' dir='ltr'>Coenae</span> <span class='ocrx_word' id='word_1_41' title='bbox 1234 369 1511 408; x_wconf 85' lang='lat' dir='ltr'>delitescentiae</span> <span class='ocrx_word' id='word_1_42' title='bbox 1552 372 1718 422; x_wconf 88' lang='lat' dir='ltr'>corporis</span> 
     </span>
     <span class='ocr_line' id='line_1_6' title="bbox 194 432 1719 486; baseline 0.001 -16"><span class='ocrx_word' id='word_1_43' title='bbox 194 433 332 470; x_wconf 81' lang='lat' dir='ltr'>Christi</span> <span class='ocrx_word' id='word_1_44' title='bbox 358 441 484 469; x_wconf 81' lang='lat' dir='ltr'>extare</span> <span class='ocrx_word' id='word_1_45' title='bbox 513 445 701 481; x_wconf 82' lang='lat' dir='ltr'><strong>negemus.</strong></span> <span class='ocrx_word' id='word_1_46' title='bbox 741 432 814 469; x_wconf 86' lang='lat' dir='ltr'>Sed</span> <span class='ocrx_word' id='word_1_47' title='bbox 842 437 878 470; x_wconf 91' lang='lat' dir='ltr'>et</span> <span class='ocrx_word' id='word_1_48' title='bbox 904 433 1010 470; x_wconf 89' lang='lat' dir='ltr'>locus</span> <span class='ocrx_word' id='word_1_49' title='bbox 1038 432 1129 483; x_wconf 87' lang='lat' dir='ltr'>ipse,</span> <span class='ocrx_word' id='word_1_50' title='bbox 1156 446 1265 483; x_wconf 89' lang='lat' dir='ltr'>quem</span> <span class='ocrx_word' id='word_1_51' title='bbox 1295 433 1383 471; x_wconf 87' lang='lat' dir='ltr'>citat</span> <span class='ocrx_word' id='word_1_52' title='bbox 1411 447 1456 471; x_wconf 87' lang='lat' dir='ltr'>ex</span> <span class='ocrx_word' id='word_1_53' title='bbox 1483 434 1612 472; x_wconf 87' lang='lat' dir='ltr'>eadem</span> <span class='ocrx_word' id='word_1_54' title='bbox 1639 435 1719 486; x_wconf 85' lang='lat' dir='ltr'>ipsa</span> 
     </span>
     <span class='ocr_line' id='line_1_7' title="bbox 191 496 1720 550; baseline 0.001 -15"><span class='ocrx_word' id='word_1_55' title='bbox 191 498 238 535; x_wconf 87' lang='lat' dir='ltr'>ad</span> <span class='ocrx_word' id='word_1_56' title='bbox 274 497 412 545; x_wconf 85' lang='lat' dir='ltr'><strong>Regem</strong></span> <span class='ocrx_word' id='word_1_57' title='bbox 450 510 573 534; x_wconf 89' lang='lat' dir='ltr'>meum</span> <span class='ocrx_word' id='word_1_58' title='bbox 598 496 779 547; x_wconf 76' lang='lat' dir='ltr'>Epistola,</span> <span class='ocrx_word' id='word_1_59' title='bbox 796 497 985 534; x_wconf 80' lang='lat' dir='ltr'><strong>manifesti</strong></span> <span class='ocrx_word' id='word_1_60' title='bbox 1004 497 1111 534; x_wconf 88' lang='lat' dir='ltr'>illum</span> <span class='ocrx_word' id='word_1_61' title='bbox 1130 497 1314 535; x_wconf 87' lang='lat' dir='ltr'>mendacii</span> <span class='ocrx_word' id='word_1_62' title='bbox 1336 499 1536 537; x_wconf 89' lang='lat' dir='ltr'>convincit.</span> <span class='ocrx_word' id='word_1_63' title='bbox 1565 498 1720 550; x_wconf 91' lang='lat' dir='ltr'>Loquor</span> 
     </span>
     <span class='ocr_line' id='line_1_8' title="bbox 190 561 1720 613; baseline 0 -13"><span class='ocrx_word' id='word_1_64' title='bbox 190 562 289 600; x_wconf 89' lang='lat' dir='ltr'>enim</span> <span class='ocrx_word' id='word_1_65' title='bbox 316 562 396 599; x_wconf 86' lang='lat' dir='ltr'>illie</span> <span class='ocrx_word' id='word_1_66' title='bbox 421 561 657 612; x_wconf 90' lang='lat' dir='ltr'>potissimum</span> <span class='ocrx_word' id='word_1_67' title='bbox 687 561 731 598; x_wconf 91' lang='lat' dir='ltr'>de</span> <span class='ocrx_word' id='word_1_68' title='bbox 759 575 800 598; x_wconf 88' lang='lat' dir='ltr'>ea</span> <span class='ocrx_word' id='word_1_69' title='bbox 828 561 969 612; x_wconf 83' lang='lat' dir='ltr'>alioqui</span> <span class='ocrx_word' id='word_1_70' title='bbox 994 561 1218 612; x_wconf 88' lang='lat' dir='ltr'>praesentia,</span> <span class='ocrx_word' id='word_1_71' title='bbox 1244 575 1356 612; x_wconf 89' lang='lat' dir='ltr'>quam</span> <span class='ocrx_word' id='word_1_72' title='bbox 1377 562 1613 613; x_wconf 88' lang='lat' dir='ltr'>Westphalus</span> <span class='ocrx_word' id='word_1_73' title='bbox 1634 576 1720 601; x_wconf 89' lang='lat' dir='ltr'>suae</span> 
     </span>
     <span class='ocr_line' id='line_1_9' title="bbox 192 625 1719 676; baseline 0 -12"><span class='ocrx_word' id='word_1_74' title='bbox 192 627 466 664; x_wconf 87' lang='lat' dir='ltr'>delitescentiae</span> <span class='ocrx_word' id='word_1_75' title='bbox 493 630 528 663; x_wconf 88' lang='lat' dir='ltr'>et</span> <span class='ocrx_word' id='word_1_76' title='bbox 556 626 747 663; x_wconf 88' lang='lat' dir='ltr'>communi</span> <span class='ocrx_word' id='word_1_77' title='bbox 773 626 845 676; x_wconf 91' lang='lat' dir='ltr'>piis</span> <span class='ocrx_word' id='word_1_78' title='bbox 871 626 1010 676; x_wconf 88' lang='lat' dir='ltr'>pariter</span> <span class='ocrx_word' id='word_1_79' title='bbox 1037 630 1147 676; x_wconf 84' lang='lat' dir='ltr'>atque</span> <span class='ocrx_word' id='word_1_80' title='bbox 1174 625 1299 676; x_wconf 90' lang='lat' dir='ltr'>impiis</span> <span class='ocrx_word' id='word_1_81' title='bbox 1328 627 1608 665; x_wconf 88' lang='lat' dir='ltr'>manducationi</span> <span class='ocrx_word' id='word_1_82' title='bbox 1636 641 1719 664; x_wconf 89' lang='lat' dir='ltr'>cor-</span> 
     </span>
     <span class='ocr_line' id='line_1_10' title="bbox 188 690 1716 742; baseline 0.001 -14"><span class='ocrx_word' id='word_1_83' title='bbox 188 691 289 742; x_wconf 85' lang='lat' dir='ltr'>poris</span> <span class='ocrx_word' id='word_1_84' title='bbox 320 690 459 728; x_wconf 83' lang='lat' dir='ltr'>Christi</span> <span class='ocrx_word' id='word_1_85' title='bbox 485 690 689 728; x_wconf 81' lang='lat' dir='ltr'>obtendere</span> <span class='ocrx_word' id='word_1_86' title='bbox 717 694 885 728; x_wconf 88' lang='lat' dir='ltr'>conatur.</span> <span class='ocrx_word' id='word_1_87' title='bbox 932 690 1055 727; x_wconf 87' lang='lat' dir='ltr'>Verba</span> <span class='ocrx_word' id='word_1_88' title='bbox 1083 694 1212 727; x_wconf 88' lang='lat' dir='ltr'>nostra</span> <span class='ocrx_word' id='word_1_89' title='bbox 1241 691 1293 727; x_wconf 91' lang='lat' dir='ltr'>sic</span> <span class='ocrx_word' id='word_1_90' title='bbox 1321 691 1474 737; x_wconf 89' lang='lat' dir='ltr'>habent,</span> <span class='ocrx_word' id='word_1_91' title='bbox 1500 692 1642 740; x_wconf 81' lang='lat' dir='ltr'>Pagina</span> <span class='ocrx_word' id='word_1_92' title='bbox 1670 694 1716 733; x_wconf 81' lang='lat'>57</span> 
     </span>
     <span class='ocr_line' id='line_1_11' title="bbox 189 755 1718 805; baseline 0.001 -12"><span class='ocrx_word' id='word_1_93' title='bbox 189 757 229 793; x_wconf 88' lang='lat' dir='ltr'>in</span> <span class='ocrx_word' id='word_1_94' title='bbox 256 757 349 793; x_wconf 90' lang='lat' dir='ltr'><strong>fine:</strong></span> <span class='ocrx_word' id='word_1_95' title='bbox 381 772 398 789; x_wconf 79' lang='lat' dir='ltr'>n</span> <span class='ocrx_word' id='word_1_96' title='bbox 413 756 507 792; x_wconf 92' lang='lat' dir='ltr'>Cum</span> <span class='ocrx_word' id='word_1_97' title='bbox 533 755 650 804; x_wconf 84' lang='lat' dir='ltr'>igitur</span> <span class='ocrx_word' id='word_1_98' title='bbox 679 756 839 792; x_wconf 89' lang='lat' dir='ltr'>Catones</span> <span class='ocrx_word' id='word_1_99' title='bbox 866 755 985 792; x_wconf 86' lang='lat' dir='ltr'>nostri</span> <span class='ocrx_word' id='word_1_100' title='bbox 1012 755 1322 805; x_wconf 75' lang='lat' dir='ltr'>propugnandam</span> <span class='ocrx_word' id='word_1_101' title='bbox 1351 755 1424 793; x_wconf 89' lang='lat' dir='ltr'>sibi</span> <span class='ocrx_word' id='word_1_102' title='bbox 1451 761 1600 793; x_wconf 91' lang='lat' dir='ltr'>sumant</span> <span class='ocrx_word' id='word_1_103' title='bbox 1627 769 1718 794; x_wconf 91' lang='lat' dir='ltr'>con-</span> 
     </span>
     <span class='ocr_line' id='line_1_12' title="bbox 193 819 1718 870; baseline 0.003 -16"><span class='ocrx_word' id='word_1_104' title='bbox 193 821 348 858; x_wconf 76' lang='lat' dir='ltr'>afictam</span> <span class='ocrx_word' id='word_1_105' title='bbox 375 819 444 857; x_wconf 88' lang='lat' dir='ltr'>sub</span> <span class='ocrx_word' id='word_1_106' title='bbox 470 819 612 870; x_wconf 87' lang='lat' dir='ltr'>Papatu</span> <span class='ocrx_word' id='word_1_107' title='bbox 640 819 868 870; x_wconf 82' lang='lat' dir='ltr'>corporalem</span> <span class='ocrx_word' id='word_1_108' title='bbox 896 819 936 856; x_wconf 92' lang='lat' dir='ltr'>in</span> <span class='ocrx_word' id='word_1_109' title='bbox 962 832 1058 869; x_wconf 85' lang='lat' dir='ltr'>pane</span> <span class='ocrx_word' id='word_1_110' title='bbox 1086 819 1232 856; x_wconf 84' lang='lat' dir='ltr'>Coenae</span> <span class='ocrx_word' id='word_1_111' title='bbox 1258 819 1438 857; x_wconf 88' lang='lat' dir='ltr'>naturalis</span> <span class='ocrx_word' id='word_1_112' title='bbox 1468 819 1608 858; x_wconf 89' lang='lat' dir='ltr'>Christi</span> <span class='ocrx_word' id='word_1_113' title='bbox 1636 834 1718 858; x_wconf 87' lang='lat' dir='ltr'>cor·</span> 
     </span>
     <span class='ocr_line' id='line_1_13' title="bbox 192 883 1718 936; baseline 0.001 -15"><span class='ocrx_word' id='word_1_114' title='bbox 192 885 321 935; x_wconf 78' lang='lat' dir='ltr'>nporis</span> <span class='ocrx_word' id='word_1_115' title='bbox 347 884 596 935; x_wconf 85' lang='lat' dir='ltr'>praesentiam</span> <span class='ocrx_word' id='word_1_116' title='bbox 623 887 659 921; x_wconf 92' lang='lat' dir='ltr'>et</span> <span class='ocrx_word' id='word_1_117' title='bbox 675 883 1006 921; x_wconf 88' lang='lat' dir='ltr'>manducationem</span> <span class='ocrx_word' id='word_1_118' title='bbox 1022 905 1073 912; x_wconf 97' lang='lat'><strong>—</strong></span> <span class='ocrx_word' id='word_1_119' title='bbox 1092 883 1165 920; x_wconf 92' lang='lat' dir='ltr'>nisi</span> <span class='ocrx_word' id='word_1_120' title='bbox 1185 883 1285 934; x_wconf 92' lang='lat' dir='ltr'>quod</span> <span class='ocrx_word' id='word_1_121' title='bbox 1306 897 1386 921; x_wconf 85' lang='lat' dir='ltr'>eam</span> <span class='ocrx_word' id='word_1_122' title='bbox 1409 884 1509 935; x_wconf 88' lang='lat' dir='ltr'>Papa</span> <span class='ocrx_word' id='word_1_123' title='bbox 1529 898 1593 936; x_wconf 90' lang='lat' dir='ltr'>per</span> <span class='ocrx_word' id='word_1_124' title='bbox 1615 899 1718 923; x_wconf 88' lang='lat' dir='ltr'>suam</span> 
     </span>
     <span class='ocr_line' id='line_1_14' title="bbox 193 948 1719 1000; baseline 0.001 -15"><span class='ocrx_word' id='word_1_125' title='bbox 193 968 211 986; x_wconf 76' lang='lat' dir='ltr'><em>u</em></span> <span class='ocrx_word' id='word_1_126' title='bbox 224 949 677 995; x_wconf 89' lang='lat' dir='ltr'>transubstantiationem,</span> <span class='ocrx_word' id='word_1_127' title='bbox 702 949 766 987; x_wconf 89' lang='lat' dir='ltr'>isti</span> <span class='ocrx_word' id='word_1_128' title='bbox 794 962 879 986; x_wconf 90' lang='lat' dir='ltr'>vero</span> <span class='ocrx_word' id='word_1_129' title='bbox 908 962 972 1000; x_wconf 90' lang='lat' dir='ltr'>per</span> <span class='ocrx_word' id='word_1_130' title='bbox 1000 961 1140 986; x_wconf 90' lang='lat' dir='ltr'>novum</span> <span class='ocrx_word' id='word_1_131' title='bbox 1168 948 1293 986; x_wconf 91' lang='lat' dir='ltr'>nescio</span> <span class='ocrx_word' id='word_1_132' title='bbox 1322 948 1423 999; x_wconf 89' lang='lat' dir='ltr'>quod</span> <span class='ocrx_word' id='word_1_133' title='bbox 1444 949 1719 987; x_wconf 86' lang='lat' dir='ltr'>delitescentiae</span> 
     </span>
     <span class='ocr_line' id='line_1_15' title="bbox 192 1012 1719 1064; baseline -0.001 -12"><span class='ocrx_word' id='word_1_134' title='bbox 192 1027 340 1064; x_wconf 74' lang='lat' dir='ltr'>ngenus</span> <span class='ocrx_word' id='word_1_135' title='bbox 368 1014 463 1051; x_wconf 90' lang='lat' dir='ltr'>tueri</span> <span class='ocrx_word' id='word_1_136' title='bbox 491 1014 623 1051; x_wconf 89' lang='lat' dir='ltr'>volunt</span> <span class='ocrx_word' id='word_1_137' title='bbox 648 1034 699 1042; x_wconf 96' lang='lat'><strong>—</strong></span> <span class='ocrx_word' id='word_1_138' title='bbox 726 1013 816 1050; x_wconf 90' lang='lat' dir='ltr'>haec</span> <span class='ocrx_word' id='word_1_139' title='bbox 844 1026 932 1050; x_wconf 92' lang='lat' dir='ltr'>sane</span> <span class='ocrx_word' id='word_1_140' title='bbox 951 1012 1026 1050; x_wconf 87' lang='lat' dir='ltr'>illis</span> <span class='ocrx_word' id='word_1_141' title='bbox 1046 1012 1235 1050; x_wconf 87' lang='lat' dir='ltr'>evidenter</span> <span class='ocrx_word' id='word_1_142' title='bbox 1255 1013 1450 1063; x_wconf 86' lang='lat' dir='ltr'>probanda</span> <span class='ocrx_word' id='word_1_143' title='bbox 1469 1017 1578 1060; x_wconf 88' lang='lat' dir='ltr'>esset,</span> <span class='ocrx_word' id='word_1_144' title='bbox 1593 1014 1719 1064; x_wconf 90' lang='lat' dir='ltr'>prius-</span> 
     </span>
     <span class='ocr_line' id='line_1_16' title="bbox 192 1077 1718 1130; baseline 0.002 -16"><span class='ocrx_word' id='word_1_145' title='bbox 192 1097 210 1114; x_wconf 66' lang='grc' dir='ltr'><em>κ</em></span> <span class='ocrx_word' id='word_1_146' title='bbox 221 1093 332 1130; x_wconf 88' lang='lat' dir='ltr'>quam</span> <span class='ocrx_word' id='word_1_147' title='bbox 352 1079 579 1117; x_wconf 86' lang='lat' dir='ltr'>descendant</span> <span class='ocrx_word' id='word_1_148' title='bbox 594 1078 639 1115; x_wconf 90' lang='lat' dir='ltr'>ad</span> <span class='ocrx_word' id='word_1_149' title='bbox 651 1082 810 1123; x_wconf 91' lang='lat' dir='ltr'>nostras,</span> <span class='ocrx_word' id='word_1_150' title='bbox 827 1078 891 1128; x_wconf 92' lang='lat' dir='ltr'>qui</span> <span class='ocrx_word' id='word_1_151' title='bbox 901 1078 1004 1114; x_wconf 89' lang='lat' dir='ltr'>illam</span> <span class='ocrx_word' id='word_1_152' title='bbox 1015 1090 1287 1128; x_wconf 84' lang='lat' dir='ltr'>oppugnamus,</span> <span class='ocrx_word' id='word_1_153' title='bbox 1298 1077 1529 1116; x_wconf 90' lang='lat' dir='ltr'>obiectiones</span> <span class='ocrx_word' id='word_1_154' title='bbox 1541 1079 1625 1126; x_wconf 87' lang='lat' dir='ltr'>(fol.</span> <span class='ocrx_word' id='word_1_155' title='bbox 1640 1081 1718 1127; x_wconf 82' lang='lat'><strong>73).</strong></span> 
     </span>
     <span class='ocr_line' id='line_1_17' title="bbox 192 1142 1717 1195; baseline 0.001 -16"><span class='ocrx_word' id='word_1_156' title='bbox 192 1145 392 1195; x_wconf 83' lang='lat' dir='ltr'>nCumque</span> <span class='ocrx_word' id='word_1_157' title='bbox 420 1144 543 1181; x_wconf 86' lang='lat' dir='ltr'>fontes</span> <span class='ocrx_word' id='word_1_158' title='bbox 571 1144 677 1181; x_wconf 90' lang='lat' dir='ltr'>eius·</span> <span class='ocrx_word' id='word_1_159' title='bbox 704 1156 816 1180; x_wconf 91' lang='lat' dir='ltr'>suae</span> <span class='ocrx_word' id='word_1_160' title='bbox 843 1142 1156 1193; x_wconf 86' lang='lat' dir='ltr'>praesentiae</span> <span class='ocrx_word' id='word_1_161' title='bbox 1182 1142 1222 1179; x_wconf 92' lang='lat' dir='ltr'>in</span> <span class='ocrx_word' id='word_1_162' title='bbox 1250 1142 1375 1179; x_wconf 90' lang='lat' dir='ltr'>verbis</span> <span class='ocrx_word' id='word_1_163' title='bbox 1405 1142 1562 1187; x_wconf 90' lang='lat' dir='ltr'>Coenae,</span> <span class='ocrx_word' id='word_1_164' title='bbox 1590 1156 1717 1194; x_wconf 89' lang='lat' dir='ltr'>quem-</span> 
     </span>
     <span class='ocr_line' id='line_1_18' title="bbox 191 1206 1719 1258; baseline 0 -15"><span class='ocrx_word' id='word_1_165' title='bbox 191 1208 422 1246; x_wconf 78' lang='lat' dir='ltr'>nadmodum</span> <span class='ocrx_word' id='word_1_166' title='bbox 458 1212 495 1245; x_wconf 92' lang='lat' dir='ltr'>et</span> <span class='ocrx_word' id='word_1_167' title='bbox 529 1207 711 1258; x_wconf 85' lang='lat' dir='ltr'>Papistae,</span> <span class='ocrx_word' id='word_1_168' title='bbox 740 1211 1032 1244; x_wconf 85' lang='lat' dir='ltr'>commonstrare</span> <span class='ocrx_word' id='word_1_169' title='bbox 1060 1210 1256 1251; x_wconf 88' lang='lat' dir='ltr'>conentur,</span> <span class='ocrx_word' id='word_1_170' title='bbox 1282 1206 1348 1243; x_wconf 79' lang='lat' dir='ltr'>illa</span> <span class='ocrx_word' id='word_1_171' title='bbox 1376 1206 1487 1244; x_wconf 89' lang='lat' dir='ltr'>nobis</span> <span class='ocrx_word' id='word_1_172' title='bbox 1516 1219 1604 1244; x_wconf 86' lang='lat' dir='ltr'>sane</span> <span class='ocrx_word' id='word_1_173' title='bbox 1632 1210 1719 1244; x_wconf 91' lang='lat' dir='ltr'>ante</span> 
     </span>
     <span class='ocr_line' id='line_1_19' title="bbox 191 1271 1718 1323; baseline -0.001 -14"><span class='ocrx_word' id='word_1_174' title='bbox 191 1274 349 1311; x_wconf 79' lang='lat' dir='ltr'>nomnia</span> <span class='ocrx_word' id='word_1_175' title='bbox 378 1273 476 1311; x_wconf 92' lang='lat' dir='ltr'>nude</span> <span class='ocrx_word' id='word_1_176' title='bbox 501 1286 545 1310; x_wconf 90' lang='lat' dir='ltr'>ac</span> <span class='ocrx_word' id='word_1_177' title='bbox 572 1272 788 1323; x_wconf 89' lang='lat' dir='ltr'>simpliciter</span> <span class='ocrx_word' id='word_1_178' title='bbox 814 1285 999 1322; x_wconf 86' lang='lat' dir='ltr'>exponere</span> <span class='ocrx_word' id='word_1_179' title='bbox 1027 1271 1225 1311; x_wconf 84' lang='lat' dir='ltr'>debebant.</span> <span class='ocrx_word' id='word_1_180' title='bbox 1243 1274 1487 1321; x_wconf 80' lang='lat' dir='ltr'>posteaquam</span> <span class='ocrx_word' id='word_1_181' title='bbox 1512 1271 1718 1308; x_wconf 89' lang='lat' dir='ltr'>clarissima</span> 
     </span>
     <span class='ocr_line' id='line_1_20' title="bbox 192 1335 1720 1388; baseline -0.003 -12"><span class='ocrx_word' id='word_1_182' title='bbox 192 1351 302 1376; x_wconf 74' lang='lat' dir='ltr'>nesse</span> <span class='ocrx_word' id='word_1_183' title='bbox 329 1338 471 1375; x_wconf 88' lang='lat' dir='ltr'>iactant</span> <span class='ocrx_word' id='word_1_184' title='bbox 498 1339 553 1386; x_wconf 91' lang='lat' dir='ltr'>(et</span> <span class='ocrx_word' id='word_1_185' title='bbox 580 1336 728 1388; x_wconf 89' lang='lat' dir='ltr'>quidem</span> <span class='ocrx_word' id='word_1_186' title='bbox 755 1336 860 1373; x_wconf 87' lang='lat' dir='ltr'>iuxta</span> <span class='ocrx_word' id='word_1_187' title='bbox 887 1336 1055 1373; x_wconf 85' lang='lat' dir='ltr'>omnium</span> <span class='ocrx_word' id='word_1_188' title='bbox 1084 1335 1353 1386; x_wconf 87' lang='lat' dir='ltr'>particularum</span> <span class='ocrx_word' id='word_1_189' title='bbox 1375 1335 1576 1383; x_wconf 86' lang='lat' dir='ltr'>ordinem),</span> <span class='ocrx_word' id='word_1_190' title='bbox 1593 1339 1720 1372; x_wconf 89' lang='lat' dir='ltr'>osten-</span> 
     </span>
     <span class='ocr_line' id='line_1_21' title="bbox 191 1400 1719 1453; baseline 0 -15"><span class='ocrx_word' id='word_1_191' title='bbox 191 1403 383 1453; x_wconf 75' lang='lat' dir='ltr'>adereque</span> <span class='ocrx_word' id='word_1_192' title='bbox 417 1402 462 1440; x_wconf 88' lang='lat' dir='ltr'>ad</span> <span class='ocrx_word' id='word_1_193' title='bbox 498 1415 607 1452; x_wconf 89' lang='lat' dir='ltr'>quem</span> <span class='ocrx_word' id='word_1_194' title='bbox 643 1401 796 1439; x_wconf 88' lang='lat' dir='ltr'>modum</span> <span class='ocrx_word' id='word_1_195' title='bbox 830 1401 935 1438; x_wconf 87' lang='lat' dir='ltr'>iuxta</span> <span class='ocrx_word' id='word_1_196' title='bbox 971 1414 1079 1438; x_wconf 90' lang='lat' dir='ltr'>usum</span> <span class='ocrx_word' id='word_1_197' title='bbox 1109 1400 1333 1438; x_wconf 86' lang='lat' dir='ltr'>familiarem</span> <span class='ocrx_word' id='word_1_198' title='bbox 1362 1403 1476 1450; x_wconf 86' lang='lat' dir='ltr'>atque</span> <span class='ocrx_word' id='word_1_199' title='bbox 1502 1400 1719 1438; x_wconf 89' lang='lat' dir='ltr'>unanimem</span> 
     </span>
     <span class='ocr_line' id='line_1_22' title="bbox 190 1464 1720 1517; baseline 0 -15"><span class='ocrx_word' id='word_1_200' title='bbox 190 1480 444 1505; x_wconf 74' lang='lat' dir='ltr'>aconsensum</span> <span class='ocrx_word' id='word_1_201' title='bbox 482 1467 694 1517; x_wconf 85' lang='lat' dir='ltr'>Scripturae</span> <span class='ocrx_word' id='word_1_202' title='bbox 727 1479 793 1516; x_wconf 90' lang='lat' dir='ltr'>pro</span> <span class='ocrx_word' id='word_1_203' title='bbox 830 1466 920 1516; x_wconf 89' lang='lat' dir='ltr'>ipsis</span> <span class='ocrx_word' id='word_1_204' title='bbox 961 1465 1114 1503; x_wconf 79' lang='lat' dir='ltr'>faciant.·</span> <span class='ocrx_word' id='word_1_205' title='bbox 1170 1464 1252 1502; x_wconf 91' lang='lat' dir='ltr'>Nos</span> <span class='ocrx_word' id='word_1_206' title='bbox 1288 1464 1388 1502; x_wconf 90' lang='lat' dir='ltr'>enim</span> <span class='ocrx_word' id='word_1_207' title='bbox 1418 1465 1720 1502; x_wconf 83' lang='lat' dir='ltr'>constantissime</span> 
     </span>
     <span class='ocr_line' id='line_1_23' title="bbox 190 1528 1718 1580; baseline 0 -14"><span class='ocrx_word' id='word_1_208' title='bbox 190 1549 209 1566; x_wconf 71' lang='lat' dir='ltr'><em>u</em></span> <span class='ocrx_word' id='word_1_209' title='bbox 223 1544 412 1579; x_wconf 77' lang='lat' dir='ltr'>negamus,</span> <span class='ocrx_word' id='word_1_210' title='bbox 447 1530 545 1567; x_wconf 91' lang='lat' dir='ltr'>ullos</span> <span class='ocrx_word' id='word_1_211' title='bbox 573 1530 726 1567; x_wconf 88' lang='lat' dir='ltr'>omnino</span> <span class='ocrx_word' id='word_1_212' title='bbox 754 1530 878 1567; x_wconf 86' lang='lat' dir='ltr'>fontes</span> <span class='ocrx_word' id='word_1_213' title='bbox 908 1530 1112 1580; x_wconf 87' lang='lat' dir='ltr'>corporalis</span> <span class='ocrx_word' id='word_1_214' title='bbox 1139 1529 1239 1566; x_wconf 92' lang='lat' dir='ltr'>illius</span> <span class='ocrx_word' id='word_1_215' title='bbox 1266 1528 1499 1579; x_wconf 86' lang='lat' dir='ltr'>praesentiae</span> <span class='ocrx_word' id='word_1_216' title='bbox 1525 1528 1565 1565; x_wconf 90' lang='lat' dir='ltr'>in</span> <span class='ocrx_word' id='word_1_217' title='bbox 1594 1529 1718 1566; x_wconf 89' lang='lat' dir='ltr'>verbis</span> 
     </span>
     <span class='ocr_line' id='line_1_24' title="bbox 190 1593 1718 1644; baseline -0.001 -12"><span class='ocrx_word' id='word_1_218' title='bbox 190 1597 297 1635; x_wconf 72' lang='lat' dir='ltr'>uillis</span> <span class='ocrx_word' id='word_1_219' title='bbox 343 1600 481 1641; x_wconf 81' lang='lat' dir='ltr'>extare,</span> <span class='ocrx_word' id='word_1_220' title='bbox 516 1595 650 1633; x_wconf 87' lang='lat' dir='ltr'>nedum</span> <span class='ocrx_word' id='word_1_221' title='bbox 689 1599 731 1631; x_wconf 92' lang='lat' dir='ltr'>ut</span> <span class='ocrx_word' id='word_1_222' title='bbox 767 1607 812 1631; x_wconf 84' lang='lat' dir='ltr'>ex</span> <span class='ocrx_word' id='word_1_223' title='bbox 850 1594 902 1631; x_wconf 91' lang='lat' dir='ltr'>eis</span> <span class='ocrx_word' id='word_1_224' title='bbox 949 1593 1005 1630; x_wconf 88' lang='lat' dir='ltr'>vel</span> <span class='ocrx_word' id='word_1_225' title='bbox 1039 1593 1226 1644; x_wconf 82' lang='lat' dir='ltr'>Papistica</span> <span class='ocrx_word' id='word_1_226' title='bbox 1267 1593 1621 1630; x_wconf 87' lang='lat' dir='ltr'>transubstantiatio</span> <span class='ocrx_word' id='word_1_227' title='bbox 1660 1594 1718 1631; x_wconf 87' lang='lat' dir='ltr'>vel</span> 
     </span>
     <span class='ocr_line' id='line_1_25' title="bbox 190 1657 1714 1708; baseline -0.002 -10"><span class='ocrx_word' id='word_1_228' title='bbox 190 1663 408 1701; x_wconf 81' lang='lat' dir='ltr'>uCatonum</span> <span class='ocrx_word' id='word_1_229' title='bbox 444 1662 599 1698; x_wconf 87' lang='lat' dir='ltr'>istorum</span> <span class='ocrx_word' id='word_1_230' title='bbox 637 1659 891 1697; x_wconf 82' lang='lat' dir='ltr'>delitescentia</span> <span class='ocrx_word' id='word_1_231' title='bbox 921 1671 1003 1695; x_wconf 89' lang='lat' dir='ltr'>cum</span> <span class='ocrx_word' id='word_1_232' title='bbox 1033 1657 1231 1708; x_wconf 87' lang='lat' dir='ltr'>corporali,</span> <span class='ocrx_word' id='word_1_233' title='bbox 1259 1670 1368 1708; x_wconf 89' lang='lat' dir='ltr'>quam</span> <span class='ocrx_word' id='word_1_234' title='bbox 1398 1661 1582 1700; x_wconf 82' lang='lat' dir='ltr'>statuunt.</span> <span class='ocrx_word' id='word_1_235' title='bbox 1610 1671 1714 1695; x_wconf 89' lang='lat' dir='ltr'>man·</span> 
     </span>
     <span class='ocr_line' id='line_1_26' title="bbox 191 1722 1720 1773; baseline -0.001 -13"><span class='ocrx_word' id='word_1_236' title='bbox 191 1726 421 1763; x_wconf 58' lang='lat' dir='ltr'>“ducatione</span> <span class='ocrx_word' id='word_1_237' title='bbox 459 1724 584 1773; x_wconf 72' lang='lat' dir='ltr'>colligi</span> <span class='ocrx_word' id='word_1_238' title='bbox 619 1725 696 1760; x_wconf 87' lang='lat' dir='ltr'>ullo</span> <span class='ocrx_word' id='word_1_239' title='bbox 735 1723 846 1760; x_wconf 87' lang='lat' dir='ltr'>modo</span> <span class='ocrx_word' id='word_1_240' title='bbox 874 1722 1033 1773; x_wconf 86' lang='lat' dir='ltr'>possit.&#39;&#39;</span> <span class='ocrx_word' id='word_1_241' title='bbox 1088 1722 1192 1758; x_wconf 85' lang='lat' dir='ltr'>Haec</span> <span class='ocrx_word' id='word_1_242' title='bbox 1227 1735 1310 1759; x_wconf 87' lang='lat' dir='ltr'>mea</span> <span class='ocrx_word' id='word_1_243' title='bbox 1339 1726 1427 1759; x_wconf 91' lang='lat' dir='ltr'>sunt</span> <span class='ocrx_word' id='word_1_244' title='bbox 1454 1722 1567 1759; x_wconf 90' lang='lat' dir='ltr'>verba</span> <span class='ocrx_word' id='word_1_245' title='bbox 1594 1722 1634 1759; x_wconf 92' lang='lat' dir='ltr'>in</span> <span class='ocrx_word' id='word_1_246' title='bbox 1661 1736 1720 1766; x_wconf 88' lang='lat' dir='ltr'>ea,</span> 
     </span>
     <span class='ocr_line' id='line_1_27' title="bbox 187 1786 1716 1842; baseline -0.002 -14"><span class='ocrx_word' id='word_1_247' title='bbox 187 1804 299 1842; x_wconf 91' lang='lat' dir='ltr'>quam</span> <span class='ocrx_word' id='word_1_248' title='bbox 327 1790 565 1840; x_wconf 84' lang='lat' dir='ltr'>Westphalus</span> <span class='ocrx_word' id='word_1_249' title='bbox 593 1788 654 1825; x_wconf 87' lang='lat' dir='ltr'>hic</span> <span class='ocrx_word' id='word_1_250' title='bbox 684 1788 784 1832; x_wconf 87' lang='lat' dir='ltr'>citat,</span> <span class='ocrx_word' id='word_1_251' title='bbox 811 1788 857 1825; x_wconf 91' lang='lat' dir='ltr'>ad</span> <span class='ocrx_word' id='word_1_252' title='bbox 886 1787 1026 1836; x_wconf 84' lang='lat' dir='ltr'>Regem</span> <span class='ocrx_word' id='word_1_253' title='bbox 1055 1800 1176 1824; x_wconf 88' lang='lat' dir='ltr'>meum</span> <span class='ocrx_word' id='word_1_254' title='bbox 1205 1786 1400 1837; x_wconf 89' lang='lat' dir='ltr'>Epistola;</span> <span class='ocrx_word' id='word_1_255' title='bbox 1421 1787 1462 1824; x_wconf 90' lang='lat' dir='ltr'>in</span> <span class='ocrx_word' id='word_1_256' title='bbox 1482 1787 1619 1838; x_wconf 88' lang='lat' dir='ltr'>quibus</span> <span class='ocrx_word' id='word_1_257' title='bbox 1639 1789 1716 1826; x_wconf 89' lang='lat' dir='ltr'>vel-</span> 
     </span>
     <span class='ocr_line' id='line_1_28' title="bbox 187 1850 1717 1901; baseline -0.001 -9"><span class='ocrx_word' id='word_1_258' title='bbox 187 1856 260 1892; x_wconf 89' lang='lat' dir='ltr'>lem</span> <span class='ocrx_word' id='word_1_259' title='bbox 295 1854 517 1899; x_wconf 85' lang='lat' dir='ltr'>ostenderet,</span> <span class='ocrx_word' id='word_1_260' title='bbox 552 1866 610 1890; x_wconf 87' lang='lat' dir='ltr'>me</span> <span class='ocrx_word' id='word_1_261' title='bbox 645 1857 709 1889; x_wconf 88' lang='lat' dir='ltr'>aut</span> <span class='ocrx_word' id='word_1_262' title='bbox 743 1857 824 1889; x_wconf 90' lang='lat' dir='ltr'>tum</span> <span class='ocrx_word' id='word_1_263' title='bbox 861 1864 1015 1900; x_wconf 74' lang='lat' dir='ltr'>negasse</span> <span class='ocrx_word' id='word_1_264' title='bbox 1052 1850 1152 1901; x_wconf 85' lang='lat' dir='ltr'>quod</span> <span class='ocrx_word' id='word_1_265' title='bbox 1187 1863 1288 1888; x_wconf 88' lang='lat' dir='ltr'>nunc</span> <span class='ocrx_word' id='word_1_266' title='bbox 1322 1864 1500 1899; x_wconf 81' lang='lat' dir='ltr'>agnosce,</span> <span class='ocrx_word' id='word_1_267' title='bbox 1527 1856 1589 1889; x_wconf 90' lang='lat' dir='ltr'>aut</span> <span class='ocrx_word' id='word_1_268' title='bbox 1615 1865 1717 1890; x_wconf 89' lang='lat' dir='ltr'>nunc</span> 
     </span>
     <span class='ocr_line' id='line_1_29' title="bbox 188 1914 1715 1968; baseline -0.002 -12"><span class='ocrx_word' id='word_1_269' title='bbox 188 1931 390 1968; x_wconf 82' lang='lat' dir='ltr'>agnoscere</span> <span class='ocrx_word' id='word_1_270' title='bbox 436 1918 475 1954; x_wconf 90' lang='lat' dir='ltr'>in</span> <span class='ocrx_word' id='word_1_271' title='bbox 513 1921 641 1954; x_wconf 86' lang='lat' dir='ltr'>nostra</span> <span class='ocrx_word' id='word_1_272' title='bbox 678 1916 904 1965; x_wconf 80' lang='lat' dir='ltr'>Purgatione</span> <span class='ocrx_word' id='word_1_273' title='bbox 941 1915 1041 1966; x_wconf 91' lang='lat' dir='ltr'>quod</span> <span class='ocrx_word' id='word_1_274' title='bbox 1076 1920 1156 1952; x_wconf 88' lang='lat' dir='ltr'>tum</span> <span class='ocrx_word' id='word_1_275' title='bbox 1202 1914 1399 1963; x_wconf 83' lang='lat' dir='ltr'>negabam.</span> <span class='ocrx_word' id='word_1_276' title='bbox 1454 1915 1578 1953; x_wconf 74' lang='lat' dir='ltr'>Quam</span> <span class='ocrx_word' id='word_1_277' title='bbox 1615 1916 1715 1953; x_wconf 90' lang='lat' dir='ltr'>enim</span> 
     </span>
     <span class='ocr_line' id='line_1_30' title="bbox 186 1977 1716 2030; baseline -0.001 -11"><span class='ocrx_word' id='word_1_278' title='bbox 186 1994 289 2019; x_wconf 93' lang='lat' dir='ltr'>nunc</span> <span class='ocrx_word' id='word_1_279' title='bbox 314 1993 478 2030; x_wconf 80' lang='lat' dir='ltr'>agnosco</span> <span class='ocrx_word' id='word_1_280' title='bbox 509 1979 648 2017; x_wconf 87' lang='lat' dir='ltr'>Christi</span> <span class='ocrx_word' id='word_1_281' title='bbox 676 1979 840 2023; x_wconf 87' lang='lat' dir='ltr'>Domini,</span> <span class='ocrx_word' id='word_1_282' title='bbox 868 1991 1021 2029; x_wconf 88' lang='lat' dir='ltr'>corpore</span> <span class='ocrx_word' id='word_1_283' title='bbox 1049 1978 1158 2015; x_wconf 89' lang='lat' dir='ltr'>etiam</span> <span class='ocrx_word' id='word_1_284' title='bbox 1187 1990 1267 2022; x_wconf 81' lang='lat' dir='ltr'>sun,</span> <span class='ocrx_word' id='word_1_285' title='bbox 1294 1977 1332 2015; x_wconf 90' lang='lat' dir='ltr'>in</span> <span class='ocrx_word' id='word_1_286' title='bbox 1363 1978 1488 2015; x_wconf 87' lang='lat' dir='ltr'>Coena</span> <span class='ocrx_word' id='word_1_287' title='bbox 1515 1991 1581 2016; x_wconf 91' lang='lat' dir='ltr'>sua</span> <span class='ocrx_word' id='word_1_288' title='bbox 1607 1991 1716 2030; x_wconf 89' lang='lat' dir='ltr'>prae-</span> 
     </span>
     <span class='ocr_line' id='line_1_31' title="bbox 188 2042 1716 2095; baseline -0.003 -11"><span class='ocrx_word' id='word_1_289' title='bbox 188 2045 357 2091; x_wconf 88' lang='lat' dir='ltr'>sentiam,</span> <span class='ocrx_word' id='word_1_290' title='bbox 393 2044 576 2095; x_wconf 88' lang='lat' dir='ltr'>siquidem</span> <span class='ocrx_word' id='word_1_291' title='bbox 612 2043 689 2080; x_wconf 87' lang='lat' dir='ltr'>eius</span> <span class='ocrx_word' id='word_1_292' title='bbox 725 2056 816 2080; x_wconf 88' lang='lat' dir='ltr'>usus</span> <span class='ocrx_word' id='word_1_293' title='bbox 844 2042 1000 2080; x_wconf 87' lang='lat' dir='ltr'>terrenis</span> <span class='ocrx_word' id='word_1_294' title='bbox 1030 2042 1175 2079; x_wconf 87' lang='lat' dir='ltr'>Coenac</span> <span class='ocrx_word' id='word_1_295' title='bbox 1203 2042 1397 2079; x_wconf 89' lang='lat' dir='ltr'>elementis</span> <span class='ocrx_word' id='word_1_296' title='bbox 1424 2055 1502 2079; x_wconf 92' lang='lat' dir='ltr'>non</span> <span class='ocrx_word' id='word_1_297' title='bbox 1529 2043 1716 2092; x_wconf 83' lang='lat' dir='ltr'>alligetur,</span> 
     </span>
     <span class='ocr_line' id='line_1_32' title="bbox 186 2106 1718 2159; baseline -0.001 -12"><span class='ocrx_word' id='word_1_298' title='bbox 186 2110 342 2148; x_wconf 90' lang='lat' dir='ltr'>eandem</span> <span class='ocrx_word' id='word_1_299' title='bbox 376 2123 435 2146; x_wconf 90' lang='lat' dir='ltr'>me</span> <span class='ocrx_word' id='word_1_300' title='bbox 463 2121 606 2159; x_wconf 87' lang='lat' dir='ltr'>semper</span> <span class='ocrx_word' id='word_1_301' title='bbox 633 2107 842 2156; x_wconf 76' lang='lat' dir='ltr'>agnovisse,</span> <span class='ocrx_word' id='word_1_302' title='bbox 868 2106 986 2144; x_wconf 88' lang='lat' dir='ltr'>libelli</span> <span class='ocrx_word' id='word_1_303' title='bbox 1013 2119 1141 2143; x_wconf 88' lang='lat' dir='ltr'>omnes</span> <span class='ocrx_word' id='word_1_304' title='bbox 1170 2106 1291 2143; x_wconf 89' lang='lat' dir='ltr'>nostri</span> <span class='ocrx_word' id='word_1_305' title='bbox 1318 2119 1491 2157; x_wconf 84' lang='lat' dir='ltr'>expresse</span> <span class='ocrx_word' id='word_1_306' title='bbox 1517 2110 1718 2152; x_wconf 85' lang='lat' dir='ltr'>testantur,</span> 
     </span>
     <span class='ocr_line' id='line_1_33' title="bbox 187 2170 1713 2224; baseline -0.002 -13"><span class='ocrx_word' id='word_1_307' title='bbox 187 2175 352 2224; x_wconf 88' lang='lat' dir='ltr'>adeoque</span> <span class='ocrx_word' id='word_1_308' title='bbox 389 2178 425 2210; x_wconf 90' lang='lat' dir='ltr'>et</span> <span class='ocrx_word' id='word_1_309' title='bbox 461 2172 588 2210; x_wconf 88' lang='lat' dir='ltr'>cadem</span> <span class='ocrx_word' id='word_1_310' title='bbox 616 2172 694 2223; x_wconf 84' lang='lat' dir='ltr'>ipsa</span> <span class='ocrx_word' id='word_1_311' title='bbox 721 2171 934 2220; x_wconf 6' lang='lat' dir='ltr'>ad Regem</span> <span class='ocrx_word' id='word_1_312' title='bbox 962 2184 1087 2207; x_wconf 85' lang='lat' dir='ltr'>meum</span> <span class='ocrx_word' id='word_1_313' title='bbox 1115 2170 1298 2221; x_wconf 84' lang='lat' dir='ltr'>Epistola,</span> <span class='ocrx_word' id='word_1_314' title='bbox 1326 2170 1414 2207; x_wconf 88' lang='lat' dir='ltr'>dum</span> <span class='ocrx_word' id='word_1_315' title='bbox 1439 2170 1544 2208; x_wconf 85' lang='lat' dir='ltr'>iuxta</span> <span class='ocrx_word' id='word_1_316' title='bbox 1572 2172 1713 2209; x_wconf 89' lang='lat' dir='ltr'>doctri-</span> 
     </span>
     <span class='ocr_line' id='line_1_34' title="bbox 188 2234 1714 2286; baseline -0.001 -11"><span class='ocrx_word' id='word_1_317' title='bbox 188 2251 276 2276; x_wconf 91' lang='lat' dir='ltr'>nam</span> <span class='ocrx_word' id='word_1_318' title='bbox 302 2239 545 2286; x_wconf 78' lang='lat' dir='ltr'>Augustanae</span> <span class='ocrx_word' id='word_1_319' title='bbox 573 2235 832 2279; x_wconf 88' lang='lat' dir='ltr'>confessionis,</span> <span class='ocrx_word' id='word_1_320' title='bbox 859 2249 935 2272; x_wconf 87' lang='lat' dir='ltr'>una</span> <span class='ocrx_word' id='word_1_321' title='bbox 959 2247 1042 2271; x_wconf 87' lang='lat' dir='ltr'>cum</span> <span class='ocrx_word' id='word_1_322' title='bbox 1062 2235 1208 2272; x_wconf 88' lang='lat' dir='ltr'>Coenac</span> <span class='ocrx_word' id='word_1_323' title='bbox 1227 2234 1432 2281; x_wconf 88' lang='lat' dir='ltr'>elementis,</span> <span class='ocrx_word' id='word_1_324' title='bbox 1451 2235 1583 2281; x_wconf 88' lang='lat' dir='ltr'>fateor,</span> <span class='ocrx_word' id='word_1_325' title='bbox 1602 2236 1714 2274; x_wconf 90' lang='lat' dir='ltr'>nobis</span> 
     </span>
     <span class='ocr_line' id='line_1_35' title="bbox 189 2298 1714 2350; baseline -0.001 -11"><span class='ocrx_word' id='word_1_326' title='bbox 189 2316 314 2339; x_wconf 87' lang='lat' dir='ltr'>revera</span> <span class='ocrx_word' id='word_1_327' title='bbox 358 2302 526 2339; x_wconf 83' lang='lat' dir='ltr'>exhiberi</span> <span class='ocrx_word' id='word_1_328' title='bbox 569 2305 605 2338; x_wconf 90' lang='lat' dir='ltr'>et</span> <span class='ocrx_word' id='word_1_329' title='bbox 650 2314 776 2338; x_wconf 87' lang='lat' dir='ltr'>revera</span> <span class='ocrx_word' id='word_1_330' title='bbox 812 2300 922 2337; x_wconf 86' lang='lat' dir='ltr'>etiam</span> <span class='ocrx_word' id='word_1_331' title='bbox 958 2314 979 2337; x_wconf 82' lang='lat' dir='ltr'>a</span> <span class='ocrx_word' id='word_1_332' title='bbox 1018 2299 1127 2337; x_wconf 88' lang='lat' dir='ltr'>nobis</span> <span class='ocrx_word' id='word_1_333' title='bbox 1162 2298 1304 2350; x_wconf 87' lang='lat' dir='ltr'>percipi</span> <span class='ocrx_word' id='word_1_334' title='bbox 1341 2312 1470 2336; x_wconf 88' lang='lat' dir='ltr'>verum</span> <span class='ocrx_word' id='word_1_335' title='bbox 1507 2312 1641 2350; x_wconf 87' lang='lat' dir='ltr'>corpus</span> <span class='ocrx_word' id='word_1_336' title='bbox 1677 2305 1714 2338; x_wconf 87' lang='lat' dir='ltr'>et</span> 
     </span>
     <span class='ocr_line' id='line_1_36' title="bbox 186 2363 1714 2415; baseline -0.001 -12"><span class='ocrx_word' id='word_1_337' title='bbox 186 2366 407 2415; x_wconf 77' lang='lat' dir='ltr'>sanguinem</span> <span class='ocrx_word' id='word_1_338' title='bbox 436 2365 586 2403; x_wconf 87' lang='lat' dir='ltr'>Christi.</span> <span class='ocrx_word' id='word_1_339' title='bbox 617 2365 703 2402; x_wconf 76' lang='lat' dir='ltr'>Quo</span> <span class='ocrx_word' id='word_1_340' title='bbox 731 2370 840 2415; x_wconf 83' lang='lat' dir='ltr'>paeto</span> <span class='ocrx_word' id='word_1_341' title='bbox 869 2364 969 2401; x_wconf 90' lang='lat' dir='ltr'>enim</span> <span class='ocrx_word' id='word_1_342' title='bbox 997 2377 1083 2401; x_wconf 92' lang='lat' dir='ltr'>vere</span> <span class='ocrx_word' id='word_1_343' title='bbox 1109 2363 1348 2400; x_wconf 84' lang='lat' dir='ltr'>exhiberetur</span> <span class='ocrx_word' id='word_1_344' title='bbox 1375 2369 1440 2400; x_wconf 90' lang='lat' dir='ltr'>aut</span> <span class='ocrx_word' id='word_1_345' title='bbox 1464 2363 1714 2414; x_wconf 87' lang='lat' dir='ltr'>perciperetur</span> 
     </span>
     <span class='ocr_line' id='line_1_37' title="bbox 187 2428 1710 2481; baseline -0.001 -13"><span class='ocrx_word' id='word_1_346' title='bbox 187 2444 271 2468; x_wconf 89' lang='lat' dir='ltr'>cum</span> <span class='ocrx_word' id='word_1_347' title='bbox 305 2443 400 2481; x_wconf 88' lang='lat' dir='ltr'>pane</span> <span class='ocrx_word' id='word_1_348' title='bbox 428 2430 573 2467; x_wconf 89' lang='lat' dir='ltr'>Coenac</span> <span class='ocrx_word' id='word_1_349' title='bbox 602 2443 735 2480; x_wconf 89' lang='lat' dir='ltr'>corpus</span> <span class='ocrx_word' id='word_1_350' title='bbox 765 2429 918 2474; x_wconf 79' lang='lat' dir='ltr'>Christi,</span> <span class='ocrx_word' id='word_1_351' title='bbox 946 2429 976 2466; x_wconf 90' lang='lat' dir='ltr'>si</span> <span class='ocrx_word' id='word_1_352' title='bbox 1005 2429 1178 2466; x_wconf 90' lang='lat' dir='ltr'>Christus</span> <span class='ocrx_word' id='word_1_353' title='bbox 1207 2428 1392 2466; x_wconf 89' lang='lat' dir='ltr'>Dominus</span> <span class='ocrx_word' id='word_1_354' title='bbox 1420 2440 1573 2478; x_wconf 87' lang='lat' dir='ltr'>corpore</span> <span class='ocrx_word' id='word_1_355' title='bbox 1600 2429 1710 2467; x_wconf 90' lang='lat' dir='ltr'>etiam</span> 
     </span>
     <span class='ocr_line' id='line_1_38' title="bbox 186 2491 1710 2543; baseline -0.001 -11"><span class='ocrx_word' id='word_1_356' title='bbox 186 2508 252 2533; x_wconf 90' lang='lat' dir='ltr'>suo</span> <span class='ocrx_word' id='word_1_357' title='bbox 282 2496 427 2531; x_wconf 86' lang='lat' dir='ltr'>Coenac</span> <span class='ocrx_word' id='word_1_358' title='bbox 454 2507 541 2531; x_wconf 89' lang='lat' dir='ltr'>suae</span> <span class='ocrx_word' id='word_1_359' title='bbox 568 2507 643 2531; x_wconf 89' lang='lat' dir='ltr'>non</span> <span class='ocrx_word' id='word_1_360' title='bbox 671 2493 842 2531; x_wconf 83' lang='lat' dir='ltr'>adesset?</span> <span class='ocrx_word' id='word_1_361' title='bbox 872 2493 956 2537; x_wconf 86' lang='lat' dir='ltr'>Sed,</span> <span class='ocrx_word' id='word_1_362' title='bbox 978 2493 1048 2530; x_wconf 91' lang='lat' dir='ltr'>etsi</span> <span class='ocrx_word' id='word_1_363' title='bbox 1068 2503 1212 2543; x_wconf 87' lang='lat' dir='ltr'>semper</span> <span class='ocrx_word' id='word_1_364' title='bbox 1230 2492 1379 2541; x_wconf 83' lang='lat' dir='ltr'>agnovi,</span> <span class='ocrx_word' id='word_1_365' title='bbox 1397 2491 1710 2542; x_wconf 89' lang='lat' dir='ltr'>quemadmodum</span> 
     </span>
     <span class='ocr_line' id='line_1_39' title="bbox 185 2556 1709 2608; baseline -0.001 -11"><span class='ocrx_word' id='word_1_366' title='bbox 185 2565 220 2598; x_wconf 91' lang='lat' dir='ltr'>et</span> <span class='ocrx_word' id='word_1_367' title='bbox 256 2572 356 2596; x_wconf 88' lang='lat' dir='ltr'>nunc</span> <span class='ocrx_word' id='word_1_368' title='bbox 391 2571 568 2606; x_wconf 70' lang='lat' dir='ltr'>agnosco.</span> <span class='ocrx_word' id='word_1_369' title='bbox 603 2559 743 2595; x_wconf 88' lang='lat' dir='ltr'>Christi</span> <span class='ocrx_word' id='word_1_370' title='bbox 779 2558 934 2595; x_wconf 88' lang='lat' dir='ltr'>Domini</span> <span class='ocrx_word' id='word_1_371' title='bbox 970 2570 1126 2608; x_wconf 90' lang='lat' dir='ltr'>corpore</span> <span class='ocrx_word' id='word_1_372' title='bbox 1163 2557 1275 2595; x_wconf 88' lang='lat' dir='ltr'>etiam</span> <span class='ocrx_word' id='word_1_373' title='bbox 1313 2569 1379 2594; x_wconf 90' lang='lat' dir='ltr'>suo</span> <span class='ocrx_word' id='word_1_374' title='bbox 1414 2556 1454 2593; x_wconf 91' lang='lat' dir='ltr'>in</span> <span class='ocrx_word' id='word_1_375' title='bbox 1491 2556 1616 2594; x_wconf 90' lang='lat' dir='ltr'>Coena</span> <span class='ocrx_word' id='word_1_376' title='bbox 1644 2571 1709 2595; x_wconf 88' lang='lat' dir='ltr'>sua</span> 
     </span>
     <span class='ocr_line' id='line_1_40' title="bbox 183 2621 1709 2676; baseline -0.002 -14"><span class='ocrx_word' id='word_1_377' title='bbox 183 2623 442 2676; x_wconf 87' lang='lat' dir='ltr'>praesentiam,</span> <span class='ocrx_word' id='word_1_378' title='bbox 479 2623 532 2660; x_wconf 90' lang='lat' dir='ltr'>sic</span> <span class='ocrx_word' id='word_1_379' title='bbox 567 2626 609 2660; x_wconf 91' lang='lat' dir='ltr'>ut</span> <span class='ocrx_word' id='word_1_380' title='bbox 644 2623 709 2659; x_wconf 88' lang='lat' dir='ltr'>illo</span> <span class='ocrx_word' id='word_1_381' title='bbox 746 2635 811 2673; x_wconf 86' lang='lat' dir='ltr'>per</span> <span class='ocrx_word' id='word_1_382' title='bbox 838 2623 922 2671; x_wconf 81' lang='lat' dir='ltr'>(tol.</span> <span class='ocrx_word' id='word_1_383' title='bbox 953 2624 1018 2670; x_wconf 81' lang='lat'>74)</span> <span class='ocrx_word' id='word_1_384' title='bbox 1047 2622 1158 2659; x_wconf 88' lang='lat' dir='ltr'>fidem</span> <span class='ocrx_word' id='word_1_385' title='bbox 1186 2634 1270 2658; x_wconf 88' lang='lat' dir='ltr'>vere</span> <span class='ocrx_word' id='word_1_386' title='bbox 1296 2633 1492 2672; x_wconf 87' lang='lat' dir='ltr'>pascamur</span> <span class='ocrx_word' id='word_1_387' title='bbox 1520 2621 1565 2657; x_wconf 91' lang='lat' dir='ltr'>ad</span> <span class='ocrx_word' id='word_1_388' title='bbox 1594 2622 1709 2659; x_wconf 86' lang='lat' dir='ltr'>vitam</span> 
     </span>
     <span class='ocr_line' id='line_1_41' title="bbox 184 2684 1709 2736; baseline -0.002 -9"><span class='ocrx_word' id='word_1_389' title='bbox 184 2694 382 2733; x_wconf 85' lang='lat' dir='ltr'>aeternam,</span> <span class='ocrx_word' id='word_1_390' title='bbox 408 2709 459 2715; x_wconf 92' lang='lat'>—</span> <span class='ocrx_word' id='word_1_391' title='bbox 486 2700 562 2724; x_wconf 91' lang='lat' dir='ltr'>non</span> <span class='ocrx_word' id='word_1_392' title='bbox 589 2687 671 2724; x_wconf 86' lang='lat' dir='ltr'>ideo</span> <span class='ocrx_word' id='word_1_393' title='bbox 701 2692 824 2724; x_wconf 89' lang='lat' dir='ltr'>tamen</span> <span class='ocrx_word' id='word_1_394' title='bbox 852 2691 915 2724; x_wconf 92' lang='lat' dir='ltr'>aut</span> <span class='ocrx_word' id='word_1_395' title='bbox 941 2699 1045 2724; x_wconf 87' lang='lat' dir='ltr'>nunc</span> <span class='ocrx_word' id='word_1_396' title='bbox 1070 2698 1234 2736; x_wconf 74' lang='lat' dir='ltr'>agnosco</span> <span class='ocrx_word' id='word_1_397' title='bbox 1262 2689 1324 2722; x_wconf 90' lang='lat' dir='ltr'>aut</span> <span class='ocrx_word' id='word_1_398' title='bbox 1351 2684 1489 2734; x_wconf 86' lang='lat' dir='ltr'>agnovi</span> <span class='ocrx_word' id='word_1_399' title='bbox 1516 2689 1637 2732; x_wconf 90' lang='lat' dir='ltr'>antea,</span> <span class='ocrx_word' id='word_1_400' title='bbox 1664 2699 1709 2724; x_wconf 82' lang='lat' dir='ltr'>ex</span> 
     </span>
     <span class='ocr_line' id='line_1_42' title="bbox 184 2749 1709 2804; baseline -0.002 -14"><span class='ocrx_word' id='word_1_401' title='bbox 184 2767 256 2804; x_wconf 91' lang='lat' dir='ltr'>quo</span> <span class='ocrx_word' id='word_1_402' title='bbox 285 2753 331 2790; x_wconf 90' lang='lat' dir='ltr'>ad</span> <span class='ocrx_word' id='word_1_403' title='bbox 359 2751 524 2789; x_wconf 87' lang='lat' dir='ltr'>veritatis</span> <span class='ocrx_word' id='word_1_404' title='bbox 552 2750 804 2799; x_wconf 81' lang='lat' dir='ltr'>cognitionem</span> <span class='ocrx_word' id='word_1_405' title='bbox 832 2751 903 2788; x_wconf 92' lang='lat' dir='ltr'>Dei</span> <span class='ocrx_word' id='word_1_406' title='bbox 930 2750 1110 2788; x_wconf 90' lang='lat' dir='ltr'>beneficio</span> <span class='ocrx_word' id='word_1_407' title='bbox 1137 2749 1302 2800; x_wconf 88' lang='lat' dir='ltr'>perveni,</span> <span class='ocrx_word' id='word_1_408' title='bbox 1324 2749 1553 2799; x_wconf 86' lang='lat' dir='ltr'>corporalem</span> <span class='ocrx_word' id='word_1_409' title='bbox 1569 2749 1709 2787; x_wconf 86' lang='lat' dir='ltr'>Christi</span> 
     </span>
     <span class='ocr_line' id='line_1_43' title="bbox 182 2816 1710 2868; baseline -0.001 -12"><span class='ocrx_word' id='word_1_410' title='bbox 182 2820 222 2857; x_wconf 92' lang='lat' dir='ltr'>in</span> <span class='ocrx_word' id='word_1_411' title='bbox 260 2820 384 2858; x_wconf 89' lang='lat' dir='ltr'>Coena</span> <span class='ocrx_word' id='word_1_412' title='bbox 421 2831 486 2856; x_wconf 86' lang='lat' dir='ltr'>sua</span> <span class='ocrx_word' id='word_1_413' title='bbox 524 2818 634 2854; x_wconf 86' lang='lat' dir='ltr'>ullam</span> <span class='ocrx_word' id='word_1_414' title='bbox 671 2817 853 2855; x_wconf 87' lang='lat' dir='ltr'>eiusmodi</span> <span class='ocrx_word' id='word_1_415' title='bbox 889 2817 1150 2868; x_wconf 80' lang='lat' dir='ltr'>praesentiam,</span> <span class='ocrx_word' id='word_1_416' title='bbox 1186 2829 1279 2866; x_wconf 86' lang='lat' dir='ltr'>quae</span> <span class='ocrx_word' id='word_1_417' title='bbox 1308 2829 1432 2853; x_wconf 87' lang='lat' dir='ltr'>secum</span> <span class='ocrx_word' id='word_1_418' title='bbox 1460 2816 1605 2855; x_wconf 84' lang='lat' dir='ltr'>adferat</span> <span class='ocrx_word' id='word_1_419' title='bbox 1634 2817 1710 2855; x_wconf 88' lang='lat' dir='ltr'>sive</span> 
     </span>
    </p>
   </div>
  </div>
 </body>
</html>
