1818 3178
180 76 250 114 548
829 83 887 112 ΕΡ.
916 83 1061 112 nocrn.

181 198 258 232 eos,
294 185 358 236 qui
390 184 429 222 in
458 186 577 221 aetate
604 182 677 220 iam
705 182 906 233 grandiore
934 183 981 221 ad
1008 184 1122 223 fidem
1149 184 1402 225 Christianam
1433 188 1700 228 converteban-

180 254 254 289 tur.
305 251 358 288 At
392 248 430 286 id
466 260 615 299 quoque
650 247 691 285 in
720 247 828 286 Actis
857 248 1092 299 Apostolicis
1120 249 1300 289 habemus
1328 251 1454 290 multis
1480 251 1574 291 locis
1601 256 1637 290 et
1662 253 1701 291 in

181 312 411 365 Apostolicis
445 312 535 350 item
573 311 753 363 epistolis,
788 333 841 342 —
875 312 1026 351 interim
1061 317 1187 352 tamen
1226 313 1271 352 de
1305 315 1420 354 dilato
1457 317 1497 355 in
1536 316 1699 356 adultam

179 381 336 416 aetatem
373 377 558 427 baptismo
597 376 692 427 nihil
729 376 818 414 hinc
854 376 980 414 doceri
1017 381 1154 428 potest.
1208 377 1534 418 Quemadmodum
1561 380 1593 419 si
1620 380 1703 431 quis

180 453 283 480 nunc
309 453 438 492 sparso
464 440 563 478 inter
589 441 731 478 Turcas
758 440 957 489 Euangelii
985 441 1124 479 semine
1152 442 1313 486 doceret,
1339 443 1520 493 plurimos
1553 444 1702 483 adultos

178 506 258 544 illic
294 505 487 556 baptizari,
524 505 556 542 is
585 518 674 543 sane
700 518 786 543 vera
814 505 1007 551 scriberet,
1033 506 1096 544 sed
1125 506 1278 544 interim
1305 519 1440 558 pueros
1467 523 1488 546 a
1515 510 1701 561 baptismo

180 582 258 608 non
285 569 508 614 excluderet,
536 569 683 607 etiamsi
711 568 853 607 nullam
879 569 1031 607 illorum
1060 570 1198 608 faceret
1223 571 1465 618 mentionem,
1489 574 1703 623 praesertim

180 645 263 670 culn
303 646 371 670 nos
409 632 626 670 clarissimis
664 631 856 682 Origenis,
891 633 1068 684 Cypriani
1096 638 1131 672 et
1159 635 1365 684 Augustini
1392 636 1617 675 testimoniis
1643 638 1703 675 in-

179 697 301 755 fantes
336 710 357 734 a
384 701 549 748 tempore
575 696 843 747 Apostolorum
871 696 1055 748 baptizari
1084 698 1215 736 solitos
1243 699 1416 743 sciamus.
1454 713 1500 737 ne
1527 700 1616 751 quid
1646 701 1703 738 di-

179 773 258 798 cam
295 760 443 798 interim
485 761 528 798 de
556 759 755 811 baptizatis
782 761 829 797 ab
859 761 1053 811 Apostolis
1082 761 1258 800 domibus
1286 767 1321 801 et
1349 764 1501 801 familiis
1528 765 1632 809 totis,
1660 765 1704 803 de

178 825 318 877 quibus
355 825 424 863 etsi
452 826 567 863 multa
596 828 816 875 argutentur
844 825 1061 871 adversarii,
1089 840 1293 878 numquam
1322 832 1448 866 tamen
1479 828 1611 867 docere
1636 842 1704 880 po-

178 893 305 928 terunt
349 889 584 940 probabilius
631 902 711 927 esse
751 889 791 927 in
829 889 986 928 diversis
1022 891 1176 928 familiis
1214 892 1340 930 nullos
1378 892 1543 931 infantes
1577 893 1705 939 fuisse,

179 968 291 1006 quam
339 954 485 1005 aliquos
525 954 653 1001 fuisse,
694 954 1006 1005 quemadmodum
1043 969 1111 994 nos
1147 963 1334 1008 putamus.
1388 958 1439 995 Et
1475 958 1507 996 si
1543 958 1706 1005 fuerunt,

179 1023 322 1057 certum
359 1024 415 1057 est
455 1032 535 1058 esse
564 1019 784 1070 baptizatos,
810 1022 911 1057 totas
939 1020 1037 1058 enim
1066 1021 1198 1059 domos
1226 1021 1433 1073 baptizatas
1462 1022 1543 1061 sine
1568 1036 1703 1074 excep-

176 1085 279 1122 tione
305 1097 386 1122 esse
413 1083 595 1135 scriptura
621 1087 792 1123 testatur.
821 1083 911 1122 Non
938 1089 994 1123 est
1021 1084 1138 1134 igitur
1166 1086 1267 1137 quod
1295 1086 1340 1124 de
1368 1087 1546 1125 subverso
1567 1087 1704 1138 paedo-

178 1149 365 1200 baptismo
401 1154 530 1187 nostro
566 1148 768 1187 adversarii
803 1149 1026 1199 glorientur.
1079 1150 1126 1188 In
1163 1163 1238 1201 quo
1275 1151 1417 1189 tuendo
1453 1154 1566 1202 atque
1595 1151 1703 1190 etiam

177 1214 414 1252 observando
445 1213 679 1252 ostendimus
706 1226 775 1251 nos
803 1213 905 1251 aliud
935 1214 1032 1251 nihil
1060 1214 1176 1265 sequi,
1205 1228 1316 1265 quam
1344 1214 1541 1266 ipsiusmet
1561 1214 1705 1266 Optimi

180 1277 339 1317 Maximi
375 1277 444 1316 Dei
481 1278 691 1316 doctrinam
726 1282 761 1316 et
798 1278 1041 1324 voluntatem,
1068 1279 1246 1317 adversus
1274 1293 1386 1330 quam
1414 1279 1510 1317 nihil
1537 1292 1702 1330 unquam

178 1346 353 1395 poterunt
381 1356 457 1381 non
487 1343 784 1381 adversariorum
813 1344 926 1381 modo
954 1344 1121 1393 argutiae
1148 1348 1212 1382 aut
1240 1348 1410 1389 conatum
1439 1343 1502 1382 sed
1529 1358 1576 1382 ne
1602 1345 1704 1396 ipsae

179 1407 328 1459 quidem
358 1407 507 1445 Tartari
534 1411 675 1458 portae,
702 1407 847 1445 etiamsi
877 1421 976 1446 nunc
1004 1420 1045 1445 os
1071 1421 1176 1445 suum
1199 1407 1229 1446 si
1247 1421 1414 1459 unquam
1433 1408 1524 1446 alias
1544 1408 1704 1446 maxime

180 1472 403 1523 expandisse
438 1471 648 1511 videantur.
702 1472 777 1509 Res
803 1472 884 1523 ipsa
913 1472 1034 1522 coegit
1068 1485 1126 1510 me
1158 1469 1366 1522 longiorem
1397 1473 1458 1510 hic
1485 1486 1565 1511 esse
1592 1486 1702 1524 quam

176 1538 362 1581 volebam,
389 1536 451 1574 sed
480 1536 520 1574 in
547 1540 654 1574 tanta
682 1536 902 1587 opinionum
932 1549 975 1574 ac
1002 1536 1223 1574 iudiciorum
1249 1537 1346 1587 apud
1366 1549 1435 1574 nos
1455 1537 1630 1585 (veritate
1649 1537 1705 1574 sic

176 1602 217 1640 in
246 1602 304 1641 M.
332 1603 391 1649 S.)
419 1601 597 1639 varietate
626 1600 840 1638 confirmari
867 1600 1078 1638 doctrinam
1099 1604 1266 1638 nostram
1285 1601 1483 1651 oportebat
1522 1603 1634 1651 atque
1652 1601 1704 1637 ita

178 1679 260 1705 eam
294 1665 593 1718 paedobaptismi
621 1665 743 1703 nostri
771 1678 919 1703 causam
947 1665 1114 1709 tractari,
1141 1670 1184 1702 ut
1211 1677 1340 1702 omnes
1366 1664 1582 1713 intelligant
1609 1677 1704 1701 vana

177 1744 270 1777 esse,
296 1745 391 1782 quae
417 1730 480 1769 hic
507 1730 618 1769 nobis
647 1730 693 1768 ab
721 1729 944 1768 adversariis
971 1730 1111 1768 nostris
1132 1729 1373 1776 obiiciuntur,
1392 1743 1485 1780 quae
1504 1729 1560 1766 illi
1580 1733 1703 1767 tamen

177 1807 245 1846 pro
267 1795 427 1833 oraculis
446 1795 571 1833 omnia
591 1794 722 1832 haberi
741 1794 885 1839 volunt,
912 1797 949 1832 et
977 1807 1045 1832 nos
1073 1794 1237 1839 illorum,
1259 1793 1289 1831 si
1310 1793 1388 1831 Deo
1406 1794 1540 1845 placet,
1554 1793 1705 1831 nomine

176 1860 415 1898 idololatriae
443 1859 695 1897 condemnant
722 1858 977 1909 indignosque
1004 1858 1172 1896 iudicant
1200 1871 1295 1909 quos
1311 1858 1351 1895 in
1373 1857 1544 1895 Ecclesia
1565 1857 1704 1895 Christi

178 1929 387 1971 numerent,
414 1924 551 1975 Papam
580 1924 757 1962 nimirum
785 1923 825 1961 in
854 1923 924 1960 hoc
950 1923 1099 1968 imitati,
1120 1923 1311 1972 egregium
1333 1922 1525 1971 religionis
1543 1922 1704 1960 iudicem

178 2002 224 2028 ac
252 1989 456 2034 doctorem,
483 1989 548 2040 qui
575 2001 669 2039 quos
697 1991 785 2036 (nos
803 1988 841 2025 in
861 1988 920 2027 M.
940 1989 1000 2035 S.)
1020 1987 1123 2025 verbi
1146 1987 1264 2024 divini
1285 1987 1510 2025 testimoniis
1533 1987 1705 2026 convinci

177 2069 255 2095 non
283 2068 392 2107 posse
419 2054 531 2100 videt,
556 2067 619 2092 eos
648 2052 895 2104 iniquissimis
915 2052 1155 2104 praeiudiciis
1178 2052 1309 2103 capitis
1331 2052 1567 2097 condemnat,
1584 2051 1707 2102 prius-

179 2134 292 2172 quam
320 2120 367 2159 ad
393 2119 573 2158 iudicium
602 2118 789 2157 admittat.
818 2118 901 2156 Nos
929 2111 1050 2155 Deuin
1078 2130 1274 2168 precamur
1302 2122 1345 2154 ut
1372 2117 1547 2154 scismata
1573 2116 1614 2154 in
1633 2116 1707 2153 Ec-

180 2186 295 2223 clesia
322 2198 388 2224 sua
414 2185 520 2224 verbi
549 2185 605 2223 sui
635 2184 785 2233 glutino
814 2183 1051 2221 consolidare
1079 2182 1271 2232 dignetur,
1287 2195 1505 2233 praecamur
1523 2186 1558 2219 et
1576 2180 1707 2219 adver-

177 2251 296 2288 sarios
323 2254 487 2295 nostros,
513 2254 556 2287 ut
585 2263 622 2287 se
650 2249 722 2287 Dei
750 2249 892 2300 potius,
920 2247 984 2299 qui
1013 2247 1116 2299 pacis
1144 2251 1256 2285 autor
1284 2251 1352 2292 est,
1378 2247 1574 2285 ministros
1601 2245 1708 2284 exhi-

179 2315 292 2352 beant
327 2314 365 2352 in
404 2313 673 2365 componendis
713 2312 907 2350 Ecclesiae
937 2311 1219 2355 controversiis,
1246 2324 1356 2362 quam
1385 2311 1488 2349 illius
1516 2310 1580 2361 qui
1607 2309 1706 2348 aliud

180 2393 258 2418 non
287 2379 377 2428 agit,
405 2392 515 2430 quam
546 2383 585 2416 ut
613 2378 767 2429 dissipet
794 2390 839 2415 ac
864 2377 998 2428 perdat
1025 2376 1282 2427 mundumque
1310 2375 1476 2414 dissidiis
1503 2388 1545 2413 ac
1566 2375 1707 2413 tumul-

177 2443 281 2481 tibus
310 2443 475 2494 expleat.
530 2443 715 2481 Extremo
753 2455 855 2480 nunc
892 2445 1032 2479 conatu
1068 2455 1146 2479 rem
1175 2454 1276 2479 suam
1306 2441 1385 2490 agit
1413 2440 1567 2486 Sathan,
1597 2439 1709 2478 sentit

180 2507 280 2545 enim
307 2520 384 2545 non
411 2507 543 2558 procul
574 2506 650 2545 iam
679 2506 873 2544 fortiorem
902 2506 1007 2543 illum
1037 2506 1178 2550 abesse,
1205 2506 1269 2556 qui
1297 2519 1335 2543 se
1353 2519 1469 2555 regno
1490 2505 1560 2542 hoc
1577 2504 1707 2542 mundi

181 2572 295 2611 huius
329 2572 467 2611 eiiciat.
523 2571 690 2610 Proinde
727 2584 801 2622 quo
841 2572 961 2621 magis
997 2571 1061 2609 ille
1096 2571 1248 2609 turbare
1284 2575 1440 2609 conatur
1475 2569 1614 2614 omnia,
1640 2568 1712 2606 hoc

181 2638 302 2688 magis
329 2651 398 2677 nos
426 2638 538 2676 etiam
568 2637 686 2676 Deum
721 2637 864 2689 precari
893 2637 1083 2684 debemus,
1108 2641 1151 2675 ut
1179 2650 1248 2675 nos
1275 2637 1314 2675 in
1341 2649 1414 2674 una
1435 2635 1508 2673 fide
1542 2634 1711 2673 doctrina

184 2706 222 2741 et
250 2701 425 2740 societate
453 2702 627 2746 retineat.
654 2705 690 2739 et
721 2701 787 2753 qui
813 2701 967 2740 unicum
996 2701 1101 2751 regni
1128 2702 1214 2749 (48)
1241 2701 1280 2739 in
1308 2700 1418 2739 nobis
1446 2699 1502 2737 sui
1529 2704 1712 2750 sceptrum

183 2766 438 2816 agnoscimus,
465 2779 598 2817 nempe
627 2771 905 2805 sacrosanctum
933 2766 1022 2805 Iesu
1051 2766 1190 2804 Christi
1219 2764 1372 2804 Domini
1399 2777 1442 2803 ac
1468 2763 1567 2813 regis
1586 2764 1712 2803 nostri

190 2829 452 2883 Euangelium,
477 2830 573 2869 idem
602 2843 732 2869 omnes
760 2831 796 2870 in
826 2830 892 2869 illo
920 2830 1033 2870 etiam
1062 2830 1277 2878 sentiamus,
1303 2829 1361 2867 illi
1389 2841 1458 2868 nos
1484 2841 1614 2868 omnes
1641 2828 1705 2868 de-
