1818 3178
742 104 804 133 ΕΡ.
832 103 976 131 noem.
1552 93 1623 132 537

100 223 219 262 neque
255 208 426 247 discendi
463 207 714 258 credendique
750 206 970 244 mandatum
1006 204 1251 256 promissioni
1278 203 1479 249 inclusum,
1505 203 1624 240 multo

97 275 222 313 minus
250 280 373 312 autem
400 272 494 309 ordo
523 272 600 317 ille,
627 284 700 323 quo
729 276 945 322 postremus
973 269 1162 320 baptismo
1191 270 1298 306 locus
1327 268 1552 313 decernitur,
1579 267 1626 304 ad

95 353 157 378 eos
186 336 452 390 quoquomodo
480 334 839 387 etiam'pertinebit.
880 335 969 374 Quo
998 339 1107 385 pacto
1136 333 1237 371 enim
1265 333 1464 384 promissio
1492 333 1539 370 ad
1567 346 1627 370 sa-

96 405 213 442 lutem
240 402 416 441 admittat
443 414 505 438 cos
533 401 598 451 qui
626 400 753 438 addita
782 412 871 437 mox
898 398 1078 436 antithesi
1106 398 1153 435 ab
1182 411 1223 435 ea
1244 398 1523 435 excluduntur?
1552 399 1630 434 Aut

98 481 173 519 quo
199 473 309 518 pacto
337 479 401 517 per
428 465 635 503 antithesin
663 464 909 502 excludantur
937 476 1030 514 quos
1051 462 1249 513 promissio
1270 461 1463 499 admittit?
1501 462 1629 500 Quare

100 533 132 571 si
165 532 292 570 addita
329 531 544 577 antithesis,
571 544 643 581 qua
670 529 872 581 promissio
900 529 982 579 ipsa
1011 528 1235 578 explicatur,
1261 532 1380 564 totam
1409 527 1631 578 promissio-

98 610 184 635 nem
221 596 318 633 hanc
344 597 391 633 ab
420 594 631 633 infantibus
661 595 870 637 submovet,
898 596 998 630 certe
1025 598 1062 630 et
1088 591 1310 628 mandatum
1338 591 1432 629 illud
1462 590 1631 628 discendi

99 668 135 700 et
173 660 348 699 credendi
383 673 426 698 eo
462 660 547 697 loco
585 658 756 697 additum
792 657 839 695 ad
876 657 1041 695 infantes
1077 656 1174 694 nihil
1209 655 1425 706 pertinebit,
1460 655 1509 693 ad
1536 668 1630 706 quos

100 726 196 765 nihil
222 725 382 777 pertinet
408 730 488 763 tota
516 725 597 762 eius
624 723 698 760 loci
725 722 939 774 promissio,
966 734 1079 772 quam
1098 721 1145 758 ad
1165 734 1300 771 pueros
1320 720 1507 771 applicare
1524 720 1630 758 nullo

98 791 212 829 modo
249 799 419 841 possunt,
456 789 529 826 nisi
566 789 598 826 si
634 788 719 825 illos
755 801 776 825 a
814 787 931 825 salute
969 799 1098 824 omnes
1125 799 1190 836 per
1227 785 1393 823 additam
1423 785 1631 823 antithesin

100 854 314 894 excludant.
371 853 617 891 Manifestum
655 858 711 890 est
746 851 863 901 igitur
901 851 959 888 his
991 849 1175 888 Matthaei
1202 855 1238 887 et
1268 849 1389 887 Marci
1416 850 1510 887 locis
1540 850 1631 900 bap-

98 919 253 957 tismum
280 932 357 956 non
385 918 533 955 institui
561 918 680 955 multo
708 916 834 953 miuus
862 920 988 953 autem
1014 928 1099 952 eum
1119 915 1298 952 constitui
1316 914 1499 961 ordinem,
1522 927 1632 965 quern

100 983 306 1022 adversarii
342 983 586 1026 contendunt,
623 981 721 1019 circa
760 980 990 1032 baptismum
1017 979 1211 1018 observari
1238 985 1420 1030 oportere,
1448 992 1633 1031 quemque

102 1048 317 1087 Matthaeus
353 1048 432 1099 ipse
461 1047 591 1084 eodem
618 1046 701 1097 ipso
729 1046 811 1082 loco
839 1045 1004 1088 invertit,
1031 1065 1081 1073 —-
1107 1050 1143 1082 et
1171 1051 1213 1081 ut
1242 1044 1508 1088 constituatur,
1535 1043 1632 1081 nihil

100 1118 226 1151 tamen
271 1113 448 1150 adversus
494 1109 846 1162 paedobaptismum
889 1114 1059 1146 nostrum
1102 1109 1237 1153 facere,
1281 1122 1393 1159 quum
1431 1113 1533 1146 totus
1570 1096 1634 1146 ille

102 1176 223 1214 Marci
267 1176 373 1213 locus
417 1174 464 1212 ad
499 1187 634 1225 pueros
672 1173 854 1224 applicari
890 1173 994 1209 nulla
1030 1171 1178 1209 ratione
1212 1173 1346 1222 possit,
1383 1172 1456 1209 nisi
1506 1172 1633 1210 eadem

102 1254 213 1292 opera
250 1253 378 1278 omnes
417 1240 530 1277 etiam
566 1238 803 1276 condemnat.
858 1237 958 1274 Eant
994 1250 1096 1274 nunc
1133 1242 1168 1274 et
1210 1237 1279 1273 hos
1306 1237 1412 1274 locos
1440 1236 1634 1274 doctrinae

103 1319 191 1343 suae
226 1304 513 1342 fundamentum
542 1316 622 1340 esse
649 1302 802 1339 iactent.
859 1300 1031 1338 Clament
1058 1314 1096 1338 se
1124 1300 1253 1338 fideles
1283 1300 1490 1351 scripturae
1518 1301 1635 1339 inter-

103 1374 237 1422 pretes,
264 1382 333 1407 nos
362 1368 457 1406 nihil
485 1367 587 1405 aliud
617 1379 731 1417 quam
758 1365 1007 1417 philosophos
1035 1370 1071 1403 et
1099 1370 1308 1414 argutores.
1352 1365 1492 1403 Dicant
1519 1379 1539 1403 a
1568 1379 1634 1403 ne-

100 1435 199 1473 mine
226 1438 486 1486 praeterquam
510 1446 534 1470 a
565 1446 602 1469 se
631 1432 835 1482 scripturas
865 1423 1043 1480 intelligi,
1072 1431 1132 1468 hic
1163 1436 1260 1468 certe
1278 1431 1477 1481 pulchrum
1500 1431 1634 1469 horum

102 1499 271 1538 omnium
315 1499 580 1536 documentum
620 1496 814 1542 dederunt,
853 1509 937 1533 cum
975 1508 1015 1532 ca
1053 1495 1246 1533 doctrinae
1283 1508 1370 1533 suae
1405 1501 1648 1547 praetexant,

103 1578 198 1616 quae
244 1577 321 1602 non
365 1564 486 1601 solum
533 1562 629 1600 nihil
673 1562 719 1599 ad
758 1574 908 1599 eausam
942 1561 1109 1612 ipsorum
1147 1561 1304 1604 faciunt,
1340 1560 1403 1598 sed
1441 1560 1635 1599 doctrinae

106 1642 255 1680 quoque
292 1641 420 1666 eorum
458 1632 583 1678 aperte
618 1631 843 1677 repugnant,
873 1638 956 1662 cum
986 1639 1006 1662 a
1037 1625 1229 1663 Matthaeo
1259 1625 1349 1662 ordo
1377 1625 1441 1663 ille
1468 1625 1638 1677 ipsorum

106 1693 341 1745 apertissime
369 1692 591 1729 invertatur.
622 1692 708 1739 (40)
747 1690 820 1727 Sed
852 1690 913 1726 hic
940 1703 1091 1728 rursum
1119 1689 1319 1727 obiiciunt.
1375 1689 1414 1726 Si
1442 1690 1548 1727 loeus
1577 1690 1638 1727 hic

108 1757 240 1803 Marci,
267 1756 456 1807 inquiunt,
485 1760 520 1793 et
549 1754 731 1792 Matthaei
758 1754 854 1791 nihil
881 1754 926 1790 ad
955 1754 1120 1791 infantes
1148 1753 1322 1804 pertinet,
1351 1767 1471 1804 neque
1493 1754 1637 1805 baptis-

107 1836 190 1860 mus
224 1821 337 1859 etiam
376 1821 423 1858 ad
459 1820 545 1857 illos
579 1819 795 1871 pertinebit,
824 1832 909 1856 cum
938 1832 1122 1870 nusquam
1152 1819 1244 1856 alibi
1270 1818 1491 1856 mandatum
1520 1824 1639 1857 exstet

107 1901 182 1939 quo
217 1886 323 1938 pueri
358 1885 541 1936 baptizari
578 1885 793 1922 iubeantur.
849 1888 901 1922 At
930 1897 1015 1922 vero
1045 1885 1238 1934 proferant
1265 1884 1322 1921 illi
1349 1883 1443 1920 mihi
1472 1884 1637 1922 vicissim

108 1951 326 1990 mandatum
356 1950 510 2001 aliquod
540 1949 677 1987 litteris
706 1962 920 2000 expressum
950 1961 1025 1999 quo
1053 1947 1191 1985 Ioanni
1218 1953 1259 1985 ut
1288 1948 1495 1998 baptizaret
1521 1948 1638 1998 impe—

109 2022 232 2055 ratum
260 2029 340 2053 esse
369 2019 526 2054 constet.
580 2014 626 2051 Id
656 2014 686 2051 si
716 2027 899 2064 nusquam
930 2013 1089 2050 habetur
1117 2026 1164 2050 an
1192 2012 1275 2049 ideo
1304 2012 1461 2049 Ioannis
1489 2025 1639 2063 quoque

109 2081 339 2132 baptismum
374 2079 612 2117 idololatriae
641 2079 962 2124 condemnabunt,
991 2078 1091 2128 quod
1122 2077 1202 2115 sine
1230 2089 1406 2128 expresso
1435 2077 1641 2128 scripturae

111 2146 288 2184 mandato
317 2144 544 2196 baptizarit?
599 2146 676 2182 Aut
704 2158 752 2182 an
781 2149 861 2182 tum
890 2144 949 2181 ad·
966 2143 1152 2180 neminem
1182 2142 1389 2193 baptismus
1417 2143 1642 2193 pertinebat,

111 2211 154 2248 de
182 2223 254 2261 quo
283 2222 501 2260 expressum
528 2208 733 2259 scripturae
755 2208 971 2246 mandatum
992 2221 1068 2245 non
1090 2209 1276 2246 exstaret?
1305 2207 1387 2245 Nos
1417 2207 1507 2245 certi
1523 2221 1641 2246 unum

110 2275 343 2325 eundemque
372 2274 521 2311 Patrem
550 2273 669 2311 Deum
699 2273 940 2326 etubaptismi
968 2283 1003 2310 et
1033 2272 1332 2310 circumcisionis
1361 2278 1531 2310 autorem
1552 2286 1645 2318 esse,

111 2339 266 2376 eandem
304 2338 413 2375 illum
441 2338 551 2375 etiam
581 2338 816 2375 voluntatem
844 2337 1043 2374 retinuisse
1072 2336 1260 2374 credimus
1289 2337 1327 2373 in
1357 2336 1531 2388 baptismi
1561 2350 1643 2382 usu,

111 2417 224 2455 quam
262 2417 299 2441 se
329 2402 505 2440 habuisse
533 2402 736 2440 declaravit
764 2401 802 2439 in
832 2415 902 2439 usu
930 2400 1244 2446 circumcisionis,
1272 2406 1307 2438 et
1335 2414 1429 2451 quos
1460 2401 1522 2439 illc
1550 2402 1640 2439 olim

111 2467 352 2516 sacramentis
397 2467 576 2516 indignos
621 2480 697 2504 non
735 2480 815 2504 csse
858 2466 1051 2511 iudicavit,
1097 2479 1164 2503 nos
1201 2466 1249 2503 ab
1285 2466 1338 2503 eis
1385 2467 1641 2504 excludendos

110 2533 223 2571 etiam
270 2532 424 2570 minime
461 2545 540 2569 esse
573 2543 758 2581 putamus,
792 2530 1011 2581 praesertim
1047 2543 1130 2567 cum
1168 2529 1265 2566 nihil
1303 2530 1490 2568 diversum
1529 2530 1641 2568 nobis

113 2598 299 2649 scriptura
327 2597 532 2649 praecipiat
573 2603 608 2635 et
637 2596 810 2634 Christus
838 2595 1024 2633 Dominus
1054 2601 1178 2646 aperte
1207 2599 1364 2633 testetur
1391 2595 1431 2632 in
1459 2595 1530 2639 his,
1549 2609 1644 2646 quae

113 2662 160 2699 ad
199 2662 359 2699 salutem
386 2666 554 2699 nostram
580 2660 785 2712 pertinent,
813 2674 832 2698 e
859 2673 1020 2711 quorum
1048 2672 1204 2697 numero
1233 2667 1466 2698 sacramenta
1494 2673 1642 2711 quoque

107 2727 194 2763 'esse
231 2725 479 2770 ostendimus,
504 2726 658 2762 eandem
689 2738 767 2762 esse
796 2737 901 2761 suam
930 2730 965 2762 et
992 2723 1113 2761 Patris
1143 2724 1200 2761 sui
1229 2723 1400 2762 coelestis
1429 2724 1642 2762 doctrinam

113 2794 149 2827 et
179 2791 423 2827 voluntatem.
480 2791 603 2839 Atque
630 2789 675 2826 ad
704 2789 862 2839 primam
891 2788 1043 2826 illorum
1072 2787 1320 2826 obiectioncm
1345 2794 1503 2826 tantum.
1561 2789 1640 2826 Iam

113 2854 267 2892 alteram
293 2853 539 2892 excutiamus.
