1818 3178
757 148 1001 178 PRAEFATIO.
1576 147 1648 176 xm

439 269 478 311 2.
538 266 950 310 MAHUMETANISCHE
981 281 1245 311 GENEALOGIE
1279 267 1328 324 ¹).

186 399 360 440 Brevior
403 399 529 441 etiam
574 401 615 441 in
663 399 740 442 hoc
781 399 922 442 libello
967 416 989 442 e
1020 399 1147 443 Lasci
1178 415 1354 457 operum
1386 399 1549 458 syllabo
1579 415 1649 442 ex-

127 471 356 528 pungendo
403 487 491 513 esse
523 487 703 528 possum,
737 488 870 528 quum
903 472 1059 528 absque
1092 474 1205 514 omni
1237 474 1489 522 coniectura,
1540 472 1648 514 unde

126 543 296 585 fluxerit
342 543 384 584 in
431 542 570 586 devias
612 543 874 586 Reershemii
919 545 1084 586 animus
1125 544 1324 585 facillimo
1356 544 1524 600 negotio
1555 544 1651 586 luce

127 614 281 656 clarius
315 622 527 670 appareat.
591 614 752 657 Iniuria
792 614 911 656 illum
946 614 996 657 ad
1033 614 1216 656 Lascum
1250 623 1436 657 autorem
1473 615 1654 657 relatum

126 701 212 728 esse
243 686 488 743 ceteroquin
520 687 684 729 abunde
716 687 799 728 iam
831 687 951 729 docet
981 687 1226 743 germanica
1258 687 1418 744 lingua,
1451 703 1533 744 qua
1554 703 1653 729 con-

125 750 305 815 sffriptus
350 766 422 810 est,
467 766 507 801 et
552 774 636 815 qua
666 759 829 801 Lascus
860 760 1025 815 scripsit
1055 773 1304 814 numquam;
1338 760 1494 802 evincit
1526 775 1654 816 porro

125 830 242 873 locus
280 838 320 873 et
351 846 503 882 annus,
538 831 688 887 quibus
720 832 853 873 editus
885 839 965 873 est:
999 845 1150 887 nempe
1181 833 1367 873 Berolini
1400 833 1524 882 1596,
1557 833 1583 875 i.
1615 848 1651 874 e.

127 918 259 944 annos
305 903 480 959 triginta
528 910 727 958 quattuor
773 909 865 958 post
906 902 1089 944 Lascum
1135 902 1490 955 intermortuum3
1536 902 1656 945 docet

127 974 308 1030 denique
346 981 388 1016 et
418 975 543 1015 totius
575 973 705 1015 libelli
738 983 1051 1030 argumentum,
1085 973 1198 1029 quod
1230 990 1251 1015 a
1283 973 1409 1015 Lasci
1440 974 1585 1016 studiis
1616 981 1656 1017 et

128 1045 472 1102 occupationibus
495 1045 737 1101 longissime
760 1045 969 1089 abhorret.
1002 1043 1130 1097 Quod
1152 1051 1292 1087 tamen
1318 1061 1406 1087 rem
1433 1046 1547 1087 omni
1569 1045 1656 1088 fere

128 1125 248 1174 parte
293 1117 373 1158 iam
407 1115 661 1157 debilitatam
696 1116 860 1158 conficit
893 1117 1044 1172 plane:
1088 1117 1128 1158 in
1163 1132 1318 1173 magna
1350 1118 1550 1174 congerie
1593 1117 1653 1160 di-

130 1188 392 1230 venditorum
426 1187 631 1229 librorum
664 1187 970 1244 catalogorum,
1004 1187 1153 1243 quibus
1184 1187 1366 1230 scatebat
1395 1189 1657 1232 Bibliotheca

129 1258 196 1303 Cl.
228 1259 507 1317 Tydemanffi,
556 1274 664 1315 quae
696 1259 757 1301 his
789 1260 888 1316 ipsis
918 1259 1063 1302 diebus
1093 1259 1172 1302 sub
1204 1260 1321 1302 hasta
1353 1261 1480 1313 venit,
1513 1276 1654 1304 corro-

129 1348 222 1375 sum
270 1331 532 1389 pulvereque
577 1331 848 1388 denigratum
883 1347 1056 1388 prorsus
1088 1332 1339 1388 opusculum
1373 1340 1476 1383 erat,
1510 1332 1659 1376 incerti

131 1404 342 1461 quondam
375 1404 622 1461 possessoris
653 1403 945 1447 bibliothecam
974 1405 1186 1448 exhibens.
1247 1404 1379 1446 Forte
1413 1405 1583 1465 fortuna
1615 1406 1657 1448 in

127 1477 247 1519 illum
295 1475 532 1518 libellulum
573 1476 698 1518 incidi
731 1484 770 1519 et
802 1478 913 1534 quod
945 1476 1018 1519 diu
1049 1477 1204 1520 frustra
1237 1477 1501 1533 quaesieram
1532 1493 1658 1535 opus-

131 1549 287 1602 culum,
322 1550 570 1606 necopinato
592 1557 737 1605 sponte
767 1565 809 1592 se
840 1549 942 1591 mihi
975 1549 1138 1602 obtulit,
1172 1564 1354 1605 namque
1385 1548 1462 1591 sub
1493 1560 1554 1592 n0.
1575 1550 1658 1593 576

130 1622 197 1664 hic
242 1621 462 1678 legebatur
503 1621 677 1663 titulus:
721 1621 888 1664 LAsczy
926 1621 1076 1679 (Iwan)
1113 1622 1487 1664 Makumetanisohe
1515 1636 1659 1676 qenea-

135 1696 247 1749 loqz'e.
280 1693 468 1736 Berolini
501 1694 630 1737 1596.

189 1765 260 1810 Sic
291 1767 455 1809 detecta
486 1766 624 1808 frausl

468 1909 506 1952 3.
570 1908 804 1952 CONFESSIO
836 1923 890 1951 DE
920 1923 1055 1952 COENA
1086 1923 1243 1952 nomm
1274 1910 1324 1966 Ξ).

194 2054 324 2095 Anno
366 2053 475 2095 1602
517 2052 568 2095 ab
600 2053 866 2109 Hospiniano
896 2054 1005 2095 inter
1035 2053 1163 2096 Lasci
1195 2053 1358 2096 libellos
1388 2054 1565 2097 relatum
1599 2064 1661 2098 est

135 2127 214 2168 hoc
255 2125 519 2182 opusculum,
561 2124 611 2167 de
653 2140 737 2181 quo
767 2125 825 2167 sic
855 2132 1001 2167 auctor
1033 2126 1074 2167 in
1107 2141 1181 2167 sua
1213 2126 1406 2168 Historia
1436 2142 1660 2169 sacramen-

136 2198 267 2240 tarda:
316 2197 451 2245 ''Hoc
487 2212 597 2238 anno
632 2197 675 2255 (i.
707 2213 743 2240 e.
779 2198 908 2249 1552)
940 2196 1123 2239 Ioannes
1155 2213 1178 2239 a
1209 2197 1359 2249 Lasco,
1393 2199 1506 2240 Baro
1538 2198 1662 2241 Polo-

138 2294 159 2320 ῃ
179 2272 272 2312 niae
304 2277 344 2312 et
374 2269 720 2326 superintendens
748 2269 1085 2327 Peregrinorum
1116 2270 1345 2323 Ecclesiae,
1372 2270 1556 2313 Londini
1579 2272 1660 2314 edi-

138 2365 159 2391 η
179 2342 236 2384 dit
288 2342 655 2397 Confessionem‘de
690 2343 816 2383 Coena
846 2342 1023 2395 Domini,
1057 2343 1100 2384 in
1129 2358 1208 2398 qua
1240 2345 1419 2400 «amplicat
1445 2347 1663 2398 mmmmm

141 2416 420 2464 usententiam
453 2416 654 2456 verborum
689 2412 873 2457 Christi.-
913 2415 1132 2470 accipite
1164 2415 1434 2469 comedite,
1467 2417 1558 2459 hoc
1590 2426 1666 2460 est

143 2511 164 2537 n
183 2503 366 2544 corpus
399 2487 600 2529 meum.'’
634 2485 798 2539 Quodsi
825 2487 1048 2543 proprium
1079 2487 1218 2530 locum
1250 2489 1297 2530 iis
1330 2489 1503 2531 seorsim
1534 2492 1665 2547 scrip·

140 2562 190 2602 tis
221 2559 442 2616 designare
474 2559 718 2615 potuissem,
753 2559 794 2601 in
827 2559 978 2616 quibus
1019 2574 1172 2615 anceps
1202 2560 1412 2612 haeream,
1446 2561 1583 2604 Lasco
1615 2578 1666 2604 ne

140 2632 362 2674 tribuenda
405 2633 486 2674 sint
529 2646 607 2673 nec
648 2646 713 2683 ne,
752 2631 874 2673 huius
906 2632 1077 2688 generis
1109 2631 1259 2674 libellis
1289 2632 1527 2676 hauddubie
1558 2634 1667 2678 hanc

142 2719 310 2761 quoque
351 2702 732 2746 confessiunculam
778 2703 1132 2748 adnumerassem.
1194 2704 1323 2747 Nunc
1365 2706 1553 2762 spuriam
1593 2707 1667 2750 ha-

186 2881 210 2921 ¹)
235 2880 298 2912 cit.
322 2881 578 2918 Rsmsnsmus,
601 2891 629 2912 o.
654 2880 675 2912 l.
700 2880 749 2913 ed.
773 2881 802 2914 2.
826 2892 857 2924 p.
882 2881 933 2914 21.

179 2936 207 2976 ²)
234 2935 442 2968 Hospmmn.
465 2947 494 2968 o.
510 2935 532 2968 l.
554 2935 600 2968 ΙΙ.
625 2933 716 2970 21911.
