1818 3178
756 139 996 169 PRAEFATIO.
1520 141 1636 171 XXXV

109 259 165 288 sc.
189 260 273 302 quo
294 244 386 287 fatis
407 246 612 288 concessit
631 245 792 289 Lascus
814 246 992 298 saeculo,
1026 247 1113 289 eius
1133 247 1288 304 scripta
1310 261 1526 290 recensere
1546 248 1629 290 iam

111 324 284 360 conatus
304 324 365 359 est
386 316 623 359 MELCHIOR
646 319 845 370 ADAMUS,
864 319 904 359 in
931 324 1174 360 exterorum
1191 318 1501 374 theologorum,
1527 333 1630 373 quas

108 388 246 439 edidit,
271 388 364 430 vitis
388 390 432 443 ¹),
465 395 505 430 et
537 389 679 431 decem
711 397 758 432 ut
787 390 923 445 primo
946 388 1092 432 obtutu
1124 389 1287 433 videtur
1314 391 1401 432 eius
1423 389 1626 446 opuscula

107 466 342 511 enumerat,
385 459 463 501 hoc
495 467 569 503 aut
598 461 736 516 potius
762 460 882 503 nullo
919 461 1063 502 ordine
1094 462 1152 503 sic
1183 462 1292 505 inter
1330 477 1372 505 se
1403 462 1623 519 disposita:

105 532 144 574 1.
176 533 223 573 de
252 532 533 583 sacramentis,
581 535 620 575 2.
654 534 842 587 Epistola
873 535 920 575 cle
955 534 1084 574 Coena
1116 534 1291 586 Domini,
1336 534 1375 578 3.
1415 534 1626 591 Confessio

104 605 153 646 de
191 609 329 646 nostra
368 620 454 646 cam
499 606 656 647 Christo
687 606 963 657 communione,
1015 606 1055 648 4.
1089 606 1274 658 Epistola
1304 610 1361 650 ad
1387 609 1493 652 Eece.
1526 609 1626 650 Bre-

103 690 282 724 mensem,
315 676 355 719 5.
386 678 434 718 de
462 677 741 719 incarnatione
777 676 947 726 Christi,
983 677 1022 720 6.
1057 678 1161 733 Epp.
1192 678 1274 719 III
1288 681 1335 721 de
1355 681 1479 732 ordin,
1502 681 1626 731 Ecel„

105 748 143 790 7.
190 748 268 800 Ep.
306 749 364 789 ad
404 748 660 805 Siqismuncl„
722 750 761 790 8.
800 749 1012 801 Ρανῃαίὶο,
1072 750 1112 790 9.
1153 750 1271 803 Hesp.
1306 752 1362 792 ad
1395 753 1627 803 Westplaal„

106 819 174 860 10.
208 820 351 861 Forma
382 835 429 861 ae
456 821 575 862 ratio.
621 819 803 875 Proprie
835 827 973 861 tamen
1007 820 1174 862 nonnisi
1205 836 1353 864 novem
1385 823 1539 879 scripta
1570 824 1626 866 ef-

103 892 266 944 ficiunt,
316 893 514 949 quoniam
556 895 631 947 Ep.
663 895 720 935 ad
745 894 902 946 Siqism.
936 895 1261 949 praemonitoria
1291 901 1356 937 est
1383 897 1471 938 eius
1502 912 1625 953 opus-

104 963 203 1016 culi,
251 965 363 1021 quod
394 965 471 1007 sub
500 981 542 1008 n.
575 966 628 1007 10
661 971 915 1009 recensetur.
969 964 1201 1022 Exscripsit
1231 967 1346 1009 hunc
1385 968 1624 1025 catalogum

105 1050 142 1078 a.
177 1038 301 1088 1688,
336 1037 362 1079 i.
395 1052 429 1079 e.
463 1052 594 1079 annos
623 1043 793 1078 centum
815 1036 990 1092 triginta
1012 1044 1105 1093 post
1126 1037 1252 1080 Lasci
1274 1038 1429 1081 obitum
1453 1039 1626 1083 PAULUS

104 1108 340 1151 sznmms
364 1109 414 1166 ²),
446 1116 486 1151 et
517 1124 624 1165 quae
657 1108 849 1151 Adamus
880 1110 1028 1162 scripta
1062 1117 1223 1152 tantum
1255 1110 1526 1165 indicaverat,
1558 1112 1630 1154 ille

103 1195 180 1222 suo
219 1188 352 1223 marte
391 1182 501 1223 edita
543 1196 630 1222 esse
671 1181 895 1232 constituit,
930 1181 1042 1237 quod
1075 1189 1214 1224 tamen
1247 1182 1298 1224 de
1329 1185 1404 1237 Ep.
1437 1186 1494 1226 ad
1520 1186 1629 1226 Eeel.

104 1255 239 1296 Brem.
271 1254 480 1296 immerito
511 1253 669 1295 dictum
700 1269 787 1296 esse
818 1261 992 1296 constat.
1026 1254 1224 1296 Alterum
1257 1255 1380 1297 etiam
1412 1256 1631 1299 admiscuit

105 1340 308 1376 errorem,
341 1340 509 1368 carmen
538 1325 832 1382 retrogradum
857 1325 907 1368 ad
936 1328 1121 1368 Car-olum
1143 1328 1294 1369 Ducem
1315 1328 1630 1371 Sudor-manniae

104 1396 242 1439 Lasco
263 1397 465 1449 tribuens,
500 1398 611 1453 quod
642 1398 835 1454 spurium
867 1413 952 1440 esse
978 1398 1088 1440 infra
1110 1398 1338 1441 ostendam.
1370 1398 1463 1441 Iam
1481 1400 1631 1456 elapsis

105 1470 224 1512 annis
264 1476 434 1512 centum
467 1477 557 1526 post
586 1470 714 1513 Lasci
744 1470 904 1513 obitum
934 1472 1076 1513 Jacobo
1109 1470 1327 1527 placuerat
1365 1472 1402 1515 V
1400 1474 1631 1528 erheydenz‘o

105 1540 500 1585 lucubratiunculae
522 1557 621 1584 suae
645 1544 678 1598 ⁸)
711 1541 888 1584 eundem
922 1541 1145 1599 syllabam,
1180 1542 1335 1597 absque
1366 1549 1505 1585 tamen
1538 1558 1630 1586 car-

103 1612 215 1655 mine
246 1612 332 1664 illo,
366 1613 477 1670 quod
505 1613 721 1656 Freherus
752 1613 968 1670 adspersit,
997 1614 1195 1666 inserere,
1221 1614 1331 1670 quod
1349 1620 1390 1656 et
1415 1613 1547 1657 obiter
1570 1614 1628 1657 fe-

102 1685 157 1726 cit
191 1684 459 1728 WEGIERSKY
489 1687 541 1741 (a.
576 1685 703 1742 1652)
739 1685 811 1742 qui
842 1693 979 1728 tamen
1012 1685 1062 1728 de
1094 1685 1297 1728 industria
1331 1685 1487 1728 Adami
1519 1693 1628 1729 cata-

104 1755 254 1812 logum
285 1759 318 1812 4)
349 1757 584 1813 compendii
617 1773 742 1800 causa
774 1757 1054 1800 detruncavit.
1087 1758 1209 1802 Doct.
1244 1758 1436 1800 ROLLIUS
1460 1761 1491 1815 ⁵)
1526 1775 1629 1816 quo·-

103 1842 185 1883 que
205 1827 323 1870 initio
344 1828 473 1871 seculi
504 1830 727 1885 sequenti3‚
762 1844 797 1872 a.
826 1830 952 1880 1709,
976 1845 1204 1872 numerum
1227 1830 1454 1873 admodum
1478 1832 1628 1874 minuit

103 1905 144 1941 et
188 1900 355 1942 nonnisi
400 1908 582 1956 quatuor
627 1900 754 1943 Lasci
800 1901 1003 1958 opuscula
1033 1901 1110 1944 sibi
1141 1909 1239 1944 nota
1270 1902 1397 1944 fuisse
1428 1904 1625 1946 ostendit:

106 1973 145 2014 1.
182 1973 230 2013 de
271 1972 552 2015 incarnatione
601 1974 765 2026 Christi,
829 1976 866 2015 2.
908 1976 955 2016 de
984 1975 1267 2026 sacramentis,
1331 1975 1370 2018 3.
1414 1977 1627 2029 Parqaffio,

103 2043 144 2086 4.
186 2044 329 2085 Forma
375 2061 422 2086 ac
466 2046 586 2093 ratio,
628 2044 740 2088 unde
787 2046 925 2098 simul,
969 2061 1066 2090 eum
1099 2061 1151 2089 ex
1183 2046 1266 2089 alio
1298 2046 1481 2103 quodam
1512 2048 1628 2090 fonte

103 2113 288 2156 hausisse
335 2122 459 2171 patet.
519 2115 606 2168 Qui
651 2117 783 2172 igitur
815 2117 1071 2174 praecedunt
1103 2133 1266 2171 omnes,
1299 2119 1332 2160 si
1363 2134 1496 2162 unum
1529 2119 1631 2162 Rol-

101 2184 205 2227 lium
250 2186 383 2242 (cuius
434 2188 716 2230 testimonium
750 2189 909 2231 nullius
941 2190 1062 2246 pretii
1094 2190 1169 2247 est)
1206 2190 1401 2247 excipias,
1435 2191 1485 2233 ab
1517 2190 1630 2234 Ada-

103 2273 173 2300 mo
205 2258 400 2315 pendent.
462 2259 633 2302 Primus
663 2268 749 2303 tum
785 2262 949 2311 exstitit,
984 2264 1054 2318 qui
1086 2261 1323 2305 uberiorem
1356 2263 1627 2321 adspergeret

101 2329 255 2382 lucem,
288 2331 581 2380 Bmmmmns,
613 2333 685 2389 qui
718 2349 752 2375 a.
787 2335 899 2377 1733
930 2334 1058 2377 Lasci
1090 2335 1219 2377 vitam
1249 2335 1344 2379 data
1375 2351 1502 2393 opera
1533 2352 1628 2393 per-

101 2408 321 2454 scrutatus,
355 2403 586 2446 Historiam
616 2405 801 2449 criticam
835 2421 953 2449 suam
987 2406 1144 2464 publici
1176 2407 1279 2451 iuris
1310 2407 1419 2451 fecit.
1463 2408 1511 2451 In
1545 2408 1626 2451 hoc

146 2574 171 2614 ¹)
195 2575 254 2608 Ed.
277 2576 306 2607 3.
330 2576 479 2611 Francos.
502 2579 592 2613 1705.
615 2591 646 2622 p.
672 2580 720 2612 12.

144 2630 171 2670 ²)
201 2630 385 2663 Theatlirum
408 2634 466 2665 vir.
488 2635 575 2668 erud.
599 2637 677 2668 clar.
700 2635 896 2679 Noribcrgae
920 2648 946 2670 a.
972 2638 1063 2671 1688.
1087 2638 1114 2672 Ι.
1138 2650 1169 2682 p.
1194 2640 1284 2674 1821).

122 2684 169 2773 7532)
193 2685 352 2726 Imaqz'nes
373 2691 403 2719 et
427 2689 538 2732 Eloyz‘a
558 2694 676 2732 praest.
698 2692 740 2723 al.
770 2692 870 2725 Theol.
894 2693 942 2726 ed.
960 2694 1005 2727 la.
1030 2694 1121 2728 1602.
1145 2696 1367 2738 Hagae-Com.
1390 2707 1420 2739 p.
1438 2696 1488 2730 89.
1512 2697 1560 2731 ed.
1583 2698 1630 2733 2³.

99 2740 116 2770 1
165 2740 193 2771 5.
216 2740 264 2772 Ib.
287 2752 317 2783 p.
341 2742 390 2776 67.

137 2795 173 2881 δὲ
192 2795 425 2840 (Wmmnsm)
457 2801 747 2841 Rmssnvonscmss,
771 2803 916 2846 Systema
940 2804 1029 2838 Eccl.
1051 2805 1308 2845 Slavonicorum,
1332 2807 1386 2839 Tr.
1411 2818 1428 2839 a
1452 2808 1511 2841 Rh.
1537 2809 1628 2843 1652.

96 2859 130 2892 p.
176 2851 227 2884 12.

133 2905 161 2947 ὅ)
186 2906 225 2940 R.
247 2907 294 2940 Η.
317 2908 450 2948 Romu,
472 2909 558 2943 Bibl.
580 2910 652 2944 nob.
676 2911 795 2952 Theol„
820 2913 909 2947 Rost.
934 2915 966 2945 ct
990 2913 1066 2956 Lpz.
1090 2915 1182 2951 1709.
1207 2917 1241 2950 S.
1265 2916 1339 2949 302.

1307 2972 1382 2995 *a*
1425 2974 1450 3017 2
