1818 3178
222 133 293 172 116
572 138 622 165 DE
652 131 932 163 SAGRAMENTIS
962 130 1176 159 EchESIAE
1203 130 1383 160 omnsm.

277 243 324 280 Et
352 242 427 278 visa
454 244 508 276 est
534 242 624 275 tune
652 248 726 273 non
755 247 832 272 esse
856 233 1002 270 inutilis
1030 232 1123 270 ratio
1152 232 1242 269 haec
1269 234 1353 280 (fol.
1374 234 1434 280 lb)
1453 233 1737 271 commendandi

228 304 442 352 dignitatem
482 301 800 336 Sacramentorum
837 296 876 332 in
914 295 1080 332 Ecclesia
1119 295 1270 334 Christi.
1326 296 1398 334 Sed
1424 296 1523 333 intra
1551 292 1624 334 hos*
1645 298 1738 335 fines

229 366 416 404 continere
455 376 532 400 sese
568 374 642 399 non
678 359 799 410 potuit
828 359 990 396 humana
1016 358 1123 404 ratio,
1150 360 1324 410 quodque
1350 361 1478 398 Patres
1505 361 1594 398 olim
1622 361 1740 398 sancti

225 430 303 479 (pio
348 426 559 464 hauddubie
603 425 746 470 animo)
793 425 1001 460 statuerunt
1046 422 1093 459 ad
1131 424 1461 461 commendandam
1495 425 1632 475 populo
1671 425 1739 462 Dei

229 492 548 526 Saeramentorum
585 485 817 534 dignitatem.
851 485 963 535 paulo
999 488 1083 535 post
1119 485 1156 522 in
1198 486 1336 536 Papatu
1375 487 1584 538 detorqueri
1622 488 1740 538 coepit

223 554 267 590 ad
313 551 560 602 prodigiosam
607 550 932 586 sacramentorum
986 548 1297 598 profanationem,
1346 550 1393 587 ad
1438 551 1739 589 obscurationem

225 615 345 653 meriti
381 614 511 651 mortis
549 613 700 658 Christi,
735 617 770 650 et
797 611 1003 649 inauditam
1031 616 1139 649 antea
1166 613 1340 651 universo
1369 615 1452 652 orbi
1477 615 1742 661 idololatriam,

225 694 335 730 quam
371 691 469 716 nunc
507 677 653 714 demum
689 690 709 714 a
746 677 844 727 Papa
880 680 916 713 et
954 676 1029 713 suis
1067 677 1243 714 cornibus
1279 682 1384 716 tanta
1413 680 1629 718 crudelitate
1654 694 1741 731 pro-

227 744 381 794 pugnari
416 742 593 784 videmus,
629 746 670 778 ut
707 741 871 778 omnium
907 745 1167 790 tyrannorum,
1193 743 1258 792 qui
1284 756 1446 794 unquam
1473 745 1635 791 fuerunt,
1660 753 1742 783 tru-

226 808 423 845 culentiam
450 807 562 854 longo
590 805 786 842 intervallo
816 817 986 855 superare
1013 805 1192 844 videatur.

275 872 323 908 Et
350 870 498 921 quidem
525 882 600 906 non
629 869 777 906 defuere
804 882 980 919 unquam,
1007 869 1071 919 qui
1098 869 1226 907 fucum
1252 883 1296 908 ac
1322 870 1546 922 imposturas
1564 872 1603 911 in
1623 873 1742 924 Papae

224 935 435 973 idololatria
463 933 814 971 animadverterent:
843 933 907 970 alii
935 947 1023 971 sane
1051 934 1198 979 clarius,
1226 935 1290 972 alii
1310 949 1394 973 vero
1416 937 1624 981 obscurius,
1638 938 1741 975 iuxta

224 1001 280 1038 sui
308 1000 462 1050 quisque
490 998 578 1035 doni
604 1010 829 1036 mensm'am.
858 998 930 1036 Sed
955 1011 1040 1048 pars
1067 999 1186 1036 maior
1212 1001 1271 1047 (ut
1299 1001 1358 1048 fit)
1384 1002 1574 1039 meliorem
1602 1016 1744 1053 semper

225 1065 409 1102 vincebat.
462 1063 511 1100 Et
546 1076 588 1100 eo
624 1062 772 1100 tandem
796 1066 955 1100 'ventum
981 1067 1048 1109 est,
1074 1067 1117 1101 ut
1145 1065 1290 1102 nullum
1317 1066 1481 1103 atrocius
1510 1068 1647 1105 crimen
1676 1068 1743 1105 ha-

227 1129 385 1173 beretur,
413 1141 523 1178 quam
550 1127 581 1164 si
609 1126 692 1176 quis
719 1125 896 1164 adversus
923 1127 1148 1177 Papisticam
1167 1129 1206 1165 in
1227 1130 1490 1171 Sacramentis.
1507 1132 1743 1182 potissimum

227 1196 348 1229 autem
383 1191 420 1228 in
449 1203 543 1241 pane
570 1203 716 1235 coenae,
742 1190 994 1228 idololatriam
1021 1192 1079 1228 vel
1104 1192 1255 1230 muttire
1283 1197 1429 1231 tantum
1457 1208 1569 1232 ausus
1597 1195 1742 1235 fuisset.

278 1256 433 1293 Interim
468 1258 589 1291 tamen
615 1255 696 1291 fieri
724 1267 800 1292 non
828 1255 963 1305 potuit,
991 1256 1081 1306 quin
1111 1269 1190 1294 sese
1217 1258 1381 1296 victricis
1408 1259 1548 1310 alioqui
1575 1260 1744 1297 veritatis

227 1320 288 1356 lux
318 1318 496 1369 quaedam
526 1317 683 1355 subinde
720 1318 773 1356 ita
801 1323 994 1360 exsereret,
1021 1320 1059 1356 in
1088 1319 1178 1370 ipsis
1206 1321 1316 1359 etiam
1347 1323 1556 1360 carceribus
1585 1324 1657 1371 (fol
1684 1326 1742 1372 2³)

226 1382 382 1418 flanunis
418 1394 460 1418 ac
497 1382 681 1426 crucibus,
724 1385 766 1419 ut
802 1382 880 1419 sola
915 1383 1127 1432 tyrannidis
1166 1385 1386 1436 impotentia
1425 1388 1605 1438 supprimi
1638 1389 1743 1425 nullo

226 1446 336 1483 modo
362 1450 498 1495 posset.
528 1445 668 1483 Quaeri
694 1446 810 1495 igitur
837 1447 1032 1497 oportebat
1059 1448 1159 1486 aliud
1191 1450 1389 1488 consilium
1417 1451 1461 1488 ad
1483 1452 1743 1491 stabiliendam

228 1511 410 1546 invectam
452 1509 561 1546 semel
605 1509 868 1556 idololatriam,
903 1524 950 1548 ne
985 1511 1064 1549 sola
1100 1513 1299 1562 tyrannide
1333 1527 1391 1552 res
1426 1515 1506 1564 geri
1540 1515 1745 1562 videretur;

228 1587 345 1624 neque
385 1573 483 1610 aliud
514 1573 714 1624 speciosius
744 1575 941 1613 consilium
967 1576 1090 1626 potuit
1116 1577 1281 1628 reperiri,
1308 1592 1418 1629 quam
1445 1583 1488 1617 ut
1513 1581 1648 1618 modus
1675 1581 1744 1619 ali-

229 1637 310 1688 quis
345 1637 573 1675 inveniretur
609 1638 862 1687 coniungendi
895 1653 953 1677 res
989 1639 1146 1679 Divinas
1174 1641 1284 1680 rebus
1312 1644 1481 1690 terrenis,
1508 1644 1654 1696 hucque
1682 1646 1744 1684 de-

231 1715 332 1738 mum
368 1702 476 1739 obvia
512 1715 677 1752 quaeque
714 1704 917 1754 scripturae
943 1705 1024 1742 loca
1053 1719 1275 1757 quocunque
1301 1708 1452 1746 tandem
1479 1710 1591 1747 modo
1620 1711 1744 1748 detor·

234 1765 383 1814 quendi.
435 1765 496 1802 Sic
524 1766 622 1803 enim
649 1766 765 1804 videri
791 1772 964 1818 poterant
990 1782 1047 1807 res
1076 1770 1247 1816 Divinae,
1273 1771 1439 1822 adeoque
1466 1776 1502 1810 et
1529 1773 1628 1811 Deus
1655 1775 1746 1825 ipse,

234 1829 272 1865 in
307 1829 462 1867 terrenis
499 1829 607 1867 rebus
643 1830 791 1868 adorari
828 1845 905 1870 non
940 1837 1088 1871 tantum
1122 1847 1232 1885 posse
1266 1840 1417 1886 propter
1452 1840 1621 1875 mutuam
1648 1838 1748 1877 inter

234 1905 312 1929 sese
349 1893 659 1939 coniunctionem,
686 1895 750 1932 sed
775 1895 887 1933 etiam
914 1890 1095 1947 oportere,
1121 1903 1272 1949 propter
1298 1900 1512 1939 adiunctam
1542 1902 1744 1953 seriptura-

236 1968 317 1992 rum
352 1957 598 2003 autoritatem,
631 1970 734 2007 quae,
761 1959 905 1997 etiamsi
932 1973 1009 1999 non
1037 1967 1132 2000 esset
1160 1962 1280 2000 solida
1306 1967 1459 2014 propter
1484 1965 1654 2003 locorum
1683 1967 1747 2004 de-

235 2020 498 2069 pravationem,
525 2022 735 2071 tyrannidis
761 2027 884 2061 tamen
912 2025 1138 2063 adminiculo
1169 2028 1391 2066 communiri
1416 2034 1553 2079 posset.

288 2084 363 2121 Hic
399 2098 483 2122 vero
520 2098 595 2123 non
634 2086 784 2125 dormiit
812 2089 938 2134 Satan,
965 2094 1000 2127 et
1027 2090 1209 2129 eiusmodi
1236 2092 1355 2129 fulcra
1381 2092 1490 2131 istius
1516 2094 1750 2133 idololatriae

240 2152 467 2185 commentus
510 2153 577 2193 est,
619 2154 660 2187 ut
704 2151 850 2200 piorum
892 2153 1003 2192 etiam
1040 2155 1185 2193 animos
1221 2157 1432 2207 praestigiis
1469 2158 1538 2195 hac
1572 2158 1612 2196 in
1646 2164 1750 2209 parte

239 2212 313 2249 suis
340 2215 608 2263 perstrinxerit,
633 2220 742 2266 atque
768 2218 969 2257 etiamnum
995 2223 1232 2272 perstringat.
1263 2223 1456 2275 Orsusque
1482 2238 1503 2263 a
1531 2226 1625 2263 veris
1646 2227 1750 2277 prin-

241 2276 356 2326 cipiis,
390 2291 461 2326 quo
496 2279 767 2318 fraudulentius
804 2295 880 2319 rem
915 2289 1053 2333 ageret,
1087 2286 1138 2323 fel
1163 2287 1336 2338 protinus
1378 2302 1486 2325 suum
1511 2290 1625 2334 melli,
1651 2291 1751 2341 quod

240 2339 385 2384 dicitur,
421 2341 628 2388 admiscuit,
663 2345 873 2397 multosque
901 2348 1048 2386 demum
1075 2351 1263 2397 excitavit,
1291 2351 1354 2402 qui
1380 2351 1565 2390 invectam
1592 2353 1751 2392 idolola-

239 2402 347 2439 triam
384 2405 646 2454 scripturarum
682 2409 793 2446 etiam
829 2410 877 2459 (si
913 2411 992 2449 Deo
1029 2413 1167 2463 placet)
1203 2415 1459 2463 testimo-(fol.
1488 2417 1624 2465 2¹³)niis
1662 2431 1752 2456 con-

241 2463 447 2501 stabilirent
473 2470 507 2502 et
535 2474 721 2507 ornarent.

291 2528 347 2563 Ae
382 2528 550 2577 primum,
587 2532 671 2581 quia
708 2533 868 2572 discerni
903 2538 1096 2587 oportebat
1132 2539 1239 2588 signa
1267 2541 1592 2580 Sacramentorum
1619 2555 1639 2580 a
1666 2543 1753 2580 reli-

241 2591 322 2639 quis
352 2591 541 2640 signorum
568 2597 764 2642 generibus
792 2604 941 2650 propter
967 2601 1143 2640 Divinam
1169 2604 1457 2651 institutionem,
1486 2607 1573 2644 hinc
1601 2621 1750 2646 sumen-

241 2652 327 2689 dum
365 2658 442 2690 crat
477 2655 621 2692 initium
657 2659 851 2707 erigendae
885 2662 994 2701 huius
1028 2665 1275 2707 idololatriae.
1329 2668 1472 2718 Negari
1509 2682 1584 2707 non
1619 2671 1754 2720 potuit,

243 2717 424 2754 neminem
460 2718 569 2756 alium
608 2720 684 2758 eius
721 2724 861 2771 gratiae
898 2726 1003 2776 signa
1031 2729 1225 2768 instituere
1253 2732 1430 2782 potuisse,
1457 2747 1528 2783 qua
1557 2734 1626 2771 sub
1654 2747 1753 2772 mor-

240 2783 311 2816 tem
340 2784 524 2817 aeternam
552 2782 590 2819 in
619 2784 701 2820 Ada
730 2788 965 2827 condemnati
990 2792 1038 2829 ad
1067 2793 1176 2831 vitam
1207 2808 1335 2833 rursus
1361 2796 1402 2834 in
1423 2797 1572 2835 Christo
1592 2798 1754 2836 restituti

240 2856 378 2891 sumus,
414 2844 484 2882 nisi
521 2845 639 2898 ipsum
677 2847 807 2897 Deum,
841 2854 1151 2901 quemadmodum
1187 2863 1223 2896 et
1260 2860 1387 2897 vocale
1422 2861 1585 2899 eiusdem
1612 2862 1754 2913 gratiae
