1818 3178
714 178 953 209 PRAEFATIO.
1498 176 1602 207 XXIX

79 285 274 328 ancillam
332 282 488 340 expuli.
550 283 601 326 In
650 284 819 340 reliquis
866 286 1004 340 itaque
1050 284 1175 327 Lasci
1214 282 1363 326 libellis
1409 285 1605 328 omnibus

76 357 220 401 eodem
252 372 425 415 prorsus
457 355 581 398 modo
612 358 914 400 sententiarum
948 357 1194 414 complexus
1225 356 1353 400 dividi
1382 357 1600 409 incisione,

56 438 161 485 'quo
205 430 291 485 ipse
330 429 374 471 in
418 427 633 470 scribenda
679 429 1016 485 interpunctione
1057 429 1120 471 uti
1165 429 1294 480 soleo,
1329 436 1372 471 et
1401 429 1605 472 sermonis

78 501 365 558 perspicuitati
412 516 505 543 meo
551 500 716 555 quidem
765 500 918 542 iudicio
963 503 1116 557 optime
1155 501 1401 543 consulitur.
1464 502 1606 544 Erunt

78 575 263 622 fortasse,
304 573 375 628 qui
422 573 592 615 nimiam
642 588 724 628 qua
755 588 856 614 usus
889 587 981 614 sum
1016 573 1321 628 parcimoniam
1351 581 1536 631 arguent
1567 581 1606 615 et

75 645 147 687 ubi
177 645 249 687 ubi
279 644 470 687 locorum
503 645 696 700 speciosis
727 644 777 686 de
809 645 942 686 causis
963 651 1118 686 temere
1141 646 1333 688 omissam
1356 647 1606 702 interpunc-

75 716 232 758 tionem
265 716 550 773 perstringere
583 715 746 759 malunt
776 730 903 771 quam
933 715 1183 771 expendere.
1245 715 1342 760 Scio
1373 717 1605 760 etiamnum

77 803 276 841 operosae
307 788 634 845 interpungendi
665 789 885 845 signorum
918 787 1177 843 frequentiae
1209 787 1371 845 dignos,
1402 804 1506 844 quos
1537 805 1608 831 au-

77 861 177 915 dias,
223 861 398 904 existere
444 868 654 918 patronos,
703 862 772 916 qui
814 861 925 903 hisce
965 861 1154 903 lectionis
1199 861 1388 904 subsidiis
1420 870 1459 905 et
1490 863 1606 905 adiu·

77 933 229 976 mentis
273 948 417 975 carere
464 948 506 975 se
545 947 665 989 posse
705 940 876 989 negant.
937 932 1012 974 Me
1059 939 1197 975 tamen
1235 949 1259 976 a
1300 949 1342 975 se
1388 933 1605 976 dissentire

78 1020 179 1062 pace
210 1021 284 1048 sua
316 1006 540 1061 patiantur.
574 1003 774 1061 Egregie,
807 1005 840 1046 si
872 1004 970 1059 quid
1002 1004 1134 1054 video,
1166 1005 1369 1047 eiusmodi
1401 1005 1602 1048 distincti-

80 1093 228 1120 vorum
270 1077 487 1134 signorum
530 1083 759 1132 apparatus
805 1075 1133 1132 praelectoribus
1180 1075 1408 1119 destinatus
1445 1085 1521 1130 est,
1555 1093 1608 1120 ne

80 1150 203 1202 vocis,
247 1164 372 1204 quam
403 1149 612 1200 emittunt,
645 1148 820 1191 clamori
850 1149 976 1191 nimis
1008 1148 1132 1191 dediti
1166 1165 1189 1191 a
1219 1165 1347 1192 sensu
1377 1149 1603 1192 verborum

79 1221 376 1264 abstrahantur
406 1228 446 1263 et
475 1221 727 1264 haesitanter
749 1220 957 1264 balbutire
980 1222 1200 1278 incipiant:
1226 1223 1410 1264 tironum
1436 1237 1602 1278 quoque

80 1294 174 1335 usui
202 1292 436 1335 subservire
467 1299 613 1349 potest,
646 1293 796 1348 quibus
828 1294 1031 1336 sermonis
1055 1292 1299 1349 complexus
1320 1294 1485 1336 nonnisi
1505 1309 1608 1350 pau-

78 1365 192 1409 latim
233 1359 570 1423 pedetentimque
610 1365 738 1408 veluti
784 1380 858 1422 per
890 1365 1064 1408 nebulas
1097 1365 1342 1408 illucescere
1372 1365 1494 1417 solet,
1529 1364 1600 1407 sed

77 1437 234 1480 nullius
266 1438 414 1494 praetii
443 1437 659 1480 habendus
692 1444 751 1479 est
781 1438 824 1479 in
856 1436 972 1479 libris
997 1437 1141 1493 peritis
1158 1437 1479 1492 exercitatisque
1503 1437 1603 1479 viris

81 1509 305 1563 destinatis,
337 1508 487 1564 quibus
519 1508 745 1551 verborum
777 1512 839 1551 vis
869 1525 916 1552 ac
948 1508 1111 1566 pondus
1143 1509 1341 1551 orationis
1371 1523 1608 1551 successum

80 1589 225 1638 sponte
271 1582 406 1639 aperit
453 1589 493 1624 et
533 1589 752 1625 monstrat.
814 1582 958 1639 Magis
990 1582 1112 1624 etiam
1146 1597 1273 1637 quam
1303 1581 1345 1623 in
1379 1580 1610 1624 vernaculo

80 1668 272 1696 sermone
302 1654 345 1696 in
375 1653 513 1696 latinis
545 1661 629 1696 tam
660 1661 846 1697 tortuoso
876 1652 1207 1711 interpungendi
1236 1653 1458 1710 signorum
1482 1667 1611 1710 appa-

80 1725 191 1767 ratui
220 1724 483 1782 supersederi
512 1740 631 1782 posse
661 1725 841 1777 videtur,
865 1725 975 1780 quod
998 1725 1234 1768 declinandi
1256 1724 1609 1782 coniugandique,

81 1811 207 1852 quam
245 1804 410 1850 vocant,
454 1797 568 1854 apud
600 1797 749 1840 latinos
779 1798 885 1840 ratio
917 1797 1200 1840 efficacissime
1230 1803 1273 1839 et
1302 1796 1484 1839 dilucide
1513 1797 1611 1839 satis

82 1883 164 1924 quo
208 1869 404 1913 decurrat
444 1871 589 1923 oratio,
637 1886 719 1926 qua
765 1870 806 1912 in
847 1870 986 1913 devias
1029 1869 1294 1928 digrediatur
1331 1876 1495 1922 auctor,
1529 1884 1613 1925 qua

82 1940 224 1983 redeat
251 1941 293 1983 in
325 1942 449 1994 viam,
482 1942 739 1998 praesentire
769 1942 970 1984 lectorem
1005 1942 1117 1986 facit.
1152 1941 1407 1984 Praesertim
1439 1942 1480 1984 in
1513 1957 1612 1984 auc-

82 2011 257 2064 toribus,
292 2012 479 2068 qualium
513 2021 653 2055 noster
684 2013 775 2063 fuit,
808 2013 879 2069 qui
910 2013 1227 2056 interminatam
1259 2020 1299 2055 et
1320 2027 1418 2054 vere
1440 2012 1614 2054 immen-

83 2099 170 2126 sam
204 2083 428 2126 verborum
460 2085 622 2141 copiam
655 2086 780 2128 unius
811 2086 1040 2128 sententiae
1071 2100 1184 2127 nexu
1215 2084 1444 2142 coagulare
1474 2084 1614 2127 delec-

82 2162 240 2209 tantur,
289 2157 492 2199 sermonis
537 2157 823 2214 perspicuitati
875 2156 1085 2200 efficacius
1125 2156 1366 2199 hauddubie
1413 2155 1614 2213 proderit,

83 2231 154 2285 qui
200 2244 326 2285 parca
376 2229 573 2272 incisione
614 2230 854 2273 universam
903 2230 1134 2273 sententiae
1177 2229 1516 2272 distributionem
1561 2229 1614 2272 ob

83 2301 228 2344 oculos
273 2302 403 2358 ponit,
449 2317 573 2357 quam
615 2304 684 2358 qui
726 2302 889 2346 infinita
919 2303 1142 2360 signorum
1172 2303 1347 2345 advecta
1378 2301 1489 2345 mole
1520 2301 1615 2345 sub·

83 2372 304 2416 divisiones
334 2381 375 2416 et
405 2374 649 2431 partitiones
680 2374 869 2432 singulas
902 2390 1046 2417 omnes
1080 2373 1346 2417 membratim
1377 2373 1556 2416 dissecat
1577 2379 1617 2416 et

87 2447 349 2490 tenuissimas
389 2462 557 2503 quoque
598 2448 825 2490 sententiae
871 2447 1163 2505 portiunculas
1204 2446 1393 2504 apicibus
1433 2447 1518 2489 suis
1558 2447 1619 2488 in-

87 2519 219 2562 cludit
263 2520 496 2562 curvatisve
534 2519 665 2576 cingit
695 2520 825 2562 uncis.
888 2519 1035 2562 Addat
1064 2520 1197 2576 igitur
1228 2519 1278 2560 de
1310 2534 1386 2561 suo
1416 2518 1527 2560 inter
1557 2517 1615 2560 le·

89 2591 290 2649 gendum,
325 2593 393 2634 cui
425 2607 517 2634 mea
546 2606 630 2634 non
662 2591 813 2634 sufficit
849 2593 1045 2648 parcitas.
1096 2591 1358 2644 Praestabat‚
1402 2592 1477 2633 uni
1518 2590 1618 2633 alte·

86 2665 173 2706 rive
213 2680 297 2707 non
345 2664 442 2707 satis
487 2663 682 2721 expedire
723 2679 849 2719 quam
883 2664 1091 2721 plerisque
1122 2663 1324 2721 impedire
1356 2662 1613 2714 libellorum,

85 2752 190 2792 quos
220 2737 342 2790 edidi,
374 2737 607 2781 lectionem.

143 2808 422 2866 Pagellarum
462 2808 620 2851 indices
665 2806 819 2863 ubique
861 2807 1053 2851 locorum
1093 2808 1136 2850 in
1188 2814 1333 2850 nostra
1364 2806 1542 2849 editione
1573 2807 1615 2848 in

87 2880 225 2923 medio
269 2888 388 2924 textu
417 2881 682 2930 exhibentur,
714 2881 1026 2924 accuratissime
1057 2896 1080 2922 e
1113 2879 1399 2923 vetustissimis
1430 2878 1616 2921 editioni-

83 2952 162 2996 bus
209 2953 294 2997 sive
344 2954 556 2998 codicibus
606 2953 828 3010 desumpti.
892 2952 1038 3007 Quum
1089 2953 1221 3011 igitur
1261 2954 1302 2995 in
1350 2950 1505 3001 libello,
1547 2949 1614 2994 cui
