1818 3178
572 104 789 133 ResPoNsro
817 105 912 133 mv.
944 105 1109 133 uosmM.
1533 96 1607 132 409

76 209 199 247 caciae
228 210 386 252 Coenae,
422 212 463 246 ut
499 222 579 246 cam
607 209 654 246 ab
684 207 854 245 Hosiana
881 212 917 245 ct
946 208 1121 245 Alberica
1148 207 1412 258 profanatione
1438 220 1502 257 per
1530 220 1599 243 no-

75 278 189 311 stram
228 273 437 311 doctrinam
475 273 661 311 vindicari
698 277 855 315 constet,
883 272 955 310 nisi
982 272 1083 323 quod
1111 272 1277 310 Alberici
1307 271 1599 310 controversiam

75 338 120 376 de
156 339 302 376 Coenae
337 337 530 375 elementis
565 338 614 375 ad
650 343 771 376 totum
801 338 947 375 Coenae
974 338 1256 375 Sacramentum
1284 336 1430 375 trahere
1457 350 1600 387 semper

75 407 272 446 conantur,
316 407 353 440 et
389 402 486 439 idem
523 415 604 440 esse
640 401 872 439 contendunt
900 402 1046 440 Coenae
1073 403 1362 450 ele-(43)menta
1390 405 1427 440 et
1455 402 1601 439 Coenae

72 469 368 511 Sacramentum,
402 480 474 518 qua
512 468 557 505 dc
592 480 631 505 re
665 467 740 504 iam
776 471 832 505 est
868 466 1008 506 dictum
1035 467 1076 505 in
1102 467 1227 519 quarti
1253 471 1289 506 et
1317 466 1464 519 septimi
1494 466 1599 505 Arti-

71 531 146 570 culi
173 531 428 584 responsione.

660 595 919 634 Articulus
948 598 1008 635 18.

123 725 314 777 nAutiqui
348 726 549 777 scriptores
576 739 654 764 non
683 725 963 765 contendebant
991 726 1035 763 de
1063 726 1328 772 SacramentiS,
1353 748 1403 755 -
1431 739 1497 765 cur
1526 740 1595 766 nos

73 790 218 840 uigitur
246 791 567 829 contendamus?''

690 920 982 971 Responsio.

118 1051 230 1089 Forte
267 1051 430 1088 Alberus
465 1051 505 1087 in
543 1054 708 1087 veterum
744 1049 905 1087 lectione
935 1061 1010 1086 non
1038 1049 1090 1085 ita
1118 1050 1276 1086 multum
1305 1049 1505 1102 laboravit,
1544 1055 1599 1088 at·

69 1130 139 1169 que
172 1117 225 1155 ita
261 1130 306 1154 ex
344 1116 465 1167 seipso
502 1115 597 1153 alios
631 1128 780 1166 quoque
817 1114 981 1159 metitur,
1017 1118 1059 1151 ut
1095 1114 1295 1158 existimet,
1321 1115 1420 1166 quod
1447 1115 1527 1167 ipse
1555 1117 1600 1154 de

70 1182 257 1220 veteribus
294 1181 447 1226 iudicat,
483 1179 567 1217 aliis
604 1192 753 1230 quoque
786 1191 1005 1230 persuasum
1042 1191 1133 1216 esse.
1189 1178 1249 1216 Ita
1286 1179 1458 1217 videlicet
1494 1194 1514 1217 a
1541 1194 1601 1218 me

69 1260 215 1298 quoque
244 1245 369 1284 doceri
396 1245 461 1287 ait,
489 1249 627 1282 veteres
657 1244 701 1281 de
730 1243 981 1281 Sacramentis
1001 1256 1078 1281 non
1098 1243 1348 1291 contendisse,
1369 1257 1452 1282 cum
1470 1245 1509 1282 id
1529 1259 1598 1295 ego

68 1326 252 1363 nusquam
283 1310 453 1357 dixerim,
471 1310 547 1347 imo
568 1322 650 1346 cum
670 1309 887 1346 affirmarem
906 1312 1018 1359 atque
1038 1309 1241 1347 etiamnum
1263 1310 1450 1356 affirmem,
1470 1324 1599 1348 omnes

68 1382 207 1415 veteres
236 1376 435 1414 nobiscum
465 1375 598 1421 facere,
625 1378 702 1411 tam
731 1374 909 1411 adversus
935 1374 1225 1412 immensitatem
1255 1375 1422 1426 corporis
1443 1375 1598 1420 Christi,

66 1454 175 1492 quam
207 1440 420 1490 [adversus]
459 1438 598 1477 nudam
636 1439 738 1475 illam
777 1442 817 1475 ut
847 1443 983 1476 sonant
1010 1451 1054 1476 ac
1083 1439 1289 1490 simplicem
1318 1440 1422 1477 iuxta
1451 1440 1593 1478 literam

66 1506 265 1544 verborum
303 1506 449 1544 Coenae
484 1503 843 1555 interpretationem,
879 1503 918 1541 id
945 1504 1046 1555 quod
1082 1505 1249 1555 ipsorum
1286 1506 1425 1556 alioqui
1461 1518 1595 1543 monu-

66 1576 191 1610 menta
218 1570 454 1622 apertissime
481 1574 680 1608 testantur.
737 1569 808 1606 Sed
838 1569 916 1606 dixi
946 1572 1199 1621 sem-(44)per
1227 1574 1263 1608 et
1292 1571 1386 1618 dico,
1408 1582 1532 1622 ‘neque
1558 1571 1598 1610 in

67 1637 282 1687 Scripturis,
309 1648 428 1686 neque
455 1635 555 1686 apud
582 1634 739 1671 Veteres
768 1633 898 1672 haberi
926 1634 1127 1686 quicquam
1156 1636 1201 1673 de
1229 1639 1469 1674 controversa
1497 1650 1598 1675 nunc

68 1701 208 1739 Christi
243 1700 282 1738 in
319 1713 415 1751 pane
443 1701 594 1737 Coenae
622 1698 890 1743 delitescentia,
917 1699 1054 1736 nedum
1085 1704 1121 1736 ut
1151 1703 1290 1737 veteres
1317 1714 1385 1751 pro
1412 1700 1478 1737 illa
1507 1714 1598 1738 con·

67 1764 257 1803 tenderint
298 1777 477 1815 unquam,
522 1763 668 1801 etiamsi
713 1763 788 1800 vim
835 1776 878 1800 ac
916 1762 1137 1812 dignitatem
1176 1765 1322 1802 Coenae
1359 1765 1599 1817 omniumque

66 1829 158 1866 adeo
196 1829 522 1866 Sacramentorum
559 1827 734 1865 adversus
777 1827 982 1865 haereticos
1011 1827 1100 1865 olim
1129 1827 1415 1877 diligentissime
1441 1833 1477 1867 et
1506 1842 1596 1866 con-

68 1893 297 1931 stantissime
333 1897 632 1945 propugnarunt,
669 1904 711 1929 ac
746 1891 904 1942 proinde
940 1892 1032 1929 mihi
1061 1906 1162 1930 nunc
1188 1892 1301 1931 etiam
1329 1907 1404 1931 non
1432 1894 1597 1944 probari,

68 1958 167 2008 quod
216 1957 306 1995 haec
350 1956 604 1994 controversia
642 1955 687 1992 de
724 1951 892 2006 corporis
931 1956 1073 1993 Christi
1110 1957 1365 1995 delitescentia
1401 1962 1598 2009 tantopere

69 2026 327 2071 exaggeretur,
370 2020 449 2058 sine
486 2033 559 2071 qua
595 2019 750 2070 alioqui,
784 2019 1101 2070 quemadmodum
1143 2021 1240 2071 apud
1276 2021 1429 2059 Veteres
1465 2022 1599 2059 incon·

69 2100 175 2125 cussa
212 2087 416 2138 permansit
452 2086 598 2123 Coenae
636 2085 801 2135 dignitas
838 2088 950 2136 atque
984 2086 1142 2123 efficacia
1178 2086 1314 2130 omnis,
1347 2086 1400 2125 ita
1435 2091 1472 2124 et
1497 2101 1598 2125 nunc

70 2153 272 2190 consistere
307 2150 558 2202 proculdubio
595 2149 821 2200 retinerique
848 2152 983 2200 potest,
1012 2150 1084 2188 nisi
1113 2150 1210 2201 quod
1241 2150 1409 2188 Alberici
1436 2164 1512 2189 non
1541 2152 1597 2188 fa-

68 2218 137 2256 cile
166 2217 210 2255 de
236 2230 279 2255 eo
307 2216 507 2268 quicquam
536 2215 743 2260 remittunt,
772 2214 872 2265 quod
900 2215 974 2252 sibi
1001 2215 1310 2266 propugnandum
1337 2217 1448 2254 semel
1473 2229 1597 2254 susce-

68 2286 214 2334 perunt,
249 2286 284 2319 et
321 2281 464 2318 Hosius
500 2279 694 2329 intelligit,
731 2278 915 2330 siquidem
943 2283 1008 2318 aut
1035 2281 1387 2320 transubstantiatio
1416 2286 1477 2319 aut
1506 2295 1596 2320 con-

69 2345 334 2387 substantiatio
381 2345 500 2388 cadat,
546 2345 615 2382 hac
660 2344 805 2382 Helena
842 2348 977 2396 erepta,
1013 2346 1226 2384 universum
1264 2346 1389 2391 Ilium,
1426 2346 1496 2384 hoc
1531 2351 1600 2392 est,

67 2413 189 2464 Papae
226 2412 282 2449 sui
316 2424 484 2460 regnum,
519 2423 594 2447 una
631 2422 714 2446 cum
749 2409 963 2446 Sacerdotio
999 2414 1035 2448 et
1063 2410 1254 2448 Sacrificio
1282 2411 1400 2462 ipsius
1428 2424 1600 2450 corruere

69 2477 223 2516 omnino
253 2478 338 2525 (45)
375 2479 557 2527 oportere.
612 2474 717 2512 Hinc
743 2473 844 2512 enim
871 2474 1084 2524 lachrymae
1112 2475 1190 2513 eius
1218 2489 1358 2523 omnes,
1387 2476 1524 2527 quibus
1552 2475 1597 2514 de

69 2542 250 2580 crassiore
278 2540 404 2578 nescio
433 2553 506 2590 qua
536 2538 643 2576 cunei
673 2537 730 2576 sui
756 2542 862 2589 parte
889 2538 1020 2577 misere
1047 2540 1268 2590 queritatur.

661 2668 918 2707 Articulus
947 2671 1006 2707 19.

125 2813 143 2831 n
156 2799 395 2835 Sacramenta
424 2797 538 2847 digna
566 2809 643 2834 non
671 2800 772 2843 sunt,
799 2799 839 2834 ut
866 2808 933 2847 pro
962 2795 1015 2834 cis
1044 2796 1354 2836 contendamuS.''
