1818 3178
123 135 193 171 140
470 139 520 165 na
548 133 827 164 sscaAMEN'ris
856 131 1068 159 aconsssma
1096 132 1272 161 CHRISTI.

170 241 323 280 Duobus
366 240 478 289 igitur
523 236 623 273 hisce
658 234 872 273 nominibus
911 233 1017 282 signa
1055 234 1379 271 Saeramentorum
1414 236 1625 271 nostrorum

118 306 341 345 antecellunt
384 301 599 350 longissimo
644 299 839 336 intervallo
889 297 1063 334 omnibus
1099 298 1251 334 omnino
1289 297 1406 346 signis
1445 297 1629 342 humanis,

120 372 156 409 et
200 370 296 420 quod
337 365 549 404 sublimiora
594 363 750 400 infinitis
794 362 916 399 modis
953 362 1093 399 habent
1128 375 1192 399 sua
1230 362 1414 412 mysteria,
1455 361 1492 398 et
1527 361 1628 412 quod

118 435 202 482 (fol.
231 435 312 479 30³)
340 431 457 468 Deum
483 434 648 466 autorem
677 427 849 471 habeant,
877 426 941 476 qui
968 439 1032 477 per
1060 426 1232 476 spiritum
1260 430 1430 464 sanctum
1458 440 1563 464 suum
1589 426 1628 463 id

117 499 235 541 efficit,
268 500 309 532 ut
343 508 416 531 una
452 506 534 530 cum
571 491 687 540 signis
714 491 906 540 signorum
934 502 1083 541 quoque
1115 490 1300 539 mysteriis
1329 504 1412 528 vere
1439 491 1485 528 ad
1513 490 1628 528 vitam

117 564 301 598 aeternam
329 559 507 595 fruamur.
1626 560 1631 564 ’

167 624 295 673 Neque
322 627 443 659 tamen
473 620 533 657 hic
561 620 676 657 ullum
704 618 888 657 eiusmodi
915 617 1073 655 facimus
1101 617 1361 667 mysteriorum
1391 631 1471 655 eum
1501 618 1630 668 signis,

117 688 348 736 signorumve
383 684 572 722 elementis
609 683 891 726 connexionem,
927 686 967 719 ut
1006 681 1221 731 mysterium
1259 694 1342 718 cum
1370 681 1629 734 signoxeiusve

115 750 302 788 elementis
344 749 382 786 in
429 761 494 785 usu
531 752 843 785 sacramentorum
881 746 932 783 ita
969 745 1253 794 coniungamus,
1287 750 1329 783 ut
1359 746 1454 782 illud
1494 747 1551 783 vel
1590 747 1629 784 in

114 816 235 865 signo,
276 815 332 852 vel
366 826 430 864 per
457 812 604 862 signum
629 812 750 862 ipsum
779 810 958 856 exhiberi,
985 810 1103 847 multo
1131 809 1254 847 minus
1282 813 1401 847 autem
1431 810 1530 860 signi
1556 811 1629 848 ele-

114 879 246 917 mentis
281 878 438 921 realiter,
473 881 514 914 ut
541 876 680 920 dicunt,
717 888 759 912 ac
783 875 888 912 iuxta
916 873 1165 911 substantiam
1189 873 1309 924 ipsam
1337 874 1541 912 naturalem
1569 875 1629 912 in·

115 943 213 980 eludi
248 940 502 990 continerique
536 939 712 976 dicamus.
769 938 872 975 Haec
899 938 1000 975 enim
1029 938 1076 975 ab
1105 938 1185 988 ipsa
1215 941 1348 975 natura
1376 937 1543 975 omnium
1570 951 1630 976 sa-

114 1011 394 1051 cramentorum,
429 1010 464 1042 et
499 1018 520 1041 a
549 1004 673 1041 divina
701 1003 792 1041 adeo
820 1002 1057 1040 institutione
1085 1003 1383 1048 sacramentaria,
1410 1002 1569 1054 denique
1595 1006 1631 1041 et

114 1086 133 1110 a
162 1072 246 1109 fidei
281 1070 394 1121 ipsius
422 1069 593 1118 analogia
620 1069 740 1106 aliena
766 1081 856 1114 esse,
882 1072 1010 1118 postea
1037 1067 1287 1105 ostendemus.
1341 1067 1413 1105 Sed
1441 1081 1520 1105 eam
1549 1081 1630 1118 my-

114 1136 215 1173 sterii
249 1148 332 1172 cum
365 1134 470 1183 signo
509 1133 808 1171 coniunctionem
843 1132 1081 1182 agnoscimus
1117 1132 1350 1182 inlegitima
1377 1134 1629 1172 sacramento-

114 1213 195 1237 rum
222 1198 554 1241 administratione,
588 1210 658 1248 qua
687 1198 741 1241 fit,
769 1201 809 1234 ut
836 1196 925 1233 dum
953 1196 1102 1245 signum
1131 1197 1351 1234 sacramenti
1378 1197 1543 1246 legitime
1570 1211 1629 1236 ee·

113 1265 312 1307 lebramus,
356 1263 464 1300 simul
497 1275 643 1313 quoque
677 1265 713 1299 et
747 1261 829 1312 ipso
867 1261 966 1310 signi
1000 1261 1175 1311 mysterio
1212 1261 1259 1298 ad
1295 1261 1408 1298 vitam
1443 1267 1630 1300 aeternam

113 1342 196 1366 vere
223 1328 404 1373 fruamur3
432 1327 472 1364 id
499 1339 583 1364 vero
612 1339 688 1363 nou
715 1339 779 1376 per
805 1325 967 1363 ministri
995 1338 1088 1376 opus
1117 1325 1234 1363 ullum
1252 1330 1515 1377 externamque
1530 1327 1630 1365 illius

113 1393 307 1437 actionem,
334 1392 448 1429 multo
477 1390 598 1428 minus
626 1395 747 1427 autem
775 1402 840 1440 per
866 1390 1002 1427 realem
1030 1389 1145 1427 ullum
1172 1390 1339 1439 mysterii
1366 1389 1404 1427 in
1429 1390 1528 1440 signi
1555 1391 1629 1428 ele-

114 1457 246 1494 mentis
281 1456 538 1500 inclusionem,
574 1455 637 1492 sed
673 1467 738 1505 per
776 1453 844 1492 Dei
871 1453 1000 1505 ipsius,
1028 1466 1160 1504 nempe
1187 1453 1338 1504 spiritus
1367 1454 1498 1500 sancti,
1525 1468 1630 1505 opus,

113 1520 187 1570 qui,
221 1525 262 1557 ut
287 1519 391 1557 testis
418 1532 460 1556 ac
488 1519 571 1567 (fol.
601 1520 686 1566 301³)
713 1517 945 1567 glorificator
973 1522 1171 1568 perpetuus
1200 1516 1341 1555 Christi
1367 1516 1535 1563 Domini,
1561 1519 1628 1556 ad-

112 1590 167 1622 est
203 1597 343 1635 semper
383 1585 420 1621 in
454 1584 620 1633 legitimo
658 1587 785 1620 nostro
822 1582 1029 1620 ministerio
1064 1581 1181 1632 ipsius
1208 1581 1451 1627 institutioni,
1477 1586 1513 1620 et
1540 1583 1631 1620 facit

113 1648 237 1685 divina
273 1648 406 1685 virtute
441 1661 519 1691 sua,
554 1651 605 1692 ut,
641 1646 729 1684 dum
763 1647 802 1683 in
831 1646 929 1694 signi
957 1645 1234 1683 sacramentalis
1260 1659 1330 1683 usu
1357 1645 1521 1695 legitime
1548 1659 1630 1684 ver-

115 1725 248 1757 samur,
283 1713 380 1761 signi
413 1725 558 1763 quoque
592 1711 783 1762 mysterio,
817 1710 982 1748 accensis
1023 1710 1095 1747 fide
1121 1710 1256 1748 animis
1284 1710 1437 1756 nostris,
1472 1723 1555 1748 vere
1582 1711 1629 1748 ad

114 1777 225 1814 vitam
262 1781 446 1815 aeternam
474 1789 614 1827 semper
641 1777 828 1823 frnamur3
856 1776 893 1813 id
921 1776 1020 1826 quod
1048 1775 1087 1813 in
1114 1775 1195 1826 ipsa
1222 1775 1389 1825 mysterii
1417 1788 1628 1814 sacramen-

114 1849 235 1880 torum
261 1842 504 1893 explicatione
533 1841 666 1879 clarius
693 1849 909 1892 exponetur.
1250 1874 1264 1878 -

165 1908 300 1952 Quare,
327 1906 395 1944 etsi
421 1907 554 1944 realem
582 1906 682 1944 illam
711 1919 754 1943 ac
782 1905 1077 1950 substantialem,
1103 1909 1145 1943 ut
1172 1910 1320 1948 vocant,
1346 1905 1514 1955 mysterii
1543 1918 1627 1942 cum

113 1971 219 2019 signo
255 1970 377 2008 eiusve
413 1970 600 2007 elementis
637 1969 906 2007 connexionem
940 1969 1236 2007 inclusionemve
1275 1982 1353 2007 non
1389 1969 1627 2019 agnoscimus

114 2036 278 2080 omnino,
311 2035 475 2085 adeoque
510 2042 545 2072 et
580 2035 737 2072 alienam
774 2035 883 2085 plane
909 2034 956 2072 ab
984 2035 1064 2085 ipsa
1093 2038 1225 2072 natura
1252 2038 1365 2085 atque
1391 2034 1629 2072 institutione

115 2101 434 2137 Sacramentorum
468 2112 547 2136 esse
582 2111 657 2135 non
687 2098 912 2143 dubitamus,
946 2120 998 2127 -—-
1032 2112 1108 2137 non
1143 2103 1269 2137 tamen
1304 2098 1387 2137 ideo
1425 2098 1628 2150 quidquam

114 2163 264 2200 omnino
293 2163 517 2200 detrahimus
545 2162 719 2211 dignitati
746 2167 781 2200 et
809 2162 937 2201 virtuti
967 2165 1306 2207 Saeramentorum,
1326 2163 1426 2209 dum,
1446 2163 1545 2214 quod
1564 2164 1629 2202 alii

114 2227 170 2264 vel
196 2228 234 2264 in
261 2227 421 2264 ministri
448 2240 567 2277 opere,
595 2227 650 2264 vel
678 2227 717 2264 in
744 2228 1010 2265 elementorum
1039 2228 1272 2266 connexione
1299 2231 1460 2266 statuere
1487 2241 1628 2266 conan-

115 2295 185 2332 tur,
219 2303 287 2327 nos
319 2291 356 2328 in
387 2290 454 2328 Dei
480 2290 595 2341 ipsius
623 2291 733 2328 nobis
760 2291 967 2329 assistentis
996 2305 1105 2343 opere
1130 2296 1167 2330 et
1194 2292 1329 2330 virtute
1356 2292 1520 2342 positum
1547 2305 1626 2330 esse

114 2355 299 2392 docemus.

165 2421 287 2468 Atque
324 2418 367 2456 de
404 2418 518 2467 signis
555 2424 868 2458 sacramentorum
896 2420 1044 2472 copiose
1072 2420 1161 2459 satis
1189 2420 1406 2459 disseruisse
1434 2420 1544 2458 nobis
1571 2420 1626 2457 vi-

115 2483 253 2527 demur,
289 2482 341 2520 sic
375 2487 416 2519 ut
452 2487 617 2521 nostram
651 2485 719 2521 hac
744 2485 783 2521 in
812 2489 915 2535 parte
943 2486 1165 2523 sententiam
1193 2486 1302 2523 facile
1328 2485 1490 2534 intelligi
1516 2498 1626 2536 posse

114 2560 189 2585 non
218 2546 440 2584 dubitemus.

164 2611 292 2648 Restat
318 2611 403 2648 iam.
430 2615 470 2647 ut
498 2611 541 2647 de
568 2613 680 2649 altera
708 2614 938 2651 Sam-amenti
961 2619 1076 2665 parte,
1095 2628 1226 2666 nempe
1247 2615 1291 2653 de
1310 2614 1499 2665 mysterio,
1514 2614 1625 2652 etiam

113 2673 290 2711 dicamus.
328 2672 536 2719 Voca-(fol.
566 2676 730 2720 31³)mus
758 2681 878 2713 autern
905 2677 1120 2726 mysterium
1147 2678 1186 2715 id
1213 2678 1349 2729 ipsum,
1375 2677 1476 2728 quod
1506 2677 1625 2726 signis

112 2738 326 2786 designatur
352 2737 391 2774 in
420 2750 485 2774 usu
515 2738 846 2778 Sacramentorum.
886 2742 960 2778 Alii
990 2742 1175 2790 signatum
1205 2746 1352 2787 vocant,
1379 2742 1442 2780 alii
1470 2755 1543 2779 rem
1575 2741 1624 2779 si-

111 2801 361 2850 gnificabilem
387 2805 450 2838 aut
478 2800 739 2849 significatam3
768 2816 848 2849 nos,
875 2805 905 2841 si
927 2805 970 2842 de
996 2819 1035 2843 re
1054 2810 1210 2852 constet,
1229 2806 1273 2844 de
1290 2807 1484 2844 nominum
1506 2806 1624 2843 varie-

112 2868 186 2904 tate
213 2864 314 2903 anxii
342 2877 420 2904 esse
447 2864 632 2910 nolumus,
659 2865 768 2917 idque
795 2867 904 2905 nobis
932 2869 1022 2907 satis
1049 2869 1130 2916 erit,
1155 2874 1197 2909 ut
1224 2871 1376 2910 alteram
1397 2869 1627 2909 sacramenti
