1818 3178
549 127 691 153 suMMA
719 125 865 153 coN'rR.
897 125 947 151 nn
976 124 1120 152 cossNA.
1525 115 1596 150 4751

74 229 214 267 Christi
252 229 372 266 delata
401 229 510 266 nobis
540 228 815 274 communione,
841 232 882 266 ut
909 227 1126 265 unanimem
1155 226 1349 263 doctrinae
1378 236 1602 261 consensum

73 293 112 331 in
148 293 327 330 Ecclesiis
361 293 617 344 retineremus,
654 293 702 330 ab
738 294 1006 330 elementorum
1044 305 1130 330 vero
1166 291 1207 329 in
1243 290 1484 329 sacramentis
1513 302 1605 327 con-

72 358 255 396 troversia
290 358 401 396 nobis
436 362 655 409 temperare,
683 372 729 396 ne
757 358 902 396 camino
940 358 1076 402 oleum,
1104 357 1203 407 qnod
1231 356 1380 402 dicitur,
1408 355 1605 393 addamus.

76 421 293 460 Meminisse
329 421 508 459 debemus
546 435 693 460 omnem
732 428 897 460 nostram
935 422 973 460 in
1010 422 1220 459 ministerio
1257 424 1492 472 potestatem,
1527 432 1605 457 non

75 487 122 524 ad
161 486 329 528 dissidia,
358 488 476 524 multo
504 487 629 525 minus
659 491 782 525 autem
810 487 856 524 ad
886 487 1181 538 dissipationem,
1209 486 1272 524 sed
1300 486 1345 523 ad
1376 485 1606 523 aedificatio-

75 564 160 588 nem
188 551 442 588 Ecclesiarum
471 551 596 589 datam
623 565 715 590 esse.
745 551 886 589 Omnes
912 551 1038 602 itaque
1057 551 1167 588 nobis
1187 551 1403 588 occasiones
1423 563 1605 600 quaeren—

76 615 143 652 dae
170 620 268 662 sunt,
298 629 374 653 non
402 616 652 653 exacerbandi
682 630 770 653 sanc
797 630 854 653 res
882 616 966 666 plus
995 616 1085 653 satis
1113 615 1254 665 alioqui
1281 615 1525 660 exulceratas,
1541 613 1605 651 sed

74 680 272 728 mitigandi
309 693 351 718 ac
384 681 548 718 leniendi
585 681 710 718 omnia
748 693 991 730 quaecunque
1030 680 1121 716 citra
1150 679 1279 717 salutis
1308 680 1489 717 iacturam
1516 678 1607 716 ferri

74 751 243 795 possunt.
298 746 429 782 Sicubi
467 747 527 783 hic
564 760 584 783 a
621 745 855 796 quibuslibet
892 750 1056 782 erratum
1093 750 1160 789 est,
1189 745 1373 782 humanus
1402 757 1504 781 error
1538 749 1607 782 cst.

77 810 226 847 Certum
264 814 320 848 est
356 812 456 848 enim
493 811 677 848 Doctores
713 811 806 848 istos
835 823 978 851 omnes.
1006 810 1070 860 qui
1097 809 1150 847 ita
1178 810 1276 847 inter
1306 823 1343 846 se
1371 809 1530 854 variant,
1555 808 1608 846 ita

75 875 225 919 affectos
267 888 358 919 esse,
393 879 435 912 ut
471 875 502 911 si
537 876 734 912 manifesta
772 874 876 912 verbi
913 874 1032 912 divini
1067 874 1267 911 autoritate
1302 873 1439 911 erroris
1477 886 1517 923 se
1551 873 1607 910 sui

77 940 251 977 convinci
287 940 365 977 ullo
393 940 505 977 modo
536 940 710 986 sentiant,
739 952 826 977 mox
857 940 932 977 sint
961 953 1103 977 summa
1140 939 1250 976 etiam
1289 952 1372 976 cum
1410 939 1602 976 alacritate

78 1004 301 1042 sententiam
330 1018 435 1041 suam
468 1005 662 1042 mutaturi.
717 1005 819 1041 Nota
848 1009 901 1041 est
930 1003 1104 1040 omnibus
1135 1004 1284 1041 illorum
1313 1004 1443 1053 pietas,
1477 1007 1607 1040 notum

77 1073 133 1106 est
169 1073 204 1106 et
240 1068 277 1105 in
316 1071 559 1119 propagando
598 1069 737 1106 Christi
775 1068 985 1117 Euangelio
1024 1068 1201 1122 studium.
1257 1068 1406 1105 Quodsi
1435 1068 1533 1105 Deus
1561 1068 1609 1105 ad

80 1133 340 1171 declarandam
377 1136 505 1182 (123³)
539 1134 767 1171 luculentius
805 1133 1054 1170 archanorum
1092 1146 1244 1170 suorum
1283 1133 1474 1170 veritatem
1522 1146 1609 1184 pro·

80 1197 314 1248 dendamque
340 1198 459 1235 indies
488 1198 607 1247 inagis
635 1211 678 1234 ac
705 1198 825 1247 magis
847 1196 1054 1248 Papisticae
1075 1197 1309 1234 idololatriae
1329 1197 1612 1248 turpitudinem,

78 1263 284 1300 Ecclesiam
321 1263 444 1300 adhuc
480 1276 582 1300 suam
620 1262 831 1300 istiusmodi
859 1262 1080 1313 opinionum
1109 1262 1286 1299 varietate
1315 1263 1478 1299 exerceri
1507 1262 1610 1308 velit,

81 1333 250 1365 nostrum
289 1333 355 1373 est,
392 1333 431 1365 ut
468 1341 536 1365 nos
573 1333 701 1365 mutuo
740 1328 922 1378 simulque
958 1332 994 1365 et
1031 1333 1150 1364 errata
1186 1332 1315 1364 nostra
1350 1328 1543 1364 internos
1571 1327 1610 1364 in

78 1393 231 1429 lenitate
267 1405 310 1429 ac
346 1393 633 1430 mansuetudine
662 1392 876 1430 Christiana
904 1393 1080 1430 feramus.
1133 1391 1184 1429 Et
1212 1391 1402 1429 Ecclesiae
1430 1392 1611 1429 henadem

80 1461 230 1507 propter
267 1457 428 1494 humana
466 1460 586 1494 errata
623 1461 750 1494 nostra
787 1470 832 1494 ne
861 1456 1088 1501 scindamus,
1117 1456 1163 1493 ad
1192 1469 1303 1507 quain
1332 1455 1471 1506 alioqui
1500 1456 1611 1494 dissi-

80 1521 240 1572 pandam
268 1534 396 1558 omnes
426 1534 512 1559 suos
542 1525 697 1559 conatus
728 1522 930 1559 Sathanam
959 1521 1132 1572 expedire
1159 1521 1340 1559 videmus.

134 1584 277 1629 Habes,
304 1585 436 1622 Frater
466 1585 703 1623 charissime!
734 1599 914 1623 summam
942 1590 978 1623 et
1005 1590 1154 1623 nostrae
1184 1585 1386 1631 doctrinae,
1412 1599 1521 1635 quam
1542 1599 1612 1636 pu-

82 1651 176 1687 blice
204 1650 265 1687 hic
291 1650 474 1687 tradimus
503 1655 538 1688 et
566 1652 682 1688 totius
712 1650 983 1701 propemodum
1013 1650 1287 1687 controversiae
1316 1649 1360 1687 de
1389 1650 1513 1686 Coena
1532 1649 1613 1686 Do-

84 1715 176 1752 mini
203 1719 355 1766 tctaque
383 1715 474 1753 adeo
506 1716 793 1753 sacramentaria
823 1729 945 1761 causa,
974 1720 1112 1766 quanto
1141 1715 1221 1752 fieri
1249 1716 1370 1766 potuit
1390 1714 1613 1765 compendio

85 1778 400 1828 comprehensam.
456 1778 653 1815 Precemur
690 1778 905 1824 Dominum,
943 1782 995 1824 ut,
1032 1779 1095 1829 qui
1132 1777 1233 1828 pacis
1269 1782 1305 1816 et
1343 1777 1508 1823 unionis,
1536 1791 1613 1815 non

84 1847 207 1880 autem
245 1836 486 1880 dissidiorum
524 1843 625 1881 Deus
654 1848 721 1889 est,
749 1844 872 1881 omnia
901 1844 1012 1881 etiam
1042 1843 1233 1881 doctrinae
1261 1847 1373 1893 atque
1401 1843 1613 1880 animorum

85 1908 239 1945 dissidia
283 1908 433 1945 tandem
480 1908 520 1945 in
558 1922 623 1945 sua
657 1909 826 1946 Ecclesia
865 1912 1078 1959 componat,
1114 1909 1161 1946 ad
1198 1908 1346 1946 laudem
1383 1912 1417 1946 et
1453 1908 1612 1957 gloriam

86 1971 206 2009 sancti
234 1972 291 2010 sui
320 1973 483 2009 nominis
512 1976 547 2010 et
576 1972 765 2010 Ecclesiae
795 1986 882 2010 suae
908 1973 1219 2023 pacificationem.
1250 1977 1383 2010 Amen.

414 2038 578 2074 Aenidae
608 2037 829 2076 Frisiorum.
859 2037 990 2074 Mense
1020 2037 1142 2087 Aprili
1172 2039 1282 2075 1545.

696 2319 838 2362 Τέλος.
866 2317 959 2363 (123
989 2317 1024 2364 l¹)
