1818 3178
458 124 510 149 DF,
540 122 823 150 SACRAMENTIS
854 121 1068 148 nocturum
1097 119 1276 147 CHRISTI.
1559 108 1629 144 181

98 225 184 263 finis
219 226 331 263 etiam
365 225 440 271 ille,
476 237 586 275 quem
620 224 860 275 praecipuum
897 224 938 261 in
972 223 1147 261 omnibus
1183 219 1432 259 Sacramentis
1460 218 1627 265 fecimus,

100 289 453 328 commonstrandus
480 289 549 327 erit
576 289 660 337 (fol.
691 291 774 336 7922)
801 289 841 326 in
870 301 983 326 coena
1010 288 1099 337 agni
1125 286 1328 324 Paschalis.

147 351 204 390 De
238 353 313 389 fine
347 364 458 402 porro
496 351 688 389 Paschatis
725 351 922 388 manifeste
959 351 1134 387 docemur
1170 350 1208 387 in
1237 349 1318 399 ipsa
1343 347 1537 386 Pas-chatis
1565 347 1624 384 in-

95 415 304 461 stitutione,
339 415 426 452 dum
462 428 527 466 per
564 428 604 452 os
644 415 762 453 Mosis
801 414 985 452 Dominus
1022 414 1092 452 ait:
1122 413 1172 451 Et
1208 413 1277 451 erit
1311 412 1381 450 tibi
1407 412 1446 449 in
1474 411 1622 461 signum

95 494 203 532 super
236 493 389 517 manum
424 484 528 517 tuam
564 484 600 518 et
636 480 676 517 in
711 483 996 517 monumentum
1023 479 1120 516 inter
1147 479 1276 515 oculos
1303 482 1388 515 tuos
1416 482 1499 523 etc,
1525 489 1620 527 quo-

95 545 197 583 niam
222 545 261 582 in
290 557 404 582 manu
432 545 553 583 valida
573 545 701 583 eduxit
718 549 756 583 te
776 544 960 582 Dominus
983 557 1028 581 ex
1050 545 1221 594 Aegypto
1241 545 1282 590 ¹).
1312 542 1501 579 Nimirum
1521 542 1621 579 hisce

93 609 216 646 verbis
252 612 410 647 testatur
445 609 558 655 Deus,
592 610 676 648 ideo
715 622 752 647 se
790 609 933 646 Pascha
968 609 1008 645 in
1034 608 1172 658 populo
1198 612 1280 645 tum
1307 620 1372 645 suo
1401 606 1621 651 instituisse,

91 678 132 712 ut
169 678 264 712 esset
300 674 589 724 obsignaculum
624 673 856 712 admirabilis
894 672 950 710 sui
985 672 1087 709 illius
1123 671 1305 716 beneficii,
1340 670 1440 721 quod
1467 673 1619 721 propter

93 742 221 775 notam
257 738 453 787 sanguinis
487 739 574 787 agni
610 737 723 784 illius,
751 751 861 788 quem
887 738 962 774 ritu
991 749 1057 774 suo
1086 750 1106 774 a
1135 736 1214 774 Deo
1241 737 1416 774 instituto
1445 736 1621 780 edissent,

92 803 222 852 (atque
258 802 326 839 tali
352 802 454 840 illius
481 815 544 840 esu
573 815 679 839 suam
706 814 789 839 cum
815 801 897 852 ipso
927 800 1227 838 communionem
1255 800 1454 838 contestati
1481 802 1622 848 essent)

94 867 279 906 Dominus
313 869 398 905 illos
435 871 615 906 servasset
652 870 891 916 servatosque
928 867 978 903 ita
1015 866 1163 903 demum
1190 866 1301 903 etiam
1327 865 1548 902 mirabiliter
1575 877 1620 902 ex

98 934 272 983 Aegypto
300 932 567 978 eduxisset,—
583 935 697 982 utque
723 931 819 968 tanti
847 930 956 968 huius
975 930 1145 967 beneficii
1166 930 1515 967 commemoratione
1538 930 1620 966 ani-

92 1008 172 1033 mos
217 1009 304 1033 suos
339 996 596 1042 obfirmarent,
631 995 788 1032 eundem
826 995 947 1046 ipsum
992 994 1113 1032 Deum
1150 994 1321 1045 deinceps
1359 1007 1507 1045 quoque
1542 996 1621 1031 fore

91 1059 339 1110 proculdubio
369 1060 536 1110 ipsorum
565 1059 696 1105 Deum,
722 1059 905 1110 tantisper
935 1058 1022 1096 dum
1050 1058 1162 1095 ritum
1183 1058 1284 1095 hunc
1303 1059 1494 1096 Paschatis
1516 1059 1621 1096 iuxta

91 1124 209 1174 ipsius
236 1123 515 1160 iustitutionem
544 1124 787 1160 observarent
814 1122 860 1159 ad
890 1121 1171 1159 contestandam
1199 1135 1303 1159 suam
1331 1134 1414 1158 cum
1443 1135 1528 1159 vero
1556 1122 1621 1159 illo

94 1188 162 1226 Dei
189 1200 288 1238 agno
320 1187 621 1225 communionem
650 1188 690 1224 in
721 1200 875 1237 corpore
903 1191 938 1224 et
967 1187 1148 1235 sanguine
1176 1187 1305 1237 ipsius.

143 1252 202 1290 Ita
240 1251 419 1296 videmus,
455 1251 614 1289 eundem
650 1264 728 1289 esse
756 1251 909 1288 omnino
937 1251 1049 1288 finem
1077 1251 1281 1296 Paschatis,
1308 1251 1373 1301 qui
1399 1255 1433 1288 et
1463 1251 1619 1289 circum-

91 1315 243 1352 cisionis
279 1315 412 1360 fuerat,
457 1328 588 1366 nempe
621 1315 923 1364 obsignationem
962 1314 1094 1352 veteris
1130 1314 1347 1363 Eccle-(fol.
1378 1316 1540 1364 79¹»)siae
1580 1317 1619 1354 in

90 1379 352 1416 communione
381 1379 456 1416 veri
483 1379 585 1416 illius
612 1380 702 1427 agni
730 1379 812 1423 Dei,
839 1393 948 1430 quem
977 1379 1045 1416 sub
1072 1383 1162 1430 typo
1191 1379 1359 1425 edebant
1385 1385 1419 1417 et
1439 1381 1620 1429 sanguine

86 1444 203 1495 ipsius
241 1444 349 1482 aedes
388 1458 472 1482 suas
510 1445 706 1490 notabant,
742 1443 895 1490 Christi,
928 1444 1096 1495 inquam,
1132 1443 1286 1481 Domini
1321 1445 1360 1482 in
1398 1457 1551 1495 corpore
1587 1451 1622 1482 et

89 1509 271 1558 sanguine
301 1508 430 1559 ipsius.

139 1573 319 1611 Videmus
346 1574 435 1611 item
463 1574 612 1611 fructus
644 1586 708 1611 seu
734 1573 898 1611 membra
928 1574 1013 1611 finis
1040 1573 1148 1612 istius
1177 1573 1287 1611 nobis
1308 1586 1384 1611 non
1404 1574 1559 1611 obscure
1578 1574 1618 1611 in

86 1638 167 1688 ipsa
195 1638 307 1675 etiam
336 1638 529 1675 Paschatis
558 1637 797 1675 institutione
827 1638 1092 1676 commendari.
1131 1638 1224 1675 Cum
1253 1638 1352 1675 enim
1380 1638 1498 1676 divini
1517 1638 1617 1675 illius

88 1702 260 1740 beneficii
289 1703 593 1740 commemoratio
624 1702 668 1740 de
697 1703 831 1740 educto
851 1703 989 1754 populo
1011 1703 1080 1740 Dei
1099 1717 1142 1741 ex
1166 1705 1333 1754 Aegypto
1353 1704 1391 1740 in
1408 1703 1478 1740 hoe
1499 1704 1615 1754 potis-

87 1767 223 1804 simum
265 1771 361 1805 esset
398 1768 587 1814 instituta,
622 1772 664 1805 ut
703 1772 863 1806 veterem
900 1768 1105 1806 Ecclesiam
1144 1773 1283 1807 certam
1320 1770 1467 1813 faceret,
1498 1769 1616 1807 Deum

87 1833 166 1869 fore
203 1845 343 1882 semper
379 1832 481 1869 illius
518 1832 651 1878 Deum,
688 1833 797 1870 simul
835 1846 982 1884 quoque
1018 1833 1057 1870 id
1086 1833 1413 1884 complectebatur,
1440 1840 1481 1871 ut
1510 1838 1614 1872 vetus

90 1895 270 1939 Ecclesia,
298 1896 506 1933 obfirmatis
534 1897 608 1934 fide
635 1897 769 1934 animis
798 1897 874 1934 suis
904 1897 948 1934 de
975 1897 1044 1935 Dei
1072 1911 1159 1946 erga
1188 1911 1225 1935 se
1246 1898 1516 1943 benevolentia,
1533 1911 1612 1935 oni-

88 1974 172 1997 nem
214 1974 317 1997 suain
355 1973 455 2011 spem
492 1961 531 1998 in
567 1961 674 1998 illum
712 1962 923 2007 conficeret,
958 1963 1071 2013 inque
1099 1966 1196 2000 certa
1224 1962 1502 2000 benevolentiae
1529 1976 1615 2011 erga

88 2038 131 2062 se·
154 2024 301 2061 divinae
327 2025 413 2069 fide,
441 2025 700 2075 tranquilitata
728 2026 802 2062 iam
830 2039 981 2076 prorsus
1010 2040 1075 2065 sua
1105 2026 1343 2072 conscientia,
1373 2028 1612 2077 conquiesce-

90 2095 146 2128 ret
175 2091 341 2128 omnino.

140 2156 282 2193 Rursus
321 2155 408 2192 dum
453 2155 632 2193 accinctis
678 2155 814 2193 lumbis
854 2170 936 2193 cum
972 2157 1213 2194 festinatione
1246 2161 1282 2195 et
1319 2157 1443 2194 herbis
1480 2158 1614 2195 amaris

87 2220 323 2270 panibusque
358 2219 496 2269 azymis
532 2219 675 2256 Pascha
711 2220 818 2258 edere
861 2221 1049 2266 iubentur,
1096 2221 1140 2258 de
1175 2221 1310 2258 mentis
1345 2229 1382 2258 et
1418 2220 1614 2258 affectuum

88 2297 240 2321 suorum
284 2284 527 2320 innovatione
572 2296 700 2321 omnes
747 2284 1086 2322 commonefiebant
1119 2285 1158 2322 in
1200 2288 1319 2322 vetere
1356 2285 1534 2329 Ecclesia,
1573 2299 1617 2322 ne

87 2349 340 2399 Aegyptiacae
385 2348 556 2385 videlicet
601 2348 808 2393 illecebrae,
852 2349 988 2400 quibus
1021 2349 1095 2386 iam
1130 2354 1380 2393 assueverant,
1416 2350 1498 2397 (fol.
1529 2352 1613 2398 8021)

87 2413 259 2464 deinceps
297 2414 382 2449 illos
417 2426 435 2450 a
473 2417 643 2462 suscepto
673 2413 782 2450 semel
810 2413 849 2450 in
877 2419 1013 2451 terram
1040 2413 1261 2464 promissam
1289 2413 1420 2451 itincre
1449 2427 1612 2451 remora-

86 2475 229 2523 rentur,
273 2477 348 2520 sed,
385 2477 530 2514 reiectis
569 2477 637 2513 iam
678 2477 819 2514 deliciis
855 2478 1112 2529 illecebrisque
1150 2478 1388 2529 Aegyptiacis
1425 2479 1612 2523 omnibus,

87 2542 223 2592 pravis,
259 2543 424 2592 inquam,
465 2541 736 2592 mundanisque
772 2542 974 2588 affectibus,
1010 2543 1056 2580 ad
1094 2542 1313 2593 promissam
1353 2542 1425 2580 sibi
1452 2543 1608 2593 patriam

88 2618 230 2643 summa
260 2606 501 2644 contentione
531 2606 785 2643 festinandum
813 2620 891 2644 esse
919 2607 1138 2656 cogitarent.

108 2689 111 2691 ·
139 2669 220 2706 Iam
247 2670 362 2718 igitur
390 2671 428 2707 in
458 2674 613 2720 utroque
643 2671 772 2707 veteris
798 2670 987 2709 Ecclesiae
1016 2673 1269 2717 Sacramento,
1293 2684 1422 2721 nempe
1443 2670 1615 2709 Circum·

88 2733 226 2771 cisione
259 2738 295 2770 et
330 2734 522 2779 Pascltate,
559 2747 685 2771 omues
724 2734 956 2773 diffinitionis
994 2740 1141 2773 nostrae
1178 2741 1311 2787 parles,
1349 2749 1437 2786 quas
1479 2735 1610 2771 Sacra-

131 2874 155 2911 ¹)
181 2873 276 2905 Exod.
305 2875 351 2905 15²„
