<?xml version="1.0" encoding="UTF-8"?>
<!DOCTYPE html PUBLIC "-//W3C//DTD XHTML 1.0 Transitional//EN"
    "http://www.w3.org/TR/xhtml1/DTD/xhtml1-transitional.dtd">
<html xmlns="http://www.w3.org/1999/xhtml" xml:lang="en" lang="en">
 <head>
  <title>
</title>
<meta http-equiv="Content-Type" content="text/html;charset=utf-8" />
  <meta name='ocr-system' content='tesseract 3.04.00' />
  <meta name='ocr-capabilities' content='ocr_page ocr_carea ocr_par ocr_line ocrx_word'/>
</head>
<body>
  <div class='ocr_page' id='page_1' title='image "./operatameditaqua01lask_0470.png"; bbox 0 0 1818 3178; ppageno 0'>
   <div class='ocr_carea' id='block_1_1' title="bbox 181 138 251 173">
    <p class='ocr_par' dir='ltr' id='par_1_1' title="bbox 181 138 251 173">
     <span class='ocr_line' id='line_1_1' title="bbox 181 138 251 173; baseline -0.014 0"><span class='ocrx_word' id='word_1_1' title='bbox 181 138 251 173; x_wconf 79' lang='lat'>338</span> 
     </span>
    </p>
   </div>
   <div class='ocr_carea' id='block_1_2' title="bbox 163 242 1709 2931">
    <p class='ocr_par' dir='ltr' id='par_1_2' title="bbox 163 242 1709 2931">
     <span class='ocr_line' id='line_1_2' title="bbox 184 242 1704 296; baseline 0.001 -14"><span class='ocrx_word' id='word_1_2' title='bbox 184 245 259 282; x_wconf 88' lang='lat' dir='ltr'>suis</span> <span class='ocrx_word' id='word_1_3' title='bbox 294 244 428 281; x_wconf 85' lang='lat' dir='ltr'>liberat</span> <span class='ocrx_word' id='word_1_4' title='bbox 465 245 499 279; x_wconf 91' lang='lat' dir='ltr'>et</span> <span class='ocrx_word' id='word_1_5' title='bbox 535 254 571 278; x_wconf 91' lang='lat' dir='ltr'>se</span> <span class='ocrx_word' id='word_1_6' title='bbox 606 242 662 278; x_wconf 91' lang='lat' dir='ltr'>illi</span> <span class='ocrx_word' id='word_1_7' title='bbox 697 242 912 291; x_wconf 79' lang='lat' dir='ltr'><strong>imprudens</strong></span> <span class='ocrx_word' id='word_1_8' title='bbox 948 242 1117 280; x_wconf 88' lang='lat' dir='ltr'>involvit.</span> <span class='ocrx_word' id='word_1_9' title='bbox 1171 244 1211 281; x_wconf 84' lang='lat' dir='ltr'>Si</span> <span class='ocrx_word' id='word_1_10' title='bbox 1247 245 1345 282; x_wconf 90' lang='lat' dir='ltr'>enim</span> <span class='ocrx_word' id='word_1_11' title='bbox 1382 258 1456 282; x_wconf 91' lang='lat' dir='ltr'>non</span> <span class='ocrx_word' id='word_1_12' title='bbox 1487 245 1576 289; x_wconf 87' lang='lat' dir='ltr'>dixi,</span> <span class='ocrx_word' id='word_1_13' title='bbox 1603 246 1704 296; x_wconf 89' lang='lat' dir='ltr'>quod</span> 
     </span>
     <span class='ocr_line' id='line_1_3' title="bbox 185 305 1705 360; baseline 0.001 -15"><span class='ocrx_word' id='word_1_14' title='bbox 185 309 277 345; x_wconf 91' lang='lat' dir='ltr'>mihi</span> <span class='ocrx_word' id='word_1_15' title='bbox 311 306 499 357; x_wconf 77' lang='lat' dir='ltr'>impingit,</span> <span class='ocrx_word' id='word_1_16' title='bbox 536 305 850 355; x_wconf 79' lang='lat' dir='ltr'>quemadmodum</span> <span class='ocrx_word' id='word_1_17' title='bbox 878 306 1032 355; x_wconf 75' lang='lat' dir='ltr'>ipsemet</span> <span class='ocrx_word' id='word_1_18' title='bbox 1060 306 1209 354; x_wconf 88' lang='lat' dir='ltr'>fatetur,</span> <span class='ocrx_word' id='word_1_19' title='bbox 1243 309 1477 360; x_wconf 88' lang='lat' dir='ltr'>perspicuum</span> <span class='ocrx_word' id='word_1_20' title='bbox 1505 313 1573 355; x_wconf 87' lang='lat' dir='ltr'>est,</span> <span class='ocrx_word' id='word_1_21' title='bbox 1599 309 1705 347; x_wconf 89' lang='lat' dir='ltr'>illum</span> 
     </span>
     <span class='ocr_line' id='line_1_4' title="bbox 182 370 1704 424; baseline 0.002 -15"><span class='ocrx_word' id='word_1_22' title='bbox 182 371 501 422; x_wconf 87' lang='lat' dir='ltr'>impudentissime</span> <span class='ocrx_word' id='word_1_23' title='bbox 535 370 698 415; x_wconf 85' lang='lat' dir='ltr'>mentiri,</span> <span class='ocrx_word' id='word_1_24' title='bbox 736 370 823 407; x_wconf 88' lang='lat' dir='ltr'>dum</span> <span class='ocrx_word' id='word_1_25' title='bbox 858 370 951 407; x_wconf 89' lang='lat' dir='ltr'>mihi</span> <span class='ocrx_word' id='word_1_26' title='bbox 986 370 1173 420; x_wconf 78' lang='lat' dir='ltr'>impingit,</span> <span class='ocrx_word' id='word_1_27' title='bbox 1209 373 1309 422; x_wconf 89' lang='lat' dir='ltr'>quod</span> <span class='ocrx_word' id='word_1_28' title='bbox 1345 386 1403 411; x_wconf 88' lang='lat' dir='ltr'>me</span> <span class='ocrx_word' id='word_1_29' title='bbox 1439 373 1593 424; x_wconf 84' lang='lat' dir='ltr'>ipsemet</span> <span class='ocrx_word' id='word_1_30' title='bbox 1629 387 1704 412; x_wconf 89' lang='lat' dir='ltr'>non</span> 
     </span>
     <span class='ocr_line' id='line_1_5' title="bbox 183 434 1705 484; baseline 0.002 -12"><span class='ocrx_word' id='word_1_31' title='bbox 183 436 321 472; x_wconf 79' lang='lat' dir='ltr'>dixisse</span> <span class='ocrx_word' id='word_1_32' title='bbox 355 434 537 483; x_wconf 82' lang='lat' dir='ltr'>agnoseit.</span> <span class='ocrx_word' id='word_1_33' title='bbox 594 434 664 471; x_wconf 85' lang='lat' dir='ltr'>Sed</span> <span class='ocrx_word' id='word_1_34' title='bbox 691 447 750 471; x_wconf 88' lang='lat' dir='ltr'>me</span> <span class='ocrx_word' id='word_1_35' title='bbox 776 434 827 478; x_wconf 86' lang='lat' dir='ltr'>id,</span> <span class='ocrx_word' id='word_1_36' title='bbox 855 434 953 484; x_wconf 85' lang='lat' dir='ltr'>quod</span> <span class='ocrx_word' id='word_1_37' title='bbox 981 439 1105 484; x_wconf 83' lang='lat' dir='ltr'>aperte</span> <span class='ocrx_word' id='word_1_38' title='bbox 1132 448 1209 472; x_wconf 91' lang='lat' dir='ltr'>non</span> <span class='ocrx_word' id='word_1_39' title='bbox 1238 449 1318 473; x_wconf 90' lang='lat' dir='ltr'>sum</span> <span class='ocrx_word' id='word_1_40' title='bbox 1345 450 1457 475; x_wconf 88' lang='lat' dir='ltr'>ausus</span> <span class='ocrx_word' id='word_1_41' title='bbox 1487 437 1618 482; x_wconf 80' lang='lat' dir='ltr'>dicere,</span> <span class='ocrx_word' id='word_1_42' title='bbox 1645 438 1705 476; x_wconf 87' lang='lat' dir='ltr'>in-</span> 
     </span>
     <span class='ocr_line' id='line_1_6' title="bbox 184 497 1706 551; baseline 0.002 -16"><span class='ocrx_word' id='word_1_43' title='bbox 184 499 333 536; x_wconf 85' lang='lat' dir='ltr'>sinuare</span> <span class='ocrx_word' id='word_1_44' title='bbox 360 498 522 535; x_wconf 89' lang='lat' dir='ltr'>voluisse</span> <span class='ocrx_word' id='word_1_45' title='bbox 550 497 652 536; x_wconf 88' lang='lat' dir='ltr'>dicit.</span> <span class='ocrx_word' id='word_1_46' title='bbox 681 497 780 535; x_wconf 86' lang='lat' dir='ltr'>Mira</span> <span class='ocrx_word' id='word_1_47' title='bbox 807 499 973 548; x_wconf 82' lang='lat' dir='ltr'>profecto</span> <span class='ocrx_word' id='word_1_48' title='bbox 1002 498 1039 534; x_wconf 88' lang='lat' dir='ltr'>in</span> <span class='ocrx_word' id='word_1_49' title='bbox 1070 497 1285 549; x_wconf 85' lang='lat' dir='ltr'>Westphalo</span> <span class='ocrx_word' id='word_1_50' title='bbox 1313 500 1527 551; x_wconf 86' lang='lat' dir='ltr'>Prophetiei</span> <span class='ocrx_word' id='word_1_51' title='bbox 1555 501 1706 551; x_wconf 88' lang='lat' dir='ltr'>spiritus</span> 
     </span>
     <span class='ocr_line' id='line_1_7' title="bbox 185 561 1706 612; baseline 0.001 -12"><span class='ocrx_word' id='word_1_52' title='bbox 185 562 312 610; x_wconf 86' lang='lat' dir='ltr'>a-(fol.</span> <span class='ocrx_word' id='word_1_53' title='bbox 351 561 666 609; x_wconf 80' lang='lat' dir='ltr'>ll4)bundantia‚</span> <span class='ocrx_word' id='word_1_54' title='bbox 700 566 754 606; x_wconf 85' lang='lat' dir='ltr'>ut,</span> <span class='ocrx_word' id='word_1_55' title='bbox 781 575 874 612; x_wconf 87' lang='lat' dir='ltr'>quae</span> <span class='ocrx_word' id='word_1_56' title='bbox 910 575 986 598; x_wconf 91' lang='lat' dir='ltr'>non</span> <span class='ocrx_word' id='word_1_57' title='bbox 1023 561 1115 605; x_wconf 76' lang='lat' dir='ltr'>dixi,</span> <span class='ocrx_word' id='word_1_58' title='bbox 1148 576 1189 599; x_wconf 86' lang='lat' dir='ltr'>ea</span> <span class='ocrx_word' id='word_1_59' title='bbox 1225 577 1283 601; x_wconf 89' lang='lat' dir='ltr'>me</span> <span class='ocrx_word' id='word_1_60' title='bbox 1319 564 1508 602; x_wconf 88' lang='lat' dir='ltr'>insinuare</span> <span class='ocrx_word' id='word_1_61' title='bbox 1544 565 1706 602; x_wconf 88' lang='lat' dir='ltr'>voluisse</span> 
     </span>
     <span class='ocr_line' id='line_1_8' title="bbox 163 626 1706 680; baseline 0.002 -17"><span class='ocrx_word' id='word_1_62' title='bbox 163 626 336 665; x_wconf 73' lang='lat' dir='ltr'>divinet.</span> <span class='ocrx_word' id='word_1_63' title='bbox 387 628 439 664; x_wconf 91' lang='lat' dir='ltr'>At</span> <span class='ocrx_word' id='word_1_64' title='bbox 466 639 552 664; x_wconf 89' lang='lat' dir='ltr'>vero</span> <span class='ocrx_word' id='word_1_65' title='bbox 582 626 673 664; x_wconf 88' lang='lat' dir='ltr'>haee</span> <span class='ocrx_word' id='word_1_66' title='bbox 699 639 776 664; x_wconf 91' lang='lat' dir='ltr'>non</span> <span class='ocrx_word' id='word_1_67' title='bbox 802 630 880 664; x_wconf 84' lang='lat' dir='ltr'>tam</span> <span class='ocrx_word' id='word_1_68' title='bbox 908 630 963 663; x_wconf 91' lang='lat' dir='ltr'>est</span> <span class='ocrx_word' id='word_1_69' title='bbox 990 639 1069 663; x_wconf 85' lang='lat' dir='ltr'>mea</span> <span class='ocrx_word' id='word_1_70' title='bbox 1097 626 1314 673; x_wconf 78' lang='lat' dir='ltr'>insinuatio,</span> <span class='ocrx_word' id='word_1_71' title='bbox 1341 642 1451 678; x_wconf 87' lang='lat' dir='ltr'>quam</span> <span class='ocrx_word' id='word_1_72' title='bbox 1480 629 1706 680; x_wconf 88' lang='lat' dir='ltr'>Westphali-</span> 
     </span>
     <span class='ocr_line' id='line_1_9' title="bbox 183 690 1707 744; baseline 0.002 -16"><span class='ocrx_word' id='word_1_73' title='bbox 183 705 245 729; x_wconf 87' lang='lat' dir='ltr'>cae</span> <span class='ocrx_word' id='word_1_74' title='bbox 282 691 446 741; x_wconf 78' lang='lat' dir='ltr'>Erinnys</span> <span class='ocrx_word' id='word_1_75' title='bbox 477 691 604 728; x_wconf 86' lang='lat' dir='ltr'>omnia</span> <span class='ocrx_word' id='word_1_76' title='bbox 633 691 886 728; x_wconf 88' lang='lat' dir='ltr'>calumniandi</span> <span class='ocrx_word' id='word_1_77' title='bbox 911 690 1029 727; x_wconf 88' lang='lat' dir='ltr'>libido</span> <span class='ocrx_word' id='word_1_78' title='bbox 1057 691 1293 730; x_wconf 84' lang='lat' dir='ltr'>insatiabilis.</span> <span class='ocrx_word' id='word_1_79' title='bbox 1347 693 1396 730; x_wconf 84' lang='lat' dir='ltr'>Et</span> <span class='ocrx_word' id='word_1_80' title='bbox 1424 694 1602 743; x_wconf 86' lang='lat' dir='ltr'>quoniam</span> <span class='ocrx_word' id='word_1_81' title='bbox 1629 694 1707 744; x_wconf 86' lang='lat' dir='ltr'>ipse</span> 
     </span>
     <span class='ocr_line' id='line_1_10' title="bbox 182 755 1706 809; baseline 0.003 -17"><span class='ocrx_word' id='word_1_82' title='bbox 182 769 265 792; x_wconf 91' lang='lat' dir='ltr'>cum</span> <span class='ocrx_word' id='word_1_83' title='bbox 302 755 378 793; x_wconf 90' lang='lat' dir='ltr'>suis</span> <span class='ocrx_word' id='word_1_84' title='bbox 414 768 492 793; x_wconf 92' lang='lat' dir='ltr'>non</span> <span class='ocrx_word' id='word_1_85' title='bbox 528 760 604 793; x_wconf 87' lang='lat' dir='ltr'>tam</span> <span class='ocrx_word' id='word_1_86' title='bbox 639 769 706 806; x_wconf 89' lang='lat' dir='ltr'>pro</span> <span class='ocrx_word' id='word_1_87' title='bbox 745 755 886 793; x_wconf 79' lang='lat' dir='ltr'>Christi</span> <span class='ocrx_word' id='word_1_88' title='bbox 925 755 1077 792; x_wconf 85' lang='lat' dir='ltr'>Domini</span> <span class='ocrx_word' id='word_1_89' title='bbox 1110 755 1150 793; x_wconf 89' lang='lat' dir='ltr'>in</span> <span class='ocrx_word' id='word_1_90' title='bbox 1186 757 1310 794; x_wconf 86' lang='lat' dir='ltr'>Verbo</span> <span class='ocrx_word' id='word_1_91' title='bbox 1347 757 1459 804; x_wconf 85' lang='lat' dir='ltr'>illius,</span> <span class='ocrx_word' id='word_1_92' title='bbox 1493 772 1604 808; x_wconf 88' lang='lat' dir='ltr'>quam</span> <span class='ocrx_word' id='word_1_93' title='bbox 1639 772 1706 809; x_wconf 87' lang='lat' dir='ltr'>pro</span> 
     </span>
     <span class='ocr_line' id='line_1_11' title="bbox 181 819 1707 873; baseline 0.003 -17"><span class='ocrx_word' id='word_1_94' title='bbox 181 819 338 857; x_wconf 85' lang='lat' dir='ltr'>Lutheri</span> <span class='ocrx_word' id='word_1_95' title='bbox 367 820 487 868; x_wconf 81' lang='lat' dir='ltr'>gloria</span> <span class='ocrx_word' id='word_1_96' title='bbox 513 821 553 857; x_wconf 91' lang='lat' dir='ltr'>in</span> <span class='ocrx_word' id='word_1_97' title='bbox 580 820 698 871; x_wconf 89' lang='lat' dir='ltr'>ipsius</span> <span class='ocrx_word' id='word_1_98' title='bbox 727 821 901 870; x_wconf 80' lang='lat' dir='ltr'>dogmate</span> <span class='ocrx_word' id='word_1_99' title='bbox 929 825 1113 858; x_wconf 85' lang='lat' dir='ltr'>certamen</span> <span class='ocrx_word' id='word_1_100' title='bbox 1142 821 1346 871; x_wconf 81' lang='lat' dir='ltr'>suscepisse</span> <span class='ocrx_word' id='word_1_101' title='bbox 1374 821 1531 867; x_wconf 86' lang='lat' dir='ltr'>videtur,</span> <span class='ocrx_word' id='word_1_102' title='bbox 1567 822 1607 859; x_wconf 90' lang='lat' dir='ltr'>in</span> <span class='ocrx_word' id='word_1_103' title='bbox 1633 836 1707 873; x_wconf 92' lang='lat' dir='ltr'>quo</span> 
     </span>
     <span class='ocr_line' id='line_1_12' title="bbox 181 884 1709 934; baseline 0.001 -13"><span class='ocrx_word' id='word_1_104' title='bbox 181 898 269 921; x_wconf 85' lang='lat' dir='ltr'>sane</span> <span class='ocrx_word' id='word_1_105' title='bbox 312 884 451 921; x_wconf 88' lang='lat' dir='ltr'>tuendo</span> <span class='ocrx_word' id='word_1_106' title='bbox 498 884 618 921; x_wconf 88' lang='lat' dir='ltr'>virum</span> <span class='ocrx_word' id='word_1_107' title='bbox 664 885 770 922; x_wconf 91' lang='lat' dir='ltr'>illum</span> <span class='ocrx_word' id='word_1_108' title='bbox 826 884 1029 921; x_wconf 86' lang='lat' dir='ltr'>humanum</span> <span class='ocrx_word' id='word_1_109' title='bbox 1069 884 1246 934; x_wconf 82' lang='lat' dir='ltr'>quiddam</span> <span class='ocrx_word' id='word_1_110' title='bbox 1293 885 1544 923; x_wconf 85' lang='lat' dir='ltr'>contentionis</span> <span class='ocrx_word' id='word_1_111' title='bbox 1589 886 1709 923; x_wconf 84' lang='lat' dir='ltr'>calore</span> 
     </span>
     <span class='ocr_line' id='line_1_13' title="bbox 179 948 1708 999; baseline 0.001 -13"><span class='ocrx_word' id='word_1_112' title='bbox 179 961 330 999; x_wconf 85' lang='lat' dir='ltr'>passum</span> <span class='ocrx_word' id='word_1_113' title='bbox 357 962 435 986; x_wconf 89' lang='lat' dir='ltr'>csse</span> <span class='ocrx_word' id='word_1_114' title='bbox 462 949 591 998; x_wconf 83' lang='lat' dir='ltr'>negari</span> <span class='ocrx_word' id='word_1_115' title='bbox 619 962 697 986; x_wconf 90' lang='lat' dir='ltr'>non</span> <span class='ocrx_word' id='word_1_116' title='bbox 724 952 858 999; x_wconf 85' lang='lat' dir='ltr'>potest,</span> <span class='ocrx_word' id='word_1_117' title='bbox 884 970 934 978; x_wconf 92' lang='lat'>—</span> <span class='ocrx_word' id='word_1_118' title='bbox 961 948 1164 986; x_wconf 79' lang='lat' dir='ltr'>arbitratur</span> <span class='ocrx_word' id='word_1_119' title='bbox 1191 952 1226 986; x_wconf 85' lang='lat' dir='ltr'>et</span> <span class='ocrx_word' id='word_1_120' title='bbox 1255 962 1323 986; x_wconf 91' lang='lat' dir='ltr'>nos</span> <span class='ocrx_word' id='word_1_121' title='bbox 1353 949 1512 987; x_wconf 86' lang='lat' dir='ltr'>tuendae</span> <span class='ocrx_word' id='word_1_122' title='bbox 1539 950 1708 998; x_wconf 79' lang='lat' dir='ltr'>Zwinglii</span> 
     </span>
     <span class='ocr_line' id='line_1_14' title="bbox 181 1012 1708 1064; baseline 0.001 -15"><span class='ocrx_word' id='word_1_123' title='bbox 181 1013 323 1061; x_wconf 84' lang='lat' dir='ltr'>gloriae</span> <span class='ocrx_word' id='word_1_124' title='bbox 350 1012 473 1050; x_wconf 84' lang='lat' dir='ltr'>studio</span> <span class='ocrx_word' id='word_1_125' title='bbox 503 1013 645 1050; x_wconf 89' lang='lat' dir='ltr'>coelum</span> <span class='ocrx_word' id='word_1_126' title='bbox 672 1017 792 1063; x_wconf 87' lang='lat' dir='ltr'>terrae</span> <span class='ocrx_word' id='word_1_127' title='bbox 818 1013 973 1050; x_wconf 87' lang='lat' dir='ltr'>miscere</span> <span class='ocrx_word' id='word_1_128' title='bbox 1001 1013 1106 1051; x_wconf 87' lang='lat' dir='ltr'>velle.</span> <span class='ocrx_word' id='word_1_129' title='bbox 1160 1012 1242 1062; x_wconf 80' lang='lat' dir='ltr'>Ego</span> <span class='ocrx_word' id='word_1_130' title='bbox 1264 1026 1389 1063; x_wconf 84' lang='lat' dir='ltr'>porro,</span> <span class='ocrx_word' id='word_1_131' title='bbox 1416 1013 1487 1051; x_wconf 89' lang='lat' dir='ltr'>etsi</span> <span class='ocrx_word' id='word_1_132' title='bbox 1514 1014 1708 1064; x_wconf 89' lang='lat' dir='ltr'>utriusque</span> 
     </span>
     <span class='ocr_line' id='line_1_15' title="bbox 181 1077 1708 1128; baseline 0.001 -14"><span class='ocrx_word' id='word_1_133' title='bbox 181 1077 254 1114; x_wconf 90' lang='lat' dir='ltr'>viri</span> <span class='ocrx_word' id='word_1_134' title='bbox 289 1077 391 1114; x_wconf 91' lang='lat' dir='ltr'>illius</span> <span class='ocrx_word' id='word_1_135' title='bbox 427 1077 657 1123; x_wconf 82' lang='lat' dir='ltr'>memoriam,</span> <span class='ocrx_word' id='word_1_136' title='bbox 682 1081 724 1114; x_wconf 87' lang='lat' dir='ltr'>ut</span> <span class='ocrx_word' id='word_1_137' title='bbox 753 1077 882 1123; x_wconf 87' lang='lat' dir='ltr'>debeo,</span> <span class='ocrx_word' id='word_1_138' title='bbox 909 1081 1117 1115; x_wconf 83' lang='lat' dir='ltr'>reverenter</span> <span class='ocrx_word' id='word_1_139' title='bbox 1146 1077 1227 1114; x_wconf 85' lang='lat' dir='ltr'>colo</span> <span class='ocrx_word' id='word_1_140' title='bbox 1265 1081 1417 1128; x_wconf 87' lang='lat' dir='ltr'>propter</span> <span class='ocrx_word' id='word_1_141' title='bbox 1450 1077 1604 1115; x_wconf 84' lang='lat' dir='ltr'>eximias</span> <span class='ocrx_word' id='word_1_142' title='bbox 1638 1077 1708 1115; x_wconf 82' lang='lat' dir='ltr'>Dei</span> 
     </span>
     <span class='ocr_line' id='line_1_16' title="bbox 186 1141 1708 1193; baseline -0.001 -14"><span class='ocrx_word' id='word_1_143' title='bbox 186 1143 225 1180; x_wconf 93' lang='lat' dir='ltr'>in</span> <span class='ocrx_word' id='word_1_144' title='bbox 252 1143 328 1180; x_wconf 90' lang='lat' dir='ltr'>illis</span> <span class='ocrx_word' id='word_1_145' title='bbox 357 1144 473 1185; x_wconf 82' lang='lat' dir='ltr'>dotes,</span> <span class='ocrx_word' id='word_1_146' title='bbox 499 1156 656 1193; x_wconf 85' lang='lat' dir='ltr'>quarum</span> <span class='ocrx_word' id='word_1_147' title='bbox 682 1142 977 1180; x_wconf 85' lang='lat' dir='ltr'>luculentissima</span> <span class='ocrx_word' id='word_1_148' title='bbox 1005 1141 1217 1179; x_wconf 83' lang='lat' dir='ltr'>testimonia</span> <span class='ocrx_word' id='word_1_149' title='bbox 1244 1142 1284 1178; x_wconf 90' lang='lat' dir='ltr'>in</span> <span class='ocrx_word' id='word_1_150' title='bbox 1311 1141 1461 1179; x_wconf 91' lang='lat' dir='ltr'>illorum</span> <span class='ocrx_word' id='word_1_151' title='bbox 1485 1154 1708 1179; x_wconf 88' lang='lat' dir='ltr'>monumen-</span> 
     </span>
     <span class='ocr_line' id='line_1_17' title="bbox 182 1206 1707 1257; baseline -0.002 -12"><span class='ocrx_word' id='word_1_152' title='bbox 182 1208 231 1245; x_wconf 88' lang='lat' dir='ltr'>tis</span> <span class='ocrx_word' id='word_1_153' title='bbox 258 1212 383 1245; x_wconf 81' lang='lat' dir='ltr'>extare</span> <span class='ocrx_word' id='word_1_154' title='bbox 410 1208 598 1254; x_wconf 86' lang='lat' dir='ltr'>videmus3</span> <span class='ocrx_word' id='word_1_155' title='bbox 626 1211 751 1244; x_wconf 86' lang='lat' dir='ltr'>tamen</span> <span class='ocrx_word' id='word_1_156' title='bbox 781 1220 864 1244; x_wconf 83' lang='lat' dir='ltr'>eum</span> <span class='ocrx_word' id='word_1_157' title='bbox 892 1207 930 1244; x_wconf 91' lang='lat' dir='ltr'>in</span> <span class='ocrx_word' id='word_1_158' title='bbox 959 1206 1126 1244; x_wconf 84' lang='lat' dir='ltr'>neutrius</span> <span class='ocrx_word' id='word_1_159' title='bbox 1153 1207 1305 1243; x_wconf 90' lang='lat' dir='ltr'>illorum</span> <span class='ocrx_word' id='word_1_160' title='bbox 1333 1219 1470 1244; x_wconf 87' lang='lat' dir='ltr'>nomen</span> <span class='ocrx_word' id='word_1_161' title='bbox 1498 1206 1707 1257; x_wconf 85' lang='lat' dir='ltr'>baptizatus</span> 
     </span>
     <span class='ocr_line' id='line_1_18' title="bbox 180 1271 1707 1323; baseline -0.001 -13"><span class='ocrx_word' id='word_1_162' title='bbox 180 1273 263 1317; x_wconf 90' lang='lat' dir='ltr'>sim,</span> <span class='ocrx_word' id='word_1_163' title='bbox 298 1277 502 1323; x_wconf 89' lang='lat' dir='ltr'>neuterque</span> <span class='ocrx_word' id='word_1_164' title='bbox 536 1273 687 1310; x_wconf 90' lang='lat' dir='ltr'>illorum</span> <span class='ocrx_word' id='word_1_165' title='bbox 722 1285 789 1323; x_wconf 88' lang='lat' dir='ltr'>pro</span> <span class='ocrx_word' id='word_1_166' title='bbox 824 1285 884 1309; x_wconf 88' lang='lat' dir='ltr'>me</span> <span class='ocrx_word' id='word_1_167' title='bbox 922 1273 1120 1309; x_wconf 85' lang='lat' dir='ltr'>crucifixus</span> <span class='ocrx_word' id='word_1_168' title='bbox 1158 1276 1224 1316; x_wconf 87' lang='lat' dir='ltr'>est,</span> <span class='ocrx_word' id='word_1_169' title='bbox 1251 1271 1297 1309; x_wconf 87' lang='lat' dir='ltr'>ab</span> <span class='ocrx_word' id='word_1_170' title='bbox 1327 1275 1484 1322; x_wconf 84' lang='lat' dir='ltr'>utroque</span> <span class='ocrx_word' id='word_1_171' title='bbox 1509 1271 1603 1309; x_wconf 91' lang='lat' dir='ltr'>mihi</span> <span class='ocrx_word' id='word_1_172' title='bbox 1630 1271 1707 1309; x_wconf 90' lang='lat' dir='ltr'>dis-</span> 
     </span>
     <span class='ocr_line' id='line_1_19' title="bbox 181 1336 1707 1388; baseline -0.001 -13"><span class='ocrx_word' id='word_1_173' title='bbox 181 1338 319 1376; x_wconf 86' lang='lat' dir='ltr'>sentire</span> <span class='ocrx_word' id='word_1_174' title='bbox 345 1338 458 1375; x_wconf 79' lang='lat' dir='ltr'>licere</span> <span class='ocrx_word' id='word_1_175' title='bbox 482 1342 587 1388; x_wconf 90' lang='lat' dir='ltr'>puto,</span> <span class='ocrx_word' id='word_1_176' title='bbox 615 1337 735 1374; x_wconf 85' lang='lat' dir='ltr'>sicubi</span> <span class='ocrx_word' id='word_1_177' title='bbox 764 1337 973 1374; x_wconf 88' lang='lat' dir='ltr'>doctrinam</span> <span class='ocrx_word' id='word_1_178' title='bbox 1000 1337 1149 1373; x_wconf 89' lang='lat' dir='ltr'>illorum</span> <span class='ocrx_word' id='word_1_179' title='bbox 1180 1349 1262 1373; x_wconf 90' lang='lat' dir='ltr'>cum</span> <span class='ocrx_word' id='word_1_180' title='bbox 1290 1340 1414 1373; x_wconf 89' lang='lat' dir='ltr'>mente</span> <span class='ocrx_word' id='word_1_181' title='bbox 1441 1336 1707 1387; x_wconf 85' lang='lat' dir='ltr'>scripturarum</span> 
     </span>
     <span class='ocr_line' id='line_1_20' title="bbox 179 1401 1706 1452; baseline -0.001 -12"><span class='ocrx_word' id='word_1_182' title='bbox 179 1403 287 1440; x_wconf 90' lang='lat' dir='ltr'>video</span> <span class='ocrx_word' id='word_1_183' title='bbox 326 1415 401 1440; x_wconf 89' lang='lat' dir='ltr'>non</span> <span class='ocrx_word' id='word_1_184' title='bbox 439 1402 659 1441; x_wconf 87' lang='lat' dir='ltr'>consentire.</span> <span class='ocrx_word' id='word_1_185' title='bbox 713 1402 787 1447; x_wconf 86' lang='lat' dir='ltr'>Ita,</span> <span class='ocrx_word' id='word_1_186' title='bbox 822 1401 1134 1452; x_wconf 87' lang='lat' dir='ltr'>quemadmodum</span> <span class='ocrx_word' id='word_1_187' title='bbox 1162 1414 1238 1438; x_wconf 90' lang='lat' dir='ltr'>non</span> <span class='ocrx_word' id='word_1_188' title='bbox 1266 1401 1385 1451; x_wconf 89' lang='lat' dir='ltr'>probo</span> <span class='ocrx_word' id='word_1_189' title='bbox 1413 1401 1537 1438; x_wconf 86' lang='lat' dir='ltr'>omnia</span> <span class='ocrx_word' id='word_1_190' title='bbox 1564 1414 1657 1452; x_wconf 85' lang='lat' dir='ltr'>quae</span> <span class='ocrx_word' id='word_1_191' title='bbox 1685 1414 1706 1437; x_wconf 86' lang='lat' dir='ltr'>a</span> 
     </span>
     <span class='ocr_line' id='line_1_21' title="bbox 180 1464 1706 1515; baseline -0.001 -12"><span class='ocrx_word' id='word_1_192' title='bbox 180 1466 347 1504; x_wconf 89' lang='lat' dir='ltr'>Luthero</span> <span class='ocrx_word' id='word_1_193' title='bbox 392 1466 431 1503; x_wconf 90' lang='lat' dir='ltr'>in</span> <span class='ocrx_word' id='word_1_194' title='bbox 468 1465 722 1504; x_wconf 84' lang='lat' dir='ltr'>controversia</span> <span class='ocrx_word' id='word_1_195' title='bbox 759 1466 827 1503; x_wconf 87' lang='lat' dir='ltr'>hac</span> <span class='ocrx_word' id='word_1_196' title='bbox 863 1465 1148 1505; x_wconf 86' lang='lat' dir='ltr'>sacramentaria</span> <span class='ocrx_word' id='word_1_197' title='bbox 1185 1468 1271 1502; x_wconf 88' lang='lat' dir='ltr'>sunt</span> <span class='ocrx_word' id='word_1_198' title='bbox 1307 1464 1459 1515; x_wconf 89' lang='lat' dir='ltr'>scripta,</span> <span class='ocrx_word' id='word_1_199' title='bbox 1496 1465 1550 1502; x_wconf 87' lang='lat' dir='ltr'>sic</span> <span class='ocrx_word' id='word_1_200' title='bbox 1587 1477 1706 1515; x_wconf 89' lang='lat' dir='ltr'>neque</span> 
     </span>
     <span class='ocr_line' id='line_1_22' title="bbox 182 1528 1706 1581; baseline -0.001 -14"><span class='ocrx_word' id='word_1_201' title='bbox 182 1530 351 1579; x_wconf 86' lang='lat' dir='ltr'>Zwinglii</span> <span class='ocrx_word' id='word_1_202' title='bbox 388 1530 507 1581; x_wconf 88' lang='lat' dir='ltr'>probo</span> <span class='ocrx_word' id='word_1_203' title='bbox 545 1531 682 1576; x_wconf 86' lang='lat' dir='ltr'>omnia,</span> <span class='ocrx_word' id='word_1_204' title='bbox 723 1534 758 1567; x_wconf 88' lang='lat' dir='ltr'>et</span> <span class='ocrx_word' id='word_1_205' title='bbox 795 1534 984 1581; x_wconf 87' lang='lat' dir='ltr'>utrunque</span> <span class='ocrx_word' id='word_1_206' title='bbox 1010 1529 1199 1567; x_wconf 89' lang='lat' dir='ltr'>hominem</span> <span class='ocrx_word' id='word_1_207' title='bbox 1226 1528 1341 1566; x_wconf 84' lang='lat' dir='ltr'>fuisse</span> <span class='ocrx_word' id='word_1_208' title='bbox 1368 1541 1545 1578; x_wconf 83' lang='lat' dir='ltr'>agnosco.</span> <span class='ocrx_word' id='word_1_209' title='bbox 1600 1529 1706 1566; x_wconf 89' lang='lat' dir='ltr'>Certe</span> 
     </span>
     <span class='ocr_line' id='line_1_23' title="bbox 181 1593 1705 1645; baseline -0.002 -12"><span class='ocrx_word' id='word_1_210' title='bbox 181 1609 312 1633; x_wconf 84' lang='lat' dir='ltr'>causae</span> <span class='ocrx_word' id='word_1_211' title='bbox 359 1595 609 1645; x_wconf 83' lang='lat' dir='ltr'>Zwinglianae</span> <span class='ocrx_word' id='word_1_212' title='bbox 646 1594 900 1633; x_wconf 88' lang='lat' dir='ltr'>defensionem</span> <span class='ocrx_word' id='word_1_213' title='bbox 937 1607 1127 1645; x_wconf 89' lang='lat' dir='ltr'>nunquam</span> <span class='ocrx_word' id='word_1_214' title='bbox 1165 1594 1322 1644; x_wconf 87' lang='lat' dir='ltr'>suscepi,</span> <span class='ocrx_word' id='word_1_215' title='bbox 1364 1593 1513 1631; x_wconf 87' lang='lat' dir='ltr'>tametsi</span> <span class='ocrx_word' id='word_1_216' title='bbox 1549 1606 1606 1630; x_wconf 89' lang='lat' dir='ltr'>me</span> <span class='ocrx_word' id='word_1_217' title='bbox 1641 1606 1705 1644; x_wconf 86' lang='lat' dir='ltr'>per</span> 
     </span>
     <span class='ocr_line' id='line_1_24' title="bbox 178 1658 1707 1711; baseline -0.001 -15"><span class='ocrx_word' id='word_1_218' title='bbox 178 1660 300 1698; x_wconf 85' lang='lat' dir='ltr'>virum</span> <span class='ocrx_word' id='word_1_219' title='bbox 336 1660 442 1698; x_wconf 91' lang='lat' dir='ltr'>illum</span> <span class='ocrx_word' id='word_1_220' title='bbox 477 1659 637 1711; x_wconf 89' lang='lat' dir='ltr'>primum</span> <span class='ocrx_word' id='word_1_221' title='bbox 674 1660 841 1697; x_wconf 89' lang='lat' dir='ltr'>omnium</span> <span class='ocrx_word' id='word_1_222' title='bbox 878 1659 1016 1696; x_wconf 88' lang='lat' dir='ltr'>Divino</span> <span class='ocrx_word' id='word_1_223' title='bbox 1055 1658 1236 1696; x_wconf 86' lang='lat' dir='ltr'>beneficio</span> <span class='ocrx_word' id='word_1_224' title='bbox 1274 1658 1320 1695; x_wconf 90' lang='lat' dir='ltr'>ad</span> <span class='ocrx_word' id='word_1_225' title='bbox 1357 1671 1545 1695; x_wconf 83' lang='lat' dir='ltr'>sacrarum</span> <span class='ocrx_word' id='word_1_226' title='bbox 1580 1658 1707 1695; x_wconf 88' lang='lat' dir='ltr'>litera-</span> 
     </span>
     <span class='ocr_line' id='line_1_25' title="bbox 178 1721 1705 1775; baseline 0 -15"><span class='ocrx_word' id='word_1_227' title='bbox 178 1737 260 1761; x_wconf 85' lang='lat' dir='ltr'>rum</span> <span class='ocrx_word' id='word_1_228' title='bbox 289 1725 425 1770; x_wconf 83' lang='lat' dir='ltr'>studia,</span> <span class='ocrx_word' id='word_1_229' title='bbox 453 1737 537 1761; x_wconf 90' lang='lat' dir='ltr'>cum</span> <span class='ocrx_word' id='word_1_230' title='bbox 563 1738 628 1775; x_wconf 87' lang='lat' dir='ltr'>per</span> <span class='ocrx_word' id='word_1_231' title='bbox 656 1724 840 1773; x_wconf 80' lang='lat' dir='ltr'>Tigurum</span> <span class='ocrx_word' id='word_1_232' title='bbox 867 1727 952 1761; x_wconf 87' lang='lat' dir='ltr'>ante</span> <span class='ocrx_word' id='word_1_233' title='bbox 979 1736 1099 1760; x_wconf 89' lang='lat' dir='ltr'>annos</span> <span class='ocrx_word' id='word_1_234' title='bbox 1127 1727 1287 1773; x_wconf 86' lang='lat' dir='ltr'>quatuor</span> <span class='ocrx_word' id='word_1_235' title='bbox 1314 1725 1350 1759; x_wconf 89' lang='lat' dir='ltr'>et</span> <span class='ocrx_word' id='word_1_236' title='bbox 1376 1721 1534 1771; x_wconf 88' lang='lat' dir='ltr'>triginta</span> <span class='ocrx_word' id='word_1_237' title='bbox 1553 1722 1593 1759; x_wconf 90' lang='lat' dir='ltr'>in</span> <span class='ocrx_word' id='word_1_238' title='bbox 1613 1722 1705 1760; x_wconf 83' lang='lat' dir='ltr'>Gal-</span> 
     </span>
     <span class='ocr_line' id='line_1_26' title="bbox 178 1785 1705 1835; baseline -0.001 -10"><span class='ocrx_word' id='word_1_239' title='bbox 178 1789 266 1825; x_wconf 88' lang='lat' dir='ltr'>liam</span> <span class='ocrx_word' id='word_1_240' title='bbox 301 1788 372 1826; x_wconf 89' lang='lat' dir='ltr'>iter</span> <span class='ocrx_word' id='word_1_241' title='bbox 407 1789 579 1835; x_wconf 87' lang='lat' dir='ltr'>facerem,</span> <span class='ocrx_word' id='word_1_242' title='bbox 613 1788 812 1833; x_wconf 88' lang='lat' dir='ltr'>inductum</span> <span class='ocrx_word' id='word_1_243' title='bbox 845 1800 935 1833; x_wconf 81' lang='lat' dir='ltr'>esse,</span> <span class='ocrx_word' id='word_1_244' title='bbox 969 1787 1129 1824; x_wconf 86' lang='lat' dir='ltr'>libenter</span> <span class='ocrx_word' id='word_1_245' title='bbox 1156 1787 1289 1831; x_wconf 86' lang='lat' dir='ltr'>fateor,</span> <span class='ocrx_word' id='word_1_246' title='bbox 1323 1790 1359 1823; x_wconf 87' lang='lat' dir='ltr'>et</span> <span class='ocrx_word' id='word_1_247' title='bbox 1384 1785 1422 1823; x_wconf 90' lang='lat' dir='ltr'>in</span> <span class='ocrx_word' id='word_1_248' title='bbox 1453 1786 1705 1824; x_wconf 84' lang='lat' dir='ltr'>controversia</span> 
     </span>
     <span class='ocr_line' id='line_1_27' title="bbox 182 1850 1705 1903; baseline -0.001 -14"><span class='ocrx_word' id='word_1_249' title='bbox 182 1853 251 1890; x_wconf 84' lang='lat' dir='ltr'>hae</span> <span class='ocrx_word' id='word_1_250' title='bbox 288 1853 576 1891; x_wconf 83' lang='lat' dir='ltr'>sacramentaria</span> <span class='ocrx_word' id='word_1_251' title='bbox 603 1853 708 1890; x_wconf 88' lang='lat' dir='ltr'>illum</span> <span class='ocrx_word' id='word_1_252' title='bbox 738 1852 912 1903; x_wconf 70' lang='lat' dir='ltr'>proprius</span> <span class='ocrx_word' id='word_1_253' title='bbox 941 1855 1040 1900; x_wconf 88' lang='lat' dir='ltr'>(mco</span> <span class='ocrx_word' id='word_1_254' title='bbox 1070 1851 1222 1902; x_wconf 88' lang='lat' dir='ltr'>quidem</span> <span class='ocrx_word' id='word_1_255' title='bbox 1249 1850 1407 1897; x_wconf 89' lang='lat' dir='ltr'>iudicio)</span> <span class='ocrx_word' id='word_1_256' title='bbox 1437 1863 1589 1901; x_wconf 75' lang='lat' dir='ltr'>scopum</span> <span class='ocrx_word' id='word_1_257' title='bbox 1618 1851 1705 1888; x_wconf 86' lang='lat' dir='ltr'>atti-</span> 
     </span>
     <span class='ocr_line' id='line_1_28' title="bbox 179 1910 1706 1968; baseline -0.001 -14"><span class='ocrx_word' id='word_1_258' title='bbox 179 1918 278 1967; x_wconf 83' lang='lat' dir='ltr'>gisse</span> <span class='ocrx_word' id='word_1_259' title='bbox 312 1921 416 1968; x_wconf 83' lang='lat' dir='ltr'>puto.</span> <span class='ocrx_word' id='word_1_260' title='bbox 472 1918 596 1955; x_wconf 79' lang='lat' dir='ltr'>Quam</span> <span class='ocrx_word' id='word_1_261' title='bbox 631 1921 755 1954; x_wconf 90' lang='lat' dir='ltr'>autem</span> <span class='ocrx_word' id='word_1_262' title='bbox 793 1910 1000 1954; x_wconf 83' lang='lat' dir='ltr'>doctrinam</span> <span class='ocrx_word' id='word_1_263' title='bbox 1031 1916 1268 1966; x_wconf 86' lang='lat' dir='ltr'>Westphalus</span> <span class='ocrx_word' id='word_1_264' title='bbox 1297 1915 1560 1964; x_wconf 79' lang='lat' dir='ltr'>Zwinglianam</span> <span class='ocrx_word' id='word_1_265' title='bbox 1589 1920 1706 1961; x_wconf 87' lang='lat' dir='ltr'>vocet,</span> 
     </span>
     <span class='ocr_line' id='line_1_29' title="bbox 179 1980 1703 2031; baseline -0.001 -12"><span class='ocrx_word' id='word_1_266' title='bbox 179 1983 318 2024; x_wconf 84' lang='lat' dir='ltr'>nescio,</span> <span class='ocrx_word' id='word_1_267' title='bbox 356 1982 418 2020; x_wconf 88' lang='lat' dir='ltr'>sed</span> <span class='ocrx_word' id='word_1_268' title='bbox 457 1983 546 2026; x_wconf 87' lang='lat' dir='ltr'>scio,</span> <span class='ocrx_word' id='word_1_269' title='bbox 574 1982 654 2019; x_wconf 86' lang='lat' dir='ltr'>viro</span> <span class='ocrx_word' id='word_1_270' title='bbox 682 1983 738 2018; x_wconf 85' lang='lat' dir='ltr'>illi</span> <span class='ocrx_word' id='word_1_271' title='bbox 765 1981 941 2025; x_wconf 83' lang='lat' dir='ltr'>adscribi,</span> <span class='ocrx_word' id='word_1_272' title='bbox 970 1981 1014 2018; x_wconf 91' lang='lat' dir='ltr'>de</span> <span class='ocrx_word' id='word_1_273' title='bbox 1041 1981 1177 2031; x_wconf 83' lang='lat' dir='ltr'>quibus</span> <span class='ocrx_word' id='word_1_274' title='bbox 1205 1994 1396 2031; x_wconf 88' lang='lat' dir='ltr'>nunquam</span> <span class='ocrx_word' id='word_1_275' title='bbox 1424 1980 1571 2017; x_wconf 84' lang='lat' dir='ltr'>videtur</span> <span class='ocrx_word' id='word_1_276' title='bbox 1600 1983 1703 2029; x_wconf 82' lang='lat' dir='ltr'>cogi-</span> 
     </span>
     <span class='ocr_line' id='line_1_30' title="bbox 175 2043 1703 2096; baseline -0.002 -13"><span class='ocrx_word' id='word_1_277' title='bbox 175 2051 289 2090; x_wconf 82' lang='lat' dir='ltr'>tasse,</span> <span class='ocrx_word' id='word_1_278' title='bbox 324 2046 399 2082; x_wconf 91' lang='lat' dir='ltr'>imo</span> <span class='ocrx_word' id='word_1_279' title='bbox 437 2059 597 2096; x_wconf 86' lang='lat' dir='ltr'>quorum</span> <span class='ocrx_word' id='word_1_280' title='bbox 636 2045 822 2082; x_wconf 87' lang='lat' dir='ltr'>contraria</span> <span class='ocrx_word' id='word_1_281' title='bbox 860 2045 942 2088; x_wconf 88' lang='lat' dir='ltr'>(fol.</span> <span class='ocrx_word' id='word_1_282' title='bbox 973 2046 1063 2092; x_wconf 83' lang='lat'>115)</span> <span class='ocrx_word' id='word_1_283' title='bbox 1099 2044 1137 2080; x_wconf 90' lang='lat' dir='ltr'>in</span> <span class='ocrx_word' id='word_1_284' title='bbox 1175 2043 1252 2081; x_wconf 87' lang='lat' dir='ltr'>eius</span> <span class='ocrx_word' id='word_1_285' title='bbox 1287 2043 1539 2081; x_wconf 85' lang='lat' dir='ltr'>monumentis</span> <span class='ocrx_word' id='word_1_286' title='bbox 1566 2043 1703 2093; x_wconf 86' lang='lat' dir='ltr'>passim</span> 
     </span>
     <span class='ocr_line' id='line_1_31' title="bbox 180 2107 1702 2160; baseline -0.002 -13"><span class='ocrx_word' id='word_1_287' title='bbox 180 2110 377 2148; x_wconf 81' lang='lat' dir='ltr'>habentur.</span> <span class='ocrx_word' id='word_1_288' title='bbox 433 2110 560 2148; x_wconf 72' lang='lat' dir='ltr'>Quare</span> <span class='ocrx_word' id='word_1_289' title='bbox 606 2110 637 2147; x_wconf 88' lang='lat' dir='ltr'>si</span> <span class='ocrx_word' id='word_1_290' title='bbox 682 2109 922 2160; x_wconf 84' lang='lat' dir='ltr'>Westphalus</span> <span class='ocrx_word' id='word_1_291' title='bbox 959 2122 1037 2145; x_wconf 85' lang='lat' dir='ltr'>eam</span> <span class='ocrx_word' id='word_1_292' title='bbox 1076 2108 1284 2145; x_wconf 82' lang='lat' dir='ltr'>doctrinam</span> <span class='ocrx_word' id='word_1_293' title='bbox 1323 2108 1401 2144; x_wconf 90' lang='lat' dir='ltr'>vult</span> <span class='ocrx_word' id='word_1_294' title='bbox 1439 2107 1702 2156; x_wconf 79' lang='lat' dir='ltr'>Zwinglianam</span> 
     </span>
     <span class='ocr_line' id='line_1_32' title="bbox 181 2170 1704 2224; baseline -0.003 -13"><span class='ocrx_word' id='word_1_295' title='bbox 181 2174 311 2219; x_wconf 86' lang='lat' dir='ltr'>videri,</span> <span class='ocrx_word' id='word_1_296' title='bbox 347 2187 441 2224; x_wconf 87' lang='lat' dir='ltr'>quae</span> <span class='ocrx_word' id='word_1_297' title='bbox 467 2174 647 2211; x_wconf 86' lang='lat' dir='ltr'>hactenus</span> <span class='ocrx_word' id='word_1_298' title='bbox 675 2174 785 2222; x_wconf 80' lang='lat' dir='ltr'>vulgo</span> <span class='ocrx_word' id='word_1_299' title='bbox 816 2173 897 2220; x_wconf 85' lang='lat' dir='ltr'>(sed</span> <span class='ocrx_word' id='word_1_300' title='bbox 926 2173 1040 2219; x_wconf 84' lang='lat' dir='ltr'>falso)</span> <span class='ocrx_word' id='word_1_301' title='bbox 1067 2185 1134 2222; x_wconf 91' lang='lat' dir='ltr'>pro</span> <span class='ocrx_word' id='word_1_302' title='bbox 1164 2171 1390 2220; x_wconf 76' lang='lat' dir='ltr'>Zwingliana</span> <span class='ocrx_word' id='word_1_303' title='bbox 1419 2176 1474 2208; x_wconf 87' lang='lat' dir='ltr'>est</span> <span class='ocrx_word' id='word_1_304' title='bbox 1502 2170 1630 2208; x_wconf 85' lang='lat' dir='ltr'>habita</span> <span class='ocrx_word' id='word_1_305' title='bbox 1668 2174 1704 2207; x_wconf 88' lang='lat' dir='ltr'>et</span> 
     </span>
     <span class='ocr_line' id='line_1_33' title="bbox 182 2235 1703 2289; baseline -0.003 -14"><span class='ocrx_word' id='word_1_306' title='bbox 182 2252 294 2289; x_wconf 87' lang='lat' dir='ltr'>quam</span> <span class='ocrx_word' id='word_1_307' title='bbox 330 2251 431 2276; x_wconf 88' lang='lat' dir='ltr'>nunc</span> <span class='ocrx_word' id='word_1_308' title='bbox 465 2238 708 2288; x_wconf 83' lang='lat' dir='ltr'>Westphalus</span> <span class='ocrx_word' id='word_1_309' title='bbox 736 2237 846 2274; x_wconf 90' lang='lat' dir='ltr'>nobis</span> <span class='ocrx_word' id='word_1_310' title='bbox 876 2250 956 2273; x_wconf 85' lang='grc'>00111</span> <span class='ocrx_word' id='word_1_311' title='bbox 986 2236 1163 2284; x_wconf 77' lang='lat' dir='ltr'>Zwinglio</span> <span class='ocrx_word' id='word_1_312' title='bbox 1194 2248 1427 2272; x_wconf 88' lang='lat' dir='ltr'>communem</span> <span class='ocrx_word' id='word_1_313' title='bbox 1455 2248 1534 2272; x_wconf 86' lang='grc'>0550</span> <span class='ocrx_word' id='word_1_314' title='bbox 1563 2235 1703 2272; x_wconf 85' lang='lat' dir='ltr'>calum-</span> 
     </span>
     <span class='ocr_line' id='line_1_34' title="bbox 184 2299 1702 2350; baseline -0.003 -11"><span class='ocrx_word' id='word_1_315' title='bbox 184 2303 320 2349; x_wconf 82' lang='lat' dir='ltr'>niatur,</span> <span class='ocrx_word' id='word_1_316' title='bbox 354 2302 450 2340; x_wconf 87' lang='lat' dir='ltr'>nihil</span> <span class='ocrx_word' id='word_1_317' title='bbox 483 2302 617 2339; x_wconf 90' lang='lat' dir='ltr'>mirum</span> <span class='ocrx_word' id='word_1_318' title='bbox 656 2306 722 2346; x_wconf 89' lang='lat' dir='ltr'>est,</span> <span class='ocrx_word' id='word_1_319' title='bbox 748 2301 851 2338; x_wconf 84' lang='lat' dir='ltr'>illam</span> <span class='ocrx_word' id='word_1_320' title='bbox 879 2301 983 2338; x_wconf 86' lang='lat' dir='ltr'>nulla</span> <span class='ocrx_word' id='word_1_321' title='bbox 1012 2313 1179 2350; x_wconf 83' lang='lat' dir='ltr'>usquam,</span> <span class='ocrx_word' id='word_1_322' title='bbox 1207 2299 1342 2336; x_wconf 87' lang='lat' dir='ltr'>nedum</span> <span class='ocrx_word' id='word_1_323' title='bbox 1372 2299 1535 2349; x_wconf 89' lang='lat' dir='ltr'>Imperii,</span> <span class='ocrx_word' id='word_1_324' title='bbox 1562 2299 1702 2335; x_wconf 89' lang='lat' dir='ltr'>autori-</span> 
     </span>
     <span class='ocr_line' id='line_1_35' title="bbox 182 2362 1704 2416; baseline -0.003 -13"><span class='ocrx_word' id='word_1_325' title='bbox 182 2372 257 2403; x_wconf 86' lang='lat' dir='ltr'>tate</span> <span class='ocrx_word' id='word_1_326' title='bbox 301 2366 544 2416; x_wconf 79' lang='lat' dir='ltr'>approbatam</span> <span class='ocrx_word' id='word_1_327' title='bbox 573 2379 663 2411; x_wconf 86' lang='lat' dir='ltr'>esse,</span> <span class='ocrx_word' id='word_1_328' title='bbox 699 2378 782 2402; x_wconf 87' lang='lat' dir='ltr'>cum</span> <span class='ocrx_word' id='word_1_329' title='bbox 818 2370 854 2402; x_wconf 90' lang='lat' dir='ltr'>et</span> <span class='ocrx_word' id='word_1_330' title='bbox 889 2377 958 2402; x_wconf 91' lang='lat' dir='ltr'>nos</span> <span class='ocrx_word' id='word_1_331' title='bbox 996 2365 1099 2401; x_wconf 88' lang='lat' dir='ltr'>illam</span> <span class='ocrx_word' id='word_1_332' title='bbox 1134 2378 1154 2400; x_wconf 87' lang='lat' dir='ltr'>a</span> <span class='ocrx_word' id='word_1_333' title='bbox 1193 2363 1303 2400; x_wconf 87' lang='lat' dir='ltr'>nobis</span> <span class='ocrx_word' id='word_1_334' title='bbox 1340 2376 1451 2413; x_wconf 88' lang='lat' dir='ltr'>quam</span> <span class='ocrx_word' id='word_1_335' title='bbox 1487 2362 1704 2410; x_wconf 81' lang='lat' dir='ltr'>longissime</span> 
     </span>
     <span class='ocr_line' id='line_1_36' title="bbox 182 2425 1703 2480; baseline -0.004 -12"><span class='ocrx_word' id='word_1_336' title='bbox 182 2432 341 2468; x_wconf 81' lang='lat' dir='ltr'>alienam</span> <span class='ocrx_word' id='word_1_337' title='bbox 375 2444 466 2476; x_wconf 88' lang='lat' dir='ltr'>esse,</span> <span class='ocrx_word' id='word_1_338' title='bbox 504 2443 695 2480; x_wconf 86' lang='lat' dir='ltr'>nunquam</span> <span class='ocrx_word' id='word_1_339' title='bbox 724 2442 799 2466; x_wconf 92' lang='lat' dir='ltr'>non</span> <span class='ocrx_word' id='word_1_340' title='bbox 826 2429 1079 2480; x_wconf 83' lang='lat' dir='ltr'>profiteamur.</span> <span class='ocrx_word' id='word_1_341' title='bbox 1136 2427 1205 2464; x_wconf 88' lang='lat' dir='ltr'>Sed</span> <span class='ocrx_word' id='word_1_342' title='bbox 1234 2427 1336 2478; x_wconf 91' lang='lat' dir='ltr'>prius</span> <span class='ocrx_word' id='word_1_343' title='bbox 1364 2431 1441 2464; x_wconf 88' lang='lat' dir='ltr'>erat</span> <span class='ocrx_word' id='word_1_344' title='bbox 1467 2425 1703 2476; x_wconf 87' lang='lat' dir='ltr'>probandum</span> 
     </span>
     <span class='ocr_line' id='line_1_37' title="bbox 183 2489 1702 2544; baseline -0.004 -12"><span class='ocrx_word' id='word_1_345' title='bbox 183 2494 413 2544; x_wconf 80' lang='lat' dir='ltr'>Westpha10‚</span> <span class='ocrx_word' id='word_1_346' title='bbox 440 2498 605 2532; x_wconf 88' lang='lat' dir='ltr'>nostram</span> <span class='ocrx_word' id='word_1_347' title='bbox 634 2506 714 2531; x_wconf 88' lang='lat' dir='ltr'>esse</span> <span class='ocrx_word' id='word_1_348' title='bbox 741 2506 821 2530; x_wconf 87' lang='lat' dir='ltr'>eam</span> <span class='ocrx_word' id='word_1_349' title='bbox 850 2492 1073 2535; x_wconf 84' lang='lat' dir='ltr'>doctrinam,</span> <span class='ocrx_word' id='word_1_350' title='bbox 1100 2505 1210 2541; x_wconf 86' lang='lat' dir='ltr'>quam</span> <span class='ocrx_word' id='word_1_351' title='bbox 1238 2491 1316 2541; x_wconf 86' lang='lat' dir='ltr'>ipse</span> <span class='ocrx_word' id='word_1_352' title='bbox 1343 2494 1507 2527; x_wconf 87' lang='lat' dir='ltr'>nostram</span> <span class='ocrx_word' id='word_1_353' title='bbox 1539 2494 1574 2526; x_wconf 88' lang='lat' dir='ltr'>et</span> <span class='ocrx_word' id='word_1_354' title='bbox 1593 2489 1702 2526; x_wconf 88' lang='lat' dir='ltr'>nobis</span> 
     </span>
     <span class='ocr_line' id='line_1_38' title="bbox 184 2554 1701 2608; baseline -0.004 -12"><span class='ocrx_word' id='word_1_355' title='bbox 184 2573 266 2596; x_wconf 88' lang='lat' dir='ltr'>cum</span> <span class='ocrx_word' id='word_1_356' title='bbox 304 2559 481 2608; x_wconf 81' lang='lat' dir='ltr'>Zwinglio</span> <span class='ocrx_word' id='word_1_357' title='bbox 511 2571 744 2596; x_wconf 87' lang='lat' dir='ltr'>communem</span> <span class='ocrx_word' id='word_1_358' title='bbox 772 2571 852 2595; x_wconf 84' lang='lat' dir='ltr'>esse</span> <span class='ocrx_word' id='word_1_359' title='bbox 880 2557 1007 2601; x_wconf 80' lang='lat' dir='ltr'>iactat,</span> <span class='ocrx_word' id='word_1_360' title='bbox 1035 2556 1108 2594; x_wconf 89' lang='lat' dir='ltr'>nisi</span> <span class='ocrx_word' id='word_1_361' title='bbox 1136 2556 1235 2606; x_wconf 91' lang='lat' dir='ltr'>quod</span> <span class='ocrx_word' id='word_1_362' title='bbox 1264 2555 1301 2592; x_wconf 90' lang='lat' dir='ltr'>id</span> <span class='ocrx_word' id='word_1_363' title='bbox 1329 2568 1436 2605; x_wconf 80' lang='lat' dir='ltr'>passa</span> <span class='ocrx_word' id='word_1_364' title='bbox 1464 2567 1539 2591; x_wconf 88' lang='lat' dir='ltr'>non</span> <span class='ocrx_word' id='word_1_365' title='bbox 1567 2558 1622 2591; x_wconf 89' lang='lat' dir='ltr'>est</span> <span class='ocrx_word' id='word_1_366' title='bbox 1648 2554 1701 2590; x_wconf 81' lang='lat' dir='ltr'>E-</span> 
     </span>
     <span class='ocr_line' id='line_1_39' title="bbox 182 2618 1703 2673; baseline -0.005 -12"><span class='ocrx_word' id='word_1_367' title='bbox 182 2625 312 2673; x_wconf 81' lang='lat' dir='ltr'>rinnys</span> <span class='ocrx_word' id='word_1_368' title='bbox 349 2636 425 2668; x_wconf 83' lang='lat' dir='ltr'>sua,</span> <span class='ocrx_word' id='word_1_369' title='bbox 473 2624 531 2660; x_wconf 89' lang='lat' dir='ltr'>cui</span> <span class='ocrx_word' id='word_1_370' title='bbox 569 2623 658 2660; x_wconf 88' lang='lat' dir='ltr'>satis</span> <span class='ocrx_word' id='word_1_371' title='bbox 686 2626 753 2669; x_wconf 83' lang='lat' dir='ltr'>est,</span> <span class='ocrx_word' id='word_1_372' title='bbox 779 2621 984 2660; x_wconf 85' lang='lat' dir='ltr'>mendaciis</span> <span class='ocrx_word' id='word_1_373' title='bbox 1014 2626 1048 2658; x_wconf 88' lang='lat' dir='ltr'>et</span> <span class='ocrx_word' id='word_1_374' title='bbox 1078 2619 1272 2658; x_wconf 86' lang='lat' dir='ltr'>calumniis</span> <span class='ocrx_word' id='word_1_375' title='bbox 1300 2619 1445 2669; x_wconf 83' lang='lat' dir='ltr'>explere</span> <span class='ocrx_word' id='word_1_376' title='bbox 1473 2632 1537 2655; x_wconf 87' lang='lat' dir='ltr'>sua</span> <span class='ocrx_word' id='word_1_377' title='bbox 1566 2618 1703 2663; x_wconf 84' lang='lat' dir='ltr'>omnia,</span> 
     </span>
     <span class='ocr_line' id='line_1_40' title="bbox 180 2684 1701 2726; baseline -0.003 0"><span class='ocrx_word' id='word_1_378' title='bbox 180 2689 292 2726; x_wconf 88' lang='lat' dir='ltr'>modo</span> <span class='ocrx_word' id='word_1_379' title='bbox 329 2702 375 2726; x_wconf 86' lang='lat' dir='ltr'>ne</span> <span class='ocrx_word' id='word_1_380' title='bbox 409 2692 529 2725; x_wconf 88' lang='lat' dir='ltr'>taceat</span> <span class='ocrx_word' id='word_1_381' title='bbox 563 2692 598 2725; x_wconf 89' lang='lat' dir='ltr'>ct</span> <span class='ocrx_word' id='word_1_382' title='bbox 635 2701 779 2725; x_wconf 89' lang='lat' dir='ltr'>sursum</span> <span class='ocrx_word' id='word_1_383' title='bbox 819 2700 862 2724; x_wconf 87' lang='lat' dir='ltr'>ac</span> <span class='ocrx_word' id='word_1_384' title='bbox 899 2686 1068 2724; x_wconf 86' lang='lat' dir='ltr'>deorsum</span> <span class='ocrx_word' id='word_1_385' title='bbox 1098 2686 1223 2723; x_wconf 86' lang='lat' dir='ltr'>omnia</span> <span class='ocrx_word' id='word_1_386' title='bbox 1267 2685 1428 2722; x_wconf 84' lang='lat' dir='ltr'>misce&#39;at.</span> <span class='ocrx_word' id='word_1_387' title='bbox 1484 2684 1604 2721; x_wconf 87' lang='lat' dir='ltr'>Simili</span> <span class='ocrx_word' id='word_1_388' title='bbox 1631 2685 1701 2722; x_wconf 90' lang='lat' dir='ltr'>im-</span> 
     </span>
     <span class='ocr_line' id='line_1_41' title="bbox 182 2749 1702 2805; baseline -0.003 -15"><span class='ocrx_word' id='word_1_389' title='bbox 182 2753 359 2805; x_wconf 82' lang='lat' dir='ltr'>pudentia</span> <span class='ocrx_word' id='word_1_390' title='bbox 387 2754 554 2797; x_wconf 80' lang='lat' dir='ltr'>affirmat,</span> <span class='ocrx_word' id='word_1_391' title='bbox 580 2765 638 2788; x_wconf 89' lang='lat' dir='ltr'>me</span> <span class='ocrx_word' id='word_1_392' title='bbox 664 2755 745 2788; x_wconf 91' lang='lat' dir='ltr'>toto</span> <span class='ocrx_word' id='word_1_393' title='bbox 775 2751 911 2802; x_wconf 88' lang='lat' dir='ltr'>scripto</span> <span class='ocrx_word' id='word_1_394' title='bbox 940 2751 1012 2787; x_wconf 89' lang='lat' dir='ltr'>hoc</span> <span class='ocrx_word' id='word_1_395' title='bbox 1040 2763 1159 2799; x_wconf 82' lang='lat' dir='ltr'>agere,</span> <span class='ocrx_word' id='word_1_396' title='bbox 1186 2753 1227 2786; x_wconf 89' lang='lat' dir='ltr'>ut</span> <span class='ocrx_word' id='word_1_397' title='bbox 1254 2749 1417 2794; x_wconf 87' lang='lat' dir='ltr'>doceam,</span> <span class='ocrx_word' id='word_1_398' title='bbox 1444 2749 1702 2786; x_wconf 83' lang='lat' dir='ltr'>Sacramenta-</span> 
     </span>
     <span class='ocr_line' id='line_1_42' title="bbox 183 2812 1701 2862; baseline -0.003 -8"><span class='ocrx_word' id='word_1_399' title='bbox 183 2818 257 2854; x_wconf 86' lang='lat' dir='ltr'>rios</span> <span class='ocrx_word' id='word_1_400' title='bbox 285 2817 382 2854; x_wconf 87' lang='lat' dir='ltr'>idem</span> <span class='ocrx_word' id='word_1_401' title='bbox 411 2815 546 2853; x_wconf 85' lang='lat' dir='ltr'>sentire</span> <span class='ocrx_word' id='word_1_402' title='bbox 576 2815 619 2852; x_wconf 88' lang='lat' dir='ltr'>de</span> <span class='ocrx_word' id='word_1_403' title='bbox 649 2816 772 2852; x_wconf 87' lang='lat' dir='ltr'>Coena</span> <span class='ocrx_word' id='word_1_404' title='bbox 800 2814 955 2852; x_wconf 89' lang='lat' dir='ltr'>Domini</span> <span class='ocrx_word' id='word_1_405' title='bbox 984 2827 1067 2851; x_wconf 86' lang='lat' dir='ltr'>cum</span> <span class='ocrx_word' id='word_1_406' title='bbox 1096 2813 1339 2851; x_wconf 84' lang='lat' dir='ltr'>Confessione</span> <span class='ocrx_word' id='word_1_407' title='bbox 1356 2814 1589 2861; x_wconf 81' lang='lat' dir='ltr'>Augustana.</span> <span class='ocrx_word' id='word_1_408' title='bbox 1619 2812 1701 2862; x_wconf 80' lang='lat' dir='ltr'>Ego</span> 
     </span>
     <span class='ocr_line' id='line_1_43' title="bbox 184 2877 1702 2931; baseline -0.002 -12"><span class='ocrx_word' id='word_1_409' title='bbox 184 2881 462 2931; x_wconf 80' lang='lat' dir='ltr'>peregrinarum</span> <span class='ocrx_word' id='word_1_410' title='bbox 492 2879 758 2924; x_wconf 59' lang='lat' dir='ltr'>Ecclesfflrum,</span> <span class='ocrx_word' id='word_1_411' title='bbox 785 2892 878 2929; x_wconf 88' lang='lat' dir='ltr'>quae</span> <span class='ocrx_word' id='word_1_412' title='bbox 907 2882 994 2916; x_wconf 83' lang='lat' dir='ltr'>sunt</span> <span class='ocrx_word' id='word_1_413' title='bbox 1022 2878 1051 2916; x_wconf 73' lang='lat' dir='ltr'>J?</span> <span class='ocrx_word' id='word_1_414' title='bbox 1057 2877 1270 2923; x_wconf 68' lang='lat' dir='ltr'>ramoforti,</span> <span class='ocrx_word' id='word_1_415' title='bbox 1298 2889 1445 2914; x_wconf 80' lang='lat' dir='ltr'>causam</span> <span class='ocrx_word' id='word_1_416' title='bbox 1474 2890 1543 2927; x_wconf 80' lang='lat' dir='ltr'>ago</span> <span class='ocrx_word' id='word_1_417' title='bbox 1572 2877 1610 2915; x_wconf 89' lang='lat' dir='ltr'>in</span> <span class='ocrx_word' id='word_1_418' title='bbox 1640 2877 1702 2916; x_wconf 88' lang='lat' dir='ltr'>de-</span> 
     </span>
    </p>
   </div>
  </div>
 </body>
</html>
