1818 3178
184 157 255 193 216
533 165 583 190 m:
612 162 895 190 sAcRAMENT1s
924 164 1140 191 rcctnsur:
1167 165 1346 193 CHRISTI.

185 267 336 318 piantur
369 270 417 310 et,
450 278 543 315 quae
578 277 622 302 ex
648 264 723 301 illis
750 265 896 302 demum
926 266 1135 314 colligitur,'
1162 267 1332 307 doctrina
1360 269 1405 308 de
1430 271 1639 321 praesentia.
1665 274 1702 309 et

189 330 450 368 distributione
484 328 575 366 reali
608 328 713 366 iuxta
747 329 866 379 ipsam
903 330 1062 381 speciem
1095 345 1160 383 per
1187 345 1320 372 manus
1345 335 1508 373 ministri
1536 336 1701 387 corporis

187 393 326 431 Christi
352 393 390 430 in
419 404 545 437 coena,
571 392 884 442 quemadmodum
909 398 1039 444 postea
1066 395 1220 435 dicetur.

235 460 477 506 Argumenta,
502 469 596 507 quae
623 457 670 494 ad
696 457 928 508 probandam
955 458 1053 497 hanc
1080 459 1125 498 (le
1150 461 1217 498 tali
1245 463 1476 501 connexione
1492 464 1701 502 doctrinam

184 521 410 564 adferuntur,
437 534 513 558 non
539 521 751 572 putavimus
778 522 839 559 hic
864 524 1067 562 refellenda
1093 538 1185 571 esse,
1211 528 1510 579 quandoquidem
1538 529 1578 566 id
1605 529 1701 567 mul·

183 585 229 621 tis
255 583 330 622 iam
354 584 556 621 multorum
582 585 689 622 libris
715 586 856 624 factum
882 600 961 625 esse
988 588 1168 627 videmus.
1211 590 1272 635 Et,
1300 604 1382 629 cum
1411 593 1532 631 omnis
1560 593 1699 631 doctri-

182 661 251 686 nae
286 648 394 685 huius
430 649 553 686 fontes
590 650 865 688 constituantur
898 652 937 689 in
973 653 1094 691 verbis
1123 667 1258 693 coenae
1282 655 1388 694 iuxta
1415 670 1489 703 eaS,
1523 671 1614 708 quas
1642 671 1699 695 re-

182 713 403 756 censuimus,
438 712 776 764 interpretationes,
811 716 921 754 nobis
958 730 1046 755 sane
1079 717 1141 755 hic
1177 719 1266 757 satis
1300 720 1370 758 erit
1397 721 1614 766 ostendisse,
1640 735 1701 760 eas

180 777 500 828 interpretationes
539 779 663 816 verbis
700 792 835 818 coenae
869 781 1039 820 adhiberi
1074 796 1151 821 non
1186 797 1316 834 posse:
1344 789 1491 823 tantum
1516 786 1633 831 abest,
1659 790 1701 824 ut

178 840 347 878 doctrina
382 853 428 878 ex
460 841 643 880 eiusmodi
668 843 1039 894 interpretationibus
1067 847 1291 890 conec-(fol.
1320 850 1470 896 121b)ta
1499 850 1700 889 consistere

174 904 251 941 ullo
277 904 389 942 modo
417 906 548 956 poss1t.

227 967 309 1005 Iam
336 968 400 1019 qui
426 969 605 1008 unionem
631 974 936 1012 sacramentalem
961 987 1039 1013 non
1066 976 1107 1013 in
1136 976 1369 1015 connexione
1393 978 1470 1015 ulla
1497 979 1587 1016 reali
1614 991 1698 1016 cum

175 1031 381 1076 elementis,
417 1032 480 1070 sed
513 1035 553 1071 in
587 1034 670 1085 ipso
706 1036 870 1074 ministri
905 1051 1013 1089 opere
1047 1040 1244 1078 ministerii
1280 1043 1521 1080 ecclesiastici
1547 1043 1699 1082 nomine

173 1096 399 1134 constituere
435 1102 631 1145 conantur,
674 1103 715 1138 ut
750 1106 902 1153 propter
928 1104 1126 1142 ministerii
1152 1106 1349 1144 efficaciam
1375 1120 1440 1158 per
1466 1120 1598 1146 manus
1625 1109 1697 1146 mi-

171 1160 281 1199 nistri
314 1161 426 1199 nobis
461 1162 629 1201 exhiberi
664 1164 703 1202 in
737 1178 851 1204 coena
880 1180 960 1205 cum
988 1182 1083 1220 pane
1110 1173 1174 1207 aut
1200 1183 1264 1221 per
1290 1185 1425 1222 panem
1454 1172 1611 1212 doceant
1637 1174 1695 1225 ip-

173 1238 249 1262 sam
290 1225 536 1264 nihilominus
572 1228 822 1267 substantiam
851 1233 1017 1283 corporis
1044 1237 1080 1272 et
1108 1236 1301 1285 sanguinis
1339 1237 1479 1275 Christi
1505 1239 1697 1285 naturalis,

170 1288 222 1326 ita
250 1302 327 1326 rem
353 1293 528 1332 tractant,
552 1296 595 1329 ut
622 1305 690 1341 ego
718 1294 816 1340 illos,
843 1296 874 1333 si
900 1309 1027 1334 verum
1055 1299 1184 1342 fatear,
1212 1299 1420 1349 intelligere
1441 1315 1517 1340 non
1541 1304 1696 1354 possim,

171 1353 318 1391 etiamsi
353 1366 428 1391 non
464 1368 548 1393 raro
587 1369 670 1394 cum
694 1358 770 1397 illis
805 1364 841 1398 et
878 1361 1027 1412 scriptis
1054 1367 1089 1401 et
1116 1365 1239 1402 verbis
1267 1378 1391 1403 coram
1418 1368 1567 1416 egerim.
1622 1368 1696 1406 Sed

174 1416 245 1454 hoe
279 1416 372 1455 mihi
406 1422 530 1456 tamen
565 1420 694 1458 videor
719 1424 817 1474 apud
844 1437 907 1462 eos
933 1426 1049 1464 fuisse
1074 1433 1304 1479 assequutus,
1332 1431 1433 1481 quod
1459 1445 1481 1469 a
1506 1432 1695 1483 prioribus

169 1482 244 1519 illis
281 1483 497 1521 doctoribus
533 1498 608 1523 non
645 1487 717 1525 alia
752 1489 828 1526 ulla
865 1490 904 1527 in
943 1504 982 1528 re
1019 1492 1251 1540 dissentiant,
1288 1495 1362 1532 nisi
1388 1497 1487 1547 quod
1517 1497 1694 1535 unionem

169 1547 271 1584 illam
310 1550 614 1588 sacramentalem
656 1565 734 1590 non
769 1558 845 1602 tam
882 1555 921 1593 in
959 1557 1191 1596 connexione
1227 1561 1393 1611 corporis
1432 1561 1572 1600 Christi
1608 1577 1691 1602 cum

170 1624 264 1661 pane
298 1612 338 1649 in
375 1625 502 1660 coena,
537 1628 648 1665 quam
683 1617 723 1655 in
761 1619 961 1658 ministerii
996 1623 1119 1672 potius
1154 1624 1393 1663 ecclesiastici
1428 1627 1587 1665 efficacia
1623 1629 1693 1666 sub

172 1675 332 1713 ministri
383 1677 532 1715 interim
577 1692 686 1730 opere
728 1683 973 1730 constituere,
1016 1687 1267 1739 unionemque
1310 1689 1412 1727 illam
1446 1691 1695 1741 promissione

174 1739 312 1778 Christi
340 1741 494 1780 Domini
522 1746 741 1784 confirmare
768 1748 963 1787 videntur:
1016 1751 1093 1788 Ero
1121 1753 1314 1791 vobiscum
1342 1767 1458 1806 usque
1484 1756 1530 1794 ad
1559 1758 1695 1796 saeculi

174 1806 542 1854 consummationem,
569 1822 613 1847 ac
639 1823 806 1850 rursum:
834 1813 916 1863 Ego
943 1815 982 1852 in
1006 1816 1129 1854 medio
1157 1819 1271 1856 vestri
1299 1832 1378 1857 sum
1406 1825 1475 1859 etc.

224 1870 275 1906 At
300 1882 386 1907 vero
414 1871 533 1909 nihilo
560 1875 679 1923 magis
706 1876 850 1914 faciunt
878 1879 989 1917 verba
1017 1893 1152 1919 coenae
1180 1883 1227 1920 ad
1255 1883 1447 1923 doctrinae
1474 1885 1583 1924 huius
1603 1900 1693 1925 eon·

172 1935 431 1982 firmationem,
467 1951 576 1987 quam
614 1940 754 1979 faciant
789 1942 835 1979 ad
872 1945 1152 1995 approbandam
1190 1948 1324 1986 realem
1359 1950 1460 1988 illam
1502 1964 1589 1989 cumr
1620 1954 1692 1991 ele-

171 2000 304 2038 mentis
342 2014 477 2040 coenae
514 2005 678 2054 corporis
713 2009 748 2042 et
784 2008 976 2056 sanguinis
1016 2012 1299 2058 connexionem,
1336 2014 1408 2052 nisi
1432 2016 1597 2066 'perinde
1623 2031 1693 2055 no-

171 2077 255 2101 vam
291 2065 566 2118 Scripturisque
602 2069 785 2107 insuetam
822 2076 856 2109 et
893 2085 912 2109 a
947 2078 1080 2112 natura
1118 2077 1438 2116 Sacramentorum
1468 2080 1554 2128 (fol.
1583 2082 1692 2130 12221)

171 2140 320 2177 prorsus
362 2130 518 2168 alienam
563 2132 908 2185 interpretationem
950 2139 1072 2177 verbis
1118 2153 1253 2180 coenae
1289 2143 1544 2191 adhibeamus,
1578 2145 1692 2197 idque

173 2197 314 2241 praeter
349 2207 496 2234 omnem
528 2199 798 2245 necessitatem,
835 2214 916 2239 cum
953 2216 1022 2242 nos
1058 2218 1139 2243 eam
1175 2206 1384 2246 adferamus
1411 2209 1689 2261 interpretatio-

175 2269 269 2297 nem,
305 2272 396 2308 quae
432 2261 623 2312 scripturis
650 2277 726 2301 non
753 2268 901 2303 tantum
927 2271 982 2305 est
1013 2274 1272 2318 consentanea,
1300 2273 1363 2310 sed
1389 2273 1500 2310 etiam
1527 2274 1688 2312 familia-

173 2319 224 2356 ris
251 2320 290 2358 in
317 2334 358 2358 eo
387 2323 466 2373 ipso
496 2326 791 2366 Sacramentario
819 2337 1050 2379 argumento.
1082 2333 1302 2387 petaturque
1327 2349 1372 2374 ex
1399 2338 1557 2376 aliorum
1583 2339 1687 2377 loco-

173 2396 253 2419 rum
288 2385 365 2422 eius
392 2389 616 2427 narrationis
645 2392 854 2437 collatione,
889 2400 924 2434 et
950 2398 1107 2449 explicet
1134 2400 1179 2437 ad
1208 2414 1324 2438 unum
1351 2401 1581 2453 eundemque
1607 2418 1689 2442 mo-

174 2447 260 2484 dum
296 2453 464 2488 naturam
502 2453 822 2496 sacramentorum
861 2462 1024 2500 omnium
1062 2477 1106 2501 ac
1140 2465 1226 2502 fidei
1262 2466 1470 2515 Analogiae
1505 2468 1606 2506 omni
1643 2483 1687 2507 ex

174 2516 276 2560 parte
302 2514 523 2563 respondeat
550 2519 714 2559 omnino.

170 2704 314 2741 nisterii
356 2704 473 2754 ipsius
517 2710 686 2757 nomine,
727 2715 885 2763 primum
931 2722 1115 2769 ἔλλειψις
1150 2722 1189 2760 in
1225 2723 1446 2772 pronomine
1481 2726 1687 2763 necessarie

173 2767 365 2805 statuenda
394 2768 476 2813 erit,
512 2774 576 2808 aut
604 2785 710 2812 casus
738 2782 860 2817 rectus
887 2781 1050 2820 ablativo
1081 2785 1377 2824 commutandus.
1432 2786 1576 2824 Deinde
1602 2800 1686 2826 mu-

173 2831 284 2869 tanda
331 2831 440 2869 etiam
484 2834 588 2871 verbi
634 2845 685 2874 est
720 2839 964 2888 significatio,
1004 2850 1040 2884 et
1077 2848 1228 2885 verbum
1265 2856 1317 2886 est
1351 2849 1581 2887 reddendum
1617 2851 1687 2888 erit

174 2908 236 2945 per
269 2897 464 2933 exhibetur.
520 2898 711 2938 Postremo
753 2905 820 2941 sub
859 2912 1027 2957 corporis
1062 2912 1214 2950 nomine
1249 2913 1366 2964 ipsam
1401 2914 1565 2965 corporis
1594 2915 1683 2952 sub·
