1818 3178
193 125 280 157 cm
826 114 1066 148 mammo.

195 232 377 289 Epistola
410 231 457 273 ad
490 226 784 282 Bullingerum
817 225 880 267 his
911 223 1072 265 verbis:
1115 243 1135 267 n
1156 222 1332 278 Egoque
1364 221 1423 263 illi
1458 222 1500 276 (i.
1534 237 1569 264 e.
1602 221 1696 264 Me-

195 328 216 353 ῃ
238 303 435 356 lanchth.)
465 298 629 342 exhibui
662 296 885 353 legendum
919 295 1119 349 scriptum
1143 300 1331 334 nostrum
1354 292 1403 334 de
1426 291 1697 335 confessione

197 398 217 423 u
239 376 502 430 Augustam„
543 367 651 425 quod
694 375 733 409 et
765 367 972 408 Dominus
1005 364 1206 407 Calvinus
1237 364 1506 405 Francoforxi
1539 362 1701 420 legerat

196 470 216 495 n
236 453 275 487 et
319 443 520 499 quaedam
566 441 604 481 in
648 438 720 480 illo
761 438 913 480 mutari
955 435 1132 485 volebat,
1167 451 1274 490 quae
1305 436 1425 476 etiam
1460 442 1618 477 mutata
1648 451 1696 477 ex

195 540 215 565 's
236 523 350 572 parte
397 513 582 568 protinus
623 511 806 557 fuerunt,
857 509 1039 564 legitque
1079 507 1183 548 illud
1231 507 1452 562 Philippus
1493 515 1533 550 et
1573 508 1696 550 etiam

194 608 214 633 η
235 584 488 642 approbavit.
523 582 696 636 Iamque
727 580 958 629 excuditur,
991 578 1179 619 Basileae
1211 579 1370 633 opinor,
1402 579 1512 634 apud
1543 578 1698 635 Opori-

193 680 214 705 ῃ
234 670 347 705 num,
382 667 476 694 nam
509 652 546 693 id
579 651 735 707 negotii
758 650 940 692 Domino
958 647 1202 690 valerando
1223 647 1368 699 dedi;”
1394 650 1424 704 ¹)
1449 655 1488 690 et
1510 648 1700 690 disertius

191 728 312 768 etiam
346 725 395 766 ad
427 723 769 779 Sigismundum:
813 745 834 770 ss
851 719 1009 775 Scripsi
1041 735 1120 775 ego
1151 719 1236 775 ipse
1269 719 1572 775 apologeticam
1605 721 1696 763 doc-

195 821 215 846 n
236 798 369 840 trinae
400 802 564 837 nostrae
596 794 907 843 confessionem,
943 798 1099 847 quanto
1130 791 1248 846 potui
1271 792 1530 847 compendio,
1554 792 1699 834 adver-

195 893 216 917 η
235 884 304 911 sus
344 882 487 909 omnes
527 866 597 921 qui
638 881 713 907 nos
756 864 806 906 ab
838 863 1094 919 Augustana
1127 859 1401 904 Confessione
1431 870 1599 919 praeter
1631 879 1702 905 no-

195 948 364 987 nstrum
412 938 609 979 meritum
648 936 862 977 dissentire
895 934 1099 985 clamant3
1133 948 1308 988 eamque
1339 949 1363 975 a
1395 933 1574 976 Calvino
1616 935 1701 990 pri-

195 1035 216 1060 η
235 1026 348 1053 mum
391 1016 430 1051 et
461 1010 557 1058 suis,
591 1008 738 1049 deinde
769 1006 819 1048 ab
849 1005 1041 1047 omnibus
1071 1005 1344 1047 Francofurti
1375 1006 1698 1061 peregrinorum

196 1105 218 1130 η
238 1081 443 1132 Ecclesiis‚
487 1094 662 1133 moxque
704 1079 802 1120 item
834 1093 855 1119 a
886 1077 1123 1132 praecipuis
1152 1077 1194 1118 in
1230 1076 1381 1118 Hassia
1413 1076 1697 1119 Ecclesiarum

196 1176 217 1201 rt
236 1152 451 1200 Ministris,
483 1158 690 1207 postremo
722 1156 862 1191 autem
895 1148 1212 1205 VVitembergae
1242 1165 1266 1191 a
1301 1149 1482 1190 Domino
1503 1149 1703 1205 Philippo

197 1246 217 1271 n
237 1223 563 1266 Melanchthone
596 1221 740 1263 lectam
774 1228 813 1261 et
844 1220 1152 1261 consentienter
1183 1220 1470 1276 approbatam,
1496 1220 1697 1262 edendam

198 1317 218 1343 ῃ
239 1295 395 1351 pridem
428 1293 570 1335 curavi
690 1291 778 1335 Sub
811 1291 955 1347 praelo
986 1291 1123 1332 adhuc
1154 1290 1344 1332 haeret.''
1378 1293 1410 1344 2)
1463 1290 1562 1343 Qua
1593 1290 1704 1333 deni—

195 1381 274 1421 que
315 1366 474 1407 ratione
514 1365 552 1406 in
595 1363 811 1406 scribendo
850 1371 1037 1405 versatus
1078 1363 1141 1412 sit,
1188 1369 1282 1419 apte
1326 1363 1427 1405 haec
1460 1364 1547 1405 eius
1579 1363 1703 1405 verba

196 1437 426 1480 illustrant:
471 1437 755 1483 JsDoctrinam
803 1434 1172 1491 (adversariorum)
1218 1449 1315 1475 cum
1357 1434 1408 1476 ab
1439 1434 1582 1476 eodem
1614 1436 1703 1490 ipso

200 1530 220 1555 u
242 1507 404 1566 Cyrillo
433 1507 602 1549 infinitis
632 1506 745 1555 locis,
779 1514 863 1547 tum
897 1521 996 1547 vero
1027 1507 1148 1547 etiam
1182 1505 1232 1547 ab
1254 1506 1446 1547 omnibus
1468 1505 1705 1547 orthodoxis

201 1603 221 1628 η
240 1581 473 1636 primaevae
513 1585 603 1635 post
637 1577 861 1633 Apostolos
902 1577 1113 1619 Ecclesiae
1143 1577 1352 1628 Patribus,
1388 1578 1587 1619 continua
1616 1593 1705 1619 suc-

202 1672 222 1697 n
242 1651 423 1692 cessione
466 1649 718 1690 unanimiter
764 1655 1052 1704 oppugnatam
1092 1663 1178 1689 esse
1218 1647 1490 1697 affirmamus,
1522 1647 1562 1689 id
1594 1648 1704 1704 quod

204 1743 224 1768 η
243 1721 357 1763 brevi
388 1736 461 1776 per
494 1720 572 1761 Dei
603 1720 779 1775 gratiam
810 1735 892 1760 non
926 1719 1118 1775 equidem
1150 1719 1313 1768 nostris,
1348 1719 1416 1760 sed
1434 1720 1707 1775 ipsorummet

204 1815 224 1840 n
245 1798 439 1834 autorum
470 1790 616 1839 verbis,
651 1805 785 1846 neque
817 1790 951 1831 verbis
983 1790 1133 1840 solum,
1168 1789 1235 1832 sed
1269 1790 1401 1847 plenis
1421 1790 1594 1832 illorum
1615 1806 1706 1832 sen-

205 1884 225 1910 a
244 1863 378 1905 tentiis
408 1877 455 1903 ac
485 1860 714 1903 rationibus
746 1860 1166 1904 demonstravimus.''
1198 1864 1228 1917 ⁵)

259 1934 320 1975 Ex
351 1932 527 1988 Oporini
558 1932 721 1974 officina
750 1932 901 1988 prodiit
932 1949 968 1976 a.
1005 1934 1114 1975 1556
1148 1932 1224 1975 sub
1254 1933 1331 1975 hoc
1363 1933 1505 1977 titulo:

260 2006 456 2058 Parqatz'o
497 2005 768 2046 ministrorum
800 2005 840 2045 ῐη,
873 2006 1050 2046 Ecclesia
1084 2006 1396 2062 Pereqrinoram
1428 2008 1711 2064 francofurti,

203 2078 391 2118 adversus
421 2091 549 2118 eorum
581 2078 802 2117 calumnias
832 2078 902 2132 qai
932 2077 1100 2131 ipsorum
1131 2079 1351 2120 doctrinam
1386 2081 1433 2120 de
1465 2079 1617 2123 Christi
1644 2082 1713 2124 Do-

203 2149 300 2189 mini
327 2149 369 2189 in
401 2162 518 2189 coena
548 2163 622 2188 sua
647 2149 884 2203 praesentia
915 2149 1167 2190 dissensionis
1199 2155 1388 2191 accusant
1409 2152 1454 2192 ab
1476 2155 1711 2204 Achustarza

208 2217 481 2274 Confessimze.
527 2223 676 2260 Autore
715 2220 768 2260 D.
801 2220 950 2260 Ioanne
979 2221 1003 2262 ιὶ
1035 2221 1173 2272 Lasco,
1209 2223 1368 2263 Barone
1399 2223 1562 2275 Polono,
1595 2225 1713 2266 Basi-

206 2293 292 2333 leae
316 2306 389 2343 per
419 2290 605 2331 Ioannem
642 2291 852 2343 Oporinum
884 2292 932 2345 4).

263 2361 514 2404 Germanice
545 2376 635 2401 eam
668 2361 877 2402 transtulit
908 2361 1203 2405 FROMBERGER
1233 2371 1273 2406 et
1306 2364 1614 2422 Heidelbergae
1635 2367 1717 2407 edi-

206 2432 276 2481 dit,
308 2432 384 2473 hoc
414 2437 604 2472 ornatam
635 2432 773 2473 titulo:

266 2502 499 2555 Famam,
539 2503 610 2542 dax
645 2503 709 2554 ist,
750 2503 813 2543 eia]
856 2506 1075 2558 votwendiy
1121 2507 1338 2548 Christlielc
1378 2507 1415 2548 V
1412 2512 1719 2568 erantwortuny,

253 2701 277 2739 ¹)
300 2700 327 2732 Ι.
349 2700 367 2731 iz
389 2699 509 2737 LAsco,
535 2700 645 2741 Opera,
669 2702 738 2734 Vol.
761 2702 803 2735 11.
827 2714 857 2745 p.
881 2702 951 2737 735.

250 2755 276 2794 ²)
300 2754 432 2794 Ibidem,
457 2755 526 2788 Vol.
550 2756 592 2788 11.
616 2767 646 2797 p.
669 2755 739 2789 739.

250 2810 278 2850 ³)
301 2810 434 2848 Ibidem,
458 2810 528 2842 Vol.
550 2810 592 2842 ΙΙ.
616 2821 645 2852 p.
671 2811 720 2843 16.

251 2867 277 2907 ⁴)
303 2866 349 2896 Ad
375 2866 492 2897 calcem
518 2866 588 2896 libri
614 2866 744 2907 legitur:
768 2868 860 2899 Anno
883 2869 1002 2902 Salutis
1027 2872 1192 2905 Humanae
1218 2874 1405 2907 M.D.L.I'I
1428 2876 1536 2907 Men-513
1559 2877 1729 2909 Decembri.
