1818 3178
224 116 296 155 276

222 225 399 269 tulerunt,
433 236 507 261 non
548 222 684 259 facturi
720 222 851 272 procul
885 221 1013 268 dubio,
1047 222 1077 259 si
1103 235 1184 260 eam
1211 223 1292 275 pari
1318 224 1401 261 loco
1430 236 1513 260 cum
1543 223 1745 275 Scripturis

222 287 313 338 ipsis
340 286 570 324 habuissent.
604 284 721 321 Porro
751 297 834 322 cum
861 289 990 323 nostra
1016 284 1193 335 Purgatio
1223 287 1346 325 verbis
1371 287 1565 338 ipsiusmet
1591 288 1674 337 (fol.
1703 289 1745 336 8)

225 350 479 388 confessionis
512 348 691 400 loquitur,
725 363 844 400 neque
878 350 994 387 ullam
1031 351 1184 388 omnino
1220 352 1365 390 adferat
1389 352 1748 402 interpretationem,

221 427 314 465 quae
350 425 426 450 non
462 426 508 451 ex
545 412 690 451 collatis
726 418 855 451 mutuo
893 414 986 452 locis
1022 414 1123 452 illius
1151 419 1310 466 petatur,
1337 416 1438 453 unde
1465 416 1569 461 mihi,
1597 429 1748 466 quaeso,

221 477 367 514 labores
395 477 622 528 sudoresque
647 477 703 514 illi
730 482 766 515 et
794 478 920 517 nescio
948 492 1042 530 quae
1070 479 1372 528 defatigationes,
1402 480 1445 518 de
1466 480 1603 531 quibus
1626 480 1748 517 West-

218 541 352 592 phalus
389 541 578 578 somniat?
633 541 713 592 Ego
750 542 806 579 illi
834 543 926 580 sudo
955 555 998 580 ac
1027 543 1214 593 defatigor
1242 544 1395 585 scilicet.
1424 544 1511 581 dum
1540 544 1662 581 verbis
1689 543 1747 594 ip-

221 607 297 643 sius
334 606 592 644 Confessionis
627 607 763 657 loquor
800 612 836 645 et
872 621 917 645 ex
954 607 1032 645 eius
1061 608 1154 645 locis
1182 621 1261 646 eam
1291 608 1529 660 interpretor,
1556 609 1635 659 ipse
1660 621 1748 646 vero

221 669 272 718 (si
305 669 384 707 Deo
420 670 559 721 placet)
594 684 771 721 syncerus
806 671 908 709 illius
935 676 1192 722 propugnator
1219 672 1301 719 erit,
1328 672 1405 723 qui,
1433 685 1515 710 cum
1543 672 1750 723 pugnantia

223 746 302 771 cum
333 734 398 772 illa
427 735 570 779 doceat,
597 734 644 772 ab
673 734 752 773 eius
781 749 819 773 se
846 735 1093 774 nihilominus
1111 736 1281 786 partibus
1302 741 1399 774 stare
1420 737 1565 775 clamat.
1595 737 1749 774 Quanto

221 811 307 836 vero
342 799 464 848 magis
500 799 711 836 sudandum
747 804 801 837 est
839 799 1069 850 Westphalo,
1104 804 1145 838 ut
1182 800 1368 847 ostendat,
1408 800 1456 837 ab
1485 800 1609 851 impiis
1636 812 1751 851 aeque

222 867 332 913 atque
367 877 388 900 a
424 863 495 914 piis
532 863 592 901 edi
626 864 666 902 in
704 864 827 902 Coena
864 877 928 902 ore
965 865 1104 902 carnali
1142 865 1211 902 sub
1238 879 1348 916 pane,
1376 878 1438 903 seu
1467 865 1507 902 in
1534 878 1629 916 pane
1655 864 1751 915 ipso,

219 926 339 977 ipsam
374 927 623 965 substantiam
664 925 831 979 corp‘oris
869 928 1008 967 Christi
1036 929 1230 976 naturalis,
1260 943 1344 967 cum
1370 929 1451 980 ipsa
1480 929 1622 980 alioqui
1651 930 1750 966 Con—

221 991 334 1028 fessio
372 991 493 1029 verbis
529 992 711 1043 expressis
739 996 907 1039 testetur,
933 993 1018 1040 fide,
1046 1007 1123 1031 non
1150 998 1274 1032 autem
1302 1007 1365 1032 ore
1395 993 1536 1032 carnali
1563 993 1642 1031 sine
1668 993 1754 1039 fide,

219 1056 360 1107 percipi
394 1057 565 1106 gratiam,
592 1070 703 1108 quam
733 1059 972 1096 Sacramenta
1004 1059 1245 1108 significant?
1300 1059 1348 1097 Et
1375 1063 1533 1097 testatur
1560 1062 1750 1110 praeterea

219 1119 332 1157 etiam
367 1120 483 1170 ipsius
519 1121 719 1171 Apologia,
755 1122 880 1160 vivum
918 1137 1018 1169 sane,
1054 1137 1129 1161 non
1176 1127 1300 1161 autem
1338 1124 1412 1161 vita
1450 1123 1647 1174 gloriaque
1684 1136 1750 1161 sua

221 1185 428 1235 spirituque
461 1185 551 1222 item
589 1200 655 1223 suo
693 1187 841 1225 vivifico
876 1188 1108 1234 destitutum,
1143 1189 1222 1226 vivi
1259 1189 1390 1240 utique
1428 1188 1568 1225 Christi
1596 1188 1751 1225 Domini

225 1261 357 1299 corpus
386 1249 456 1296 edi,
484 1251 592 1300 quale
620 1256 717 1289 certe
743 1252 861 1302 impii,
888 1252 1033 1290 etiamsi
1060 1253 1121 1290 bic
1148 1258 1340 1304 rumpatur
1369 1253 1618 1304 Westphalus,
1646 1252 1753 1290 edere

222 1325 415 1362 nunquam
440 1317 608 1363 possunt.
662 1313 738 1351 Hic
764 1314 880 1363 igitur
907 1315 1059 1353 sudores
1089 1329 1176 1353 suos
1202 1316 1306 1367 prius
1334 1316 1525 1365 abstergat
1553 1314 1753 1366 Westpha-

222 1376 294 1421 lus,
321 1389 433 1426 quam
459 1390 529 1414 nos
557 1376 708 1415 sudasse
736 1379 866 1427 fingat.
898 1380 972 1417 Cur
999 1384 1121 1417 autem
1149 1393 1250 1418 nunc
1278 1379 1487 1418 doctrinam
1515 1393 1634 1418 meam
1663 1380 1753 1417 Cin-

223 1440 388 1489 glianam
433 1444 554 1486 vocat,
589 1441 653 1492 qui
691 1455 749 1480 me
785 1443 876 1480 alias
913 1442 961 1481 ab
998 1443 1172 1481 omnibus
1212 1443 1410 1481 dissentire
1440 1444 1636 1494 jactabat?
1696 1443 1753 1481 De

227 1505 375 1554 Cinglio
413 1518 498 1543 vero
536 1506 638 1544 aliud
675 1506 736 1544 hic
763 1520 838 1546 non
869 1507 1001 1555 dicam,
1028 1521 1139 1559 quam
1167 1508 1268 1560 quod
1295 1511 1517 1558 Augustana
1543 1509 1624 1560 ipsa
1652 1509 1754 1546 Con-

225 1570 338 1607 fessio
375 1583 452 1608 non
488 1575 565 1608 tam
591 1571 648 1608 illi
674 1572 862 1619 reclamat,
890 1586 1003 1624 quam
1031 1573 1269 1624 Westphalus
1299 1586 1381 1611 cum
1410 1573 1486 1611 suis
1514 1574 1636 1618 vellet,
1664 1573 1753 1612 dum

224 1634 385 1684 gratiam
422 1635 672 1673 Sam-amentis
707 1636 914 1686 significari
953 1637 1072 1684 docet,
1108 1637 1179 1674 nisi
1210 1637 1241 1674 si
1266 1636 1385 1688 ipsam
1416 1637 1582 1689 corporis
1612 1636 1754 1675 Christi

223 1698 264 1735 in
292 1698 416 1736 Coena
442 1699 767 1751 participationem
794 1714 815 1739 a
841 1702 963 1751 gratia
990 1701 1060 1740 Dei
1088 1702 1285 1741 excludere
1312 1702 1484 1743 velimus.

225 1762 359 1802 Ioan.
386 1762 409 1801 ὲ.
436 1763 604 1803 Lasco.

276 1828 402 1865 Patiar
428 1828 490 1865 hic
515 1829 640 1867 West-
1203 1834 1239 1870 4.

224 1892 309 1940 (iol.
339 1892 533 1943 9)phalum
561 1893 636 1931 suis
1053 1894 1382 1946 Westphalus.

225 1956 420 2006 indulgere
453 1957 574 2004 furiis,
599 1961 642 1995 ut
745 1960 832 1996 Non
857 1960 953 1997 videt
979 1966 1112 1998 acutus
1138 1961 1204 1998 iste
1232 1962 1362 2009 Arqus
1390 1962 1427 1997 in
1455 1960 1623 1998 tenebras
1650 1972 1687 1997 se
1713 1960 1755 1997 id

228 2034 286 2059 me
320 2022 457 2070 (facete
485 2023 644 2070 scilicet)
697 2030 918 2068 convertere,
946 2026 1047 2073 quod
1073 2027 1228 2062 intendit
1251 2026 1480 2075 persuadere
1509 2026 1593 2062 aliis
1621 2026 1754 2062 claris-

226 2089 376 2123 acutum
419 2085 557 2136 pariter
594 2098 637 2123 ac
688 2088 820 2124 simam
857 2101 932 2125 esse
969 2090 1097 2134 lucem,
1133 2089 1219 2126 (Iam
1254 2102 1363 2126 suam
1392 2090 1612 2133 doctrinam,
1640 2102 1752 2138 quam

227 2162 376 2188 caecum
410 2153 557 2200 Argum
584 2151 641 2189 fa·
693 2153 855 2189 vendicat
884 2166 958 2201 pro
995 2154 1128 2190 divinis
1167 2155 1342 2200 oraculis,
1379 2155 1546 2191 traducit
1574 2167 1648 2202 pro
1683 2154 1752 2189 lm-

229 2213 314 2260 ciat‚
371 2227 482 2265 quem
534 2218 643 2252 antea
696 2229 805 2253 mano
843 2223 1055 2255 commento.
1109 2218 1210 2255 Nam
1246 2220 1281 2254 sz‘
1313 2219 1477 2254 humana
1507 2218 1675 2254 doctrina
1705 2223 1756 2254 est

227 2278 336 2328 paulo
362 2279 482 2316 instar
502 2279 646 2317 sinuosi
697 2282 756 2327 (ut
784 2282 939 2329 scribit),
968 2295 1078 2330 quam
1107 2283 1215 2319 habet
1243 2283 1469 2331 Auyustana
1500 2281 1705 2330 Confessio,
1724 2287 1757 2318 ec

229 2342 408 2391 serpentis
445 2346 635 2381 versutum
688 2346 763 2382 eius
811 2347 989 2382 sententia
1027 2358 1110 2383 cnm
1147 2360 1185 2383 eo
1223 2361 1291 2395 per
1333 2348 1456 2384 omnia
1496 2348 1677 2395 congruit,
1714 2353 1757 2384 ut

226 2411 262 2444 et
288 2407 340 2443 ita
366 2411 552 2457 praeterea
578 2408 639 2445 in·
690 2410 888 2457 yloriatur,
925 2423 995 2459 quo
1035 2412 1112 2447 alio
1148 2411 1293 2448 nomine
1329 2412 1421 2448 Ιιαεο
1468 2412 1652 2448 censenda
1692 2417 1756 2457 est,

226 2470 423 2518 gcniosum
442 2485 520 2509 esse
535 2473 637 2510 vole·
690 2486 804 2522 quove
840 2475 1012 2513 habenda
1053 2476 1142 2522 alio,
1180 2488 1291 2525 quam
1329 2476 1520 2513 doctrinae
1555 2475 1757 2522 menzanae,

230 2535 306 2580 bat,
325 2540 364 2573 ut
381 2536 491 2573 verba
503 2536 641 2575 Hilarii
692 2541 771 2577 loco
787 2539 804 2576 ?

228 2599 268 2638 in
296 2613 353 2638 me
374 2605 546 2651 torquere
564 2615 641 2639 non

230 2663 430 2703 dubitaret.
517 2665 639 2703 Quid-

230 2728 319 2779 quid
355 2733 478 2766 autem
514 2729 559 2766 de
584 2742 643 2767 me
693 2757 705 2770 ο

231 2797 402 2842 nugetur,
446 2806 506 2831 me
554 2806 642 2830 sanc

227 2856 318 2894 adeo
355 2856 448 2894 nihil
484 2856 610 2908 pudet,
646 2869 794 2895 omnem
832 2871 950 2897 meam
988 2858 1199 2898 doctrinam
1237 2872 1304 2910 pro
1341 2860 1500 2899 humana
1539 2873 1754 2910 agnoscere,
