1818 3178
1528 99 1599 137 293

73 215 318 254 confessione
352 216 502 252 nostrae
537 213 837 266 interpretationi
872 215 1084 253 reclamare.
1139 212 1211 251 Sed
1255 210 1427 249 ostendat
1452 210 1491 248 id
1519 222 1595 248 non

72 280 149 317 suis
186 279 369 317 duntaxat
405 291 602 316 suorumve
627 278 965 317 asseverationibus
992 278 1075 326 (fol.
1103 279 1172 324 37)
1201 275 1503 327 usurpationibus
1530 278 1594 313 aut

71 343 456 395 interpretationibus,
497 357 589 394 quas
634 357 703 382 nos
749 357 832 382 cum
877 343 1046 380 doctrina
1092 341 1349 380 Confessionis
1392 340 1595 378 consistere

74 409 361 459 haudquaquam
410 421 519 458 posse
555 408 725 455 dicimus,
761 409 825 446 sed
862 408 984 446 verbis
1020 407 1111 458 ipsis
1149 407 1404 457 doctrinaque,
1437 418 1482 443 ex
1517 404 1593 442 illis

74 473 239 517 collecta,
266 472 305 509 in
332 472 411 523 ipsa
441 472 695 519 Confessione‚
722 472 1034 523 quemadmodum
1062 484 1130 509 nos
1158 471 1197 508 in
1222 475 1349 508 nostra
1368 468 1595 518 Purgatione

75 535 223 573 abunde
259 535 503 582 ostendimus,
541 535 840 574 commonstratis
871 536 911 573 in
945 536 1026 586 ipsa
1055 535 1300 572 Confessione
1324 538 1359 571 et
1386 534 1465 571 eius
1494 535 1598 583 Apo-

72 599 172 649 logia
201 599 305 644 locis‚
333 599 444 636 verba
471 613 514 637 ac
542 605 701 638 mentem
731 599 986 637 Confessionis
1014 611 1247 649 nequaquam
1266 611 1374 649 posse
1395 597 1596 635 consistere

76 663 161 700 cum
202 663 429 713 prodigiosis
467 663 675 715 Westphali
716 663 1053 712 imaginationibus
1092 662 1136 699 de
1173 662 1339 713 corporis
1379 661 1518 699 Christi
1558 661 1598 699 in

74 739 169 778 pane
206 727 351 764 Coenae
387 727 464 764 sive
491 728 672 765 immensa
701 727 778 765 sive
804 726 916 764 locali
944 726 1210 769 delitescentia.
1238 730 1421 776 quatenus
1449 725 1599 776 quidem

76 791 180 828 nullo
219 804 330 828 sensu
363 791 504 842 percipi
540 796 675 842 potest,
710 795 746 829 et
781 790 826 828 de
863 790 1052 828 communi
1088 790 1189 827 illius
1225 790 1296 840 piis
1323 790 1460 840 pariter
1487 794 1598 840 atque

75 855 200 906 impiis
237 868 300 893 ore
329 856 469 892 carnali
495 869 541 893 ex
566 856 683 906 ipsius
715 855 882 893 Ministri
908 854 1081 892 manibus
1109 853 1408 898 manducatione,
1435 853 1471 890 id
1499 852 1601 903 quod

75 921 218 971 alioqui
245 921 366 959 obiter
393 922 505 959 etiam
531 921 723 970 attigimus
751 921 790 957 in
816 919 1046 971 Paragraphi
1071 919 1174 957 tertii
1201 918 1454 969 responsione.
1508 917 1600 954 Cae-

74 990 196 1024 terum
223 986 369 1036 Erinny
399 985 672 1036 Westphalicae
699 985 789 1023 satis
817 990 872 1023 est
900 985 1038 1022 dixisse
1056 983 1238 1035 quidquid
1260 983 1442 1028 collibuit,
1458 982 1603 1020 etiamsi

76 1064 172 1102 quae
216 1050 310 1088 dixit
345 1063 463 1101 neque
498 1050 631 1102 probet
667 1062 785 1100 neque
821 1049 980 1100 probare
1014 1048 1145 1100 possit.
1199 1047 1259 1085 Ita
1296 1060 1383 1084 sane
1419 1051 1454 1084 ct
1490 1059 1603 1091 nunc,

79 1116 187 1166 quasi
221 1115 294 1153 iam
329 1128 394 1152 sua
427 1115 622 1166 probasset
659 1113 797 1159 omnia,
832 1126 926 1164 quae
961 1112 1112 1150 interim
1149 1116 1387 1149 controversa
1414 1124 1493 1149 esse
1520 1117 1554 1148 et
1582 1124 1602 1148 a

79 1180 190 1218 nobis
224 1180 353 1229 negari
390 1180 506 1226 novit,
542 1183 627 1217 suas
663 1178 774 1216 nobis
811 1178 950 1216 occinit
976 1177 1238 1228 usurpationes
1265 1179 1300 1214 et
1328 1175 1603 1226 interpretatio-

78 1258 157 1290 nes,
190 1248 226 1283 et
265 1257 370 1282 more
402 1244 551 1281 interim
587 1255 655 1281 suo
691 1246 819 1280 nostra
854 1241 979 1280 omnia
1007 1241 1184 1292 depravat
1212 1246 1246 1278 et
1274 1238 1536 1281 calumniatur.
1563 1242 1603 1276 ut

78 1322 118 1347 se
144 1309 202 1347 sui
229 1308 368 1360 ubique
395 1307 553 1347 similem
582 1320 662 1345 esse
689 1306 863 1346 declaret.

1225 1369 1359 1407 Ioan.
1387 1367 1410 1406 a
1436 1367 1604 1406 Lasco.

587 1438 648 1475 19.
1231 1432 1398 1470 Tametsi
1425 1432 1606 1481 Peragra-

457 1501 785 1553 Westphalus.
1208 1498 1304 1549 phus
1339 1497 1409 1535 iste
1437 1496 1531 1535 nihil
1558 1497 1604 1534 ad

134 1568 212 1606 Nos
247 1569 314 1605 etsi
355 1568 414 1604 liic
444 1569 655 1617 promiscue
691 1573 840 1604 utamur
868 1566 904 1602 in
931 1578 1004 1602 uno
1032 1578 1154 1609 sensu,
1207 1566 1535 1600 causamnostram
1548 1562 1602 1598 sn·

69 1634 179 1682 salso
217 1633 320 1669 nobis
354 1638 477 1669 tamen
513 1632 693 1680 impingit,
732 1643 797 1667 nos
827 1642 968 1679 ponere
1003 1630 1154 1666 localem
1208 1626 1420 1675 ciat(nobis
1439 1626 1605 1663 enimres

83 1698 331 1734 inclusionem.
387 1697 487 1733 Nam
530 1708 755 1744 usurpamus
798 1707 874 1739 eas,
908 1699 982 1730 tum
1020 1701 1152 1730 contra
1206 1696 1262 1729 est
1290 1691 1334 1728 de
1362 1690 1608 1728 consensione

83 1764 275 1812 Papistas,
310 1768 383 1798 tum
416 1762 640 1811 Berenqarii
665 1762 842 1798 asseclas.
901 1762 1038 1798 Contra
1071 1760 1153 1796 Pa·
1207 1756 1399 1795 doctrinae
1456 1761 1606 1794 nostrae

72 1828 250 1877 pisticam
287 1831 500 1876 μετουσῖκν
529 1828 705 1874 fatemur
732 1827 771 1862 in
800 1826 1046 1863 Sacramento
1075 1824 1160 1861 Ειι-
1214 1835 1297 1859 cum
1385 1823 1606 1871 Augustana

84 1890 169 1940 (fol.
206 1891 476 1938 38)clearz·stiae
513 1903 588 1928 esse
624 1896 657 1928 et
692 1902 840 1927 manere
869 1891 1056 1926 elementa.
1108 1888 1161 1925 Ec
1214 1885 1469 1930 Cmfessione,
1530 1897 1607 1922 non

85 1964 215 1994 contra
260 1956 566 2005 Berenqarianos
612 1955 838 2001 confitemur,
884 1967 956 1991 non
991 1955 1071 1991 sola
1108 1954 1163 1990 vel
1213 1955 1337 1989 autem
1381 1949 1609 2000 Westphali-

83 2022 194 2070 siqna
234 2022 289 2058 vel
316 2021 464 2069 fissuras
502 2020 661 2057 absentis
697 2019 864 2069 corporis
892 2025 924 2056 et
962 2018 1157 2067 sanquinis
1210 2016 1262 2053 cis
1288 2013 1611 2065 usurpationibus,

87 2101 162 2124 esse
196 2100 332 2136 panem
370 2092 402 2123 ec
438 2087 571 2130 vinum,
605 2086 672 2122 sed
707 2098 788 2122 cum
817 2085 996 2122 elementis
1024 2096 1087 2121 seu
1114 2085 1165 2119 si·
1219 2084 1401 2132 quatenus
1470 2077 1611 2130 alioqui

86 2153 169 2200 quis
204 2151 417 2196 visibilibus,
450 2150 559 2187 simul
594 2151 723 2186 adesse
760 2149 972 2197 dispensari
1007 2155 1038 2184 ec
1064 2148 1161 2184 sumi
1212 2144 1323 2183 nobis
1351 2145 1390 2182 in
1408 2144 1489 2195 ipsa,
1509 2143 1608 2181 Con-

84 2229 209 2254 verum
244 2228 378 2265 corpus
415 2221 447 2252 et
481 2215 699 2264 sanquinem
731 2212 876 2252 Christi.
933 2215 1074 2261 Corpus
1102 2213 1159 2248 in·
1211 2210 1374 2247 sessione
1418 2221 1612 2246 common-

87 2283 296 2330 telliyenles,
341 2280 401 2327 (5)
447 2292 519 2316 non
561 2280 719 2327 sz'qnum,
764 2291 837 2314 non
873 2279 1050 2317 virtutem.
1085 2289 1158 2313 non
1211 2274 1321 2312 strari
1338 2275 1612 2324 nonpossuut)‚

87 2348 231 2390 merita,
269 2358 341 2382 mon
377 2344 614 2387 divinitatem,
650 2356 722 2379 non
757 2341 978 2383 societatem,
1006 2354 1079 2377 non
1097 2343 1163 2388 jus
1215 2337 1609 2387 gaudemustamenil-

86 2413 125 2448 in
161 2422 329 2459 corpore,
362 2410 428 2445 secl
463 2421 598 2456 corpus
627 2408 729 2457 quod
748 2420 822 2455 pro
849 2406 952 2443 nobis
981 2406 1156 2442 traditum.
1209 2404 1374 2453 lumjam
1390 2407 1526 2440 extare.
1539 2401 1611 2439 Ni-

87 2481 151 2518 est,
197 2481 228 2512 et
265 2475 496 2522 sanquinem,
533 2485 604 2509 non
636 2472 816 2520 siqui-am,
861 2483 934 2507 non
968 2471 1167 2518 symbolum
1219 2468 1356 2505 mirum
1382 2467 1483 2505 ineo
1504 2467 1612 2504 mali·

87 2540 295 2588 sanyuinis,
331 2540 396 2576 secl
429 2551 507 2575 eum
546 2538 610 2585 qui
636 2538 776 2585 effusus
804 2542 856 2573 est
877 2548 951 2584 pro
979 2536 1081 2572 nobis
1109 2536 1148 2572 in
1201 2534 1461 2584 ciosaprorsus
1473 2533 1611 2570 calum-

89 2606 334 2643 remissionem
358 2610 612 2652 peccatorum.
794 2615 798 2625 ν’
1220 2598 1352 2636 niandi
1378 2602 1504 2636 nostra
1532 2610 1612 2634 om-

1216 2662 1277 2701 nia
1285 2661 1405 2700 libido
1415 2660 1612 2711 Westpha-

1214 2727 1286 2765 lica
1306 2725 1472 2777 conspici
1489 2737 1532 2762 ac
1551 2737 1614 2765 vc-

1218 2791 1290 2829 luti
1338 2790 1455 2839 digito
1509 2801 1611 2825 com-

1218 2854 1418 2897 monstrari
1477 2857 1613 2907 potest.
