1818 3178
118 127 189 164 142
466 131 516 158 na
545 125 825 157 sAanMnnms
856 122 1067 151 EchEslAE:
1095 120 1273 150 cnmsm.

169 236 359 274 Hactenus
402 232 515 280 igitur
561 228 733 266 convenit
776 227 873 264 inter
908 237 1049 268 omneS,
1084 227 1125 261 ut
1168 223 1355 261 fateantur
1389 221 1629 266 unanimiter,

116 300 328 349 mysterium
365 297 676 333 sacramentorum
710 303 789 328 esse
825 294 992 326 nostram
1029 300 1112 324 cum
1148 287 1296 324 Christo
1332 285 1495 323 Domino
1525 297 1628 322 com-

116 363 325 400 munionem
366 361 401 396 in
440 369 592 406 corpore
627 359 661 392 et
697 353 876 402 sanguine
921 351 1055 402 ipsius;
1095 364 1177 387 cum
1214 350 1353 401 alioqui
1390 354 1532 387 certum
1569 350 1631 394 sit,

117 439 182 463 nos
218 425 318 461 iuxta
354 422 504 458 alteram
542 418 681 455 Christi
717 416 871 454 Domini
908 420 1090 459 naturam,
1125 428 1256 464 nempe
1284 414 1460 457 divinam,
1488 413 1626 450 nullam

115 501 197 525 cum
231 487 310 536 ipso
339 483 541 521 naturalem
570 482 704 518 habere
733 479 1043 522 communionem,
1071 490 1154 514 cum
1180 477 1295 514 simus
1324 482 1523 518 creaturae.
1549 476 1628 525 ipse

115 564 197 589 vero
234 555 401 586 aeternus
439 560 521 583 cum
558 546 666 582 Patre
702 557 766 582 suo
804 548 840 581 et
866 542 996 593 spiritu
1024 546 1154 578 sancto
1182 542 1267 590 (fol.
1297 543 1382 589 32b)
1411 541 1524 586 Deus,
1550 542 1625 578 lau·

114 614 253 651 dandus
281 613 318 648 in
347 611 502 647 saecula.
557 612 689 646 Amen.

164 676 318 715 Perinde
354 680 409 711 est
444 681 565 711 autem
599 673 675 710 sive
710 671 866 720 gratiam
904 670 974 707 Dei
1009 670 1047 707 in
1084 669 1246 714 Christo,
1280 669 1356 706 sive
1391 669 1522 706 foedus
1558 668 1628 706 Dei

114 743 319 782 nobiscum,
355 739 431 776 sive
465 737 644 775 iustitiam
683 736 780 780 fidei,
817 735 893 772 sive
930 735 1084 771 salutem
1122 738 1287 770 nostram
1316 734 1533 782 mysterium
1561 734 1628 771 Sa-

115 808 383 842 cramentorum
429 815 508 838 esse
554 801 732 843 dicamus,
770 799 845 836 sive
882 802 1048 835 nostram
1084 810 1168 834 cum
1206 796 1354 834 Christo
1392 796 1554 834 Domino
1590 797 1629 833 in

114 882 265 920 corpore
300 872 335 904 et
373 865 553 914 sanguine
586 864 702 915 ipsius
740 862 1062 907 communionem3
1100 874 1181 897 cum
1218 860 1319 897 Deus
1355 861 1463 897 Pater
1497 860 1536 897 in
1564 873 1630 897 sua

113 946 197 980 erga
233 944 300 968 nos
335 929 466 978 gratia,
501 941 572 978 qua
610 940 678 964 nos
714 926 759 963 ad
798 926 911 962 vitam
948 929 1133 962 aeternam
1169 924 1344 968 restituit,
1379 924 1418 961 in
1447 936 1512 961 suo
1541 923 1629 961 item

115 997 258 1035 foedere
287 995 493 1037 nobiscum,
521 998 685 1030 nostram
714 995 889 1041 perpetuo
920 990 1015 1027 hanc
1044 1002 1128 1026 cum
1157 989 1306 1026 Christo
1335 988 1499 1027 Domino
1528 1001 1628 1025 com-

114 1060 326 1097 munionem
364 1058 561 1101 intueatur,
595 1061 631 1092 et
674 1054 814 1092 iustitia
850 1054 928 1104 ipsa
961 1053 1061 1096 fidei,
1096 1054 1243 1103 vitaque
1270 1053 1360 1090 adeo
1388 1058 1549 1098 aeterna,
1575 1053 1630 1090 ef-

115 1127 229 1162 fectus
259 1124 305 1160 sit
332 1135 374 1159 ac
401 1123 485 1158 finis
515 1125 660 1158 nostrae
688 1119 797 1156 huius
827 1131 910 1154 cum
938 1118 1087 1155 Christo
1117 1118 1392 1155 communionis
1420 1117 1458 1154 in
1479 1129 1631 1167 corpore

114 1194 150 1226 ct
195 1187 374 1236 sanguine
417 1185 553 1236 ipsius3
599 1189 703 1220 extra
740 1196 850 1233 quam
886 1182 1026 1232 alioqui
1061 1194 1181 1232 neque
1216 1181 1376 1230 gratiam
1411 1180 1526 1231 patris
1562 1179 1631 1216 Dei

117 1254 310 1290 salutarem
348 1251 493 1294 habere,
515 1262 638 1298 »neque
666 1248 704 1285 in
733 1247 880 1284 foedere
907 1246 1023 1296 ipsius
1051 1259 1142 1289 esse,
1171 1258 1288 1295 neque
1315 1244 1403 1281 iusti
1429 1257 1494 1294 per
1519 1243 1629 1280 fidem

118 1316 269 1358 censeri,
303 1320 338 1351 et
373 1313 529 1364 proinde
565 1324 682 1362 neque
715 1311 760 1348 ad
799 1311 914 1347 vitam
941 1315 1125 1348 aeternam
1154 1322 1350 1360 possumus
1377 1309 1453 1346 ullo
1480 1321 1632 1359 prorsus

117 1380 226 1417 modo
255 1378 457 1430 pervenire.

167 1443 238 1480 Sed
276 1443 364 1479 haec
389 1442 468 1492 ipsa
497 1446 623 1478 nostra
651 1452 731 1476 cuin
762 1438 910 1475 Christo
939 1437 1150 1476 communio
1182 1438 1281 1475 varie
1308 1437 1419 1475 nobis
1446 1437 1484 1473 in
1514 1436 1631 1486 scrip-

117 1509 208 1545 turis
245 1507 457 1555 designatur
484 1510 519 1542 et
548 1503 840 1549 commendatur,
866 1503 940 1539 iam
967 1516 988 1540 a
1016 1515 1127 1540 causa
1152 1493 1288 1553 ipsius,
1307 1502 1381 1539 iam
1409 1501 1456 1538 ab
1484 1501 1633 1546 effectis,

117 1572 187 1608 iam
226 1576 261 1607 et
297 1583 317 1606 a
353 1571 426 1606 fine
461 1568 589 1619 ipsius
644 1567 735 1604 Cu'm
771 1567 869 1604 enim
905 1567 1023 1615 gratia
1061 1566 1139 1604 sola
1175 1566 1245 1603 Dei
1272 1565 1309 1603 id
1338 1567 1476 1603 factum
1505 1565 1565 1609 sit,
1594 1570 1633 1602 ut

119 1635 276 1672 delatam
313 1634 420 1671 nobis
455 1633 615 1682 gratuito
652 1636 817 1668 nostram
854 1631 950 1668 hanc
985 1643 1069 1668 eum
1097 1631 1246 1668 Christo
1274 1629 1437 1668 Domino
1466 1642 1632 1666 commu-

118 1699 265 1736 nionem
293 1698 331 1735 in
360 1710 510 1747 corpore
535 1702 572 1733 et
598 1696 778 1744 sanguine
805 1695 888 1742 (fol.
918 1696 1002 1742 33³)
1029 1694 1145 1745 ipsius
1174 1694 1395 1740 habeamus3
1423 1699 1459 1731 et
1485 1706 1527 1731 ea
1554 1694 1633 1744 ipsa

118 1763 236 1812 gratia
270 1762 419 1800 interim
454 1761 636 1812 pertinere
671 1760 717 1797 ad
755 1773 823 1797 nos
861 1772 936 1797 non
974 1759 1102 1810 possit,
1131 1759 1203 1797 nisi
1231 1759 1270 1796 in
1298 1764 1424 1796 nostra
1453 1758 1522 1796 hac
1549 1771 1632 1795 cum

121 1827 268 1864 Christo
303 1826 464 1863 Domino
503 1824 774 1865 communione,
811 1837 898 1860 sane
941 1836 1021 1860 cum
1051 1824 1376 1860 Sacramentorum
1405 1822 1511 1871 signa
1539 1821 1634 1859 divi-

121 1904 189 1928 nae
215 1903 300 1939 erga
329 1902 396 1927 nos
424 1889 461 1926 in
491 1888 638 1925 Christo
666 1888 806 1936 gratiae
835 1887 941 1935 signa
967 1900 1046 1924 esse
1075 1887 1262 1933 docemus,
1290 1891 1439 1924 nostrae
1465 1886 1528 1923 illa
1549 1898 1631 1923 cum

123 1955 270 1992 Christo
299 1952 570 1990 communionis
598 1951 703 1999 signa
730 1964 808 1988 esse
835 1964 898 2000 per
926 1963 1054 1988 causas
1082 1950 1347 2000 significamus.

171 2019 310 2055 Rursus
349 2017 435 2054 dum
464 2017 568 2065 signa
597 2015 885 2052 Sacramentalia
912 2020 976 2052 aut
1003 2014 1163 2052 foederis
1191 2014 1309 2052 divini
1336 2015 1544 2061 nobiscum,
1571 2018 1634 2052 aut

120 2084 281 2120 iustitiae
318 2082 414 2125 fidei,
449 2085 515 2118 aut
551 2079 781 2117 remissionis
817 2085 1064 2129 peccatorum,
1100 2085 1163 2117 aut
1190 2079 1480 2128 regenerationis
1508 2092 1551 2116 ac
1576 2092 1634 2116 re-

122 2146 331 2184 novationis
359 2145 464 2193 signa
492 2143 614 2181 vocari
640 2143 808 2192 legimus,
835 2143 1078 2192 intelligimus
1105 2156 1186 2181 eam
1212 2144 1331 2194 ipsam
1358 2148 1522 2180 nostram
1553 2155 1634 2179 cum

125 2211 270 2247 Christo
307 2209 466 2246 Domino
505 2209 798 2245 communionem
838 2207 946 2245 nobis
981 2208 1029 2244 ab
1057 2208 1193 2245 effectis
1220 2221 1283 2246 seu
1311 2208 1494 2245 fructibus
1519 2207 1635 2258 ipsius

125 2275 324 2323 significari
350 2279 385 2310 et
413 2273 674 2310 commendari.
713 2272 844 2322 Neque
872 2272 968 2309 enim
998 2273 1079 2309 fieri
1105 2278 1240 2323 potest,
1267 2277 1318 2317 ut,
1345 2273 1409 2323 qui
1431 2285 1513 2309 vere
1533 2284 1634 2309 com·

126 2337 314 2374 municant
342 2336 487 2373 Christo
516 2336 676 2373 Domino
703 2336 743 2373 in
771 2348 924 2386 corpore
951 2341 986 2373 et
1014 2336 1198 2386 sanguine
1224 2337 1353 2387 ipsius,
1371 2349 1448 2374 non
1467 2336 1540 2374 iam
1560 2336 1634 2374 sint

125 2402 163 2438 in
201 2400 357 2443 foedere,
394 2413 467 2437 non
504 2405 720 2437 censeantur
755 2413 833 2437 esse
869 2400 968 2444 iusti,
1004 2413 1081 2438 non
1119 2401 1277 2448 regeniti
1304 2401 1342 2438 in
1371 2400 1531 2444 Christo,
1558 2412 1634 2437 non

126 2466 212 2502 item
241 2464 357 2501 indies
386 2464 500 2512 magis
527 2476 569 2500 ac
596 2466 713 2512 magis
740 2469 966 2501 renoventur
996 2464 1129 2515 spiritu
1157 2465 1291 2502 mentis
1319 2477 1418 2502 suae.
1471 2466 1527 2501 Ac
1554 2476 1634 2501 rur-

128 2542 207 2566 smn
243 2528 322 2565 ficri
351 2540 422 2564 non
441 2520 583 2577 potest,
609 2529 699 2577 quin
725 2528 799 2565 iam
827 2527 975 2565 Christo
1005 2530 1279 2567 communicent
1305 2529 1378 2566 fide
1414 2528 1454 2566 in
1483 2541 1636 2578 corpore

127 2598 162 2630 ct
207 2591 385 2640 sanguine
419 2591 546 2640 ipsius,
589 2592 797 2641 quicunque
833 2592 908 2628 ullo
945 2605 1095 2642 prorsus
1131 2594 1242 2631 modo
1281 2598 1368 2631 sunt
1402 2593 1441 2630 in
1478 2592 1637 2636 foedere,

128 2656 336 2706 quicunque
372 2654 457 2690 item
496 2653 581 2690 iusti
617 2654 712 2704 apud
738 2655 855 2692 Deum
886 2656 1116 2707 regenitique
1142 2670 1221 2695 esse
1249 2661 1456 2701 censentur,
1490 2662 1526 2694 et
1552 2656 1635 2706 qui-

131 2732 274 2770 cunque
309 2718 353 2754 ad
392 2718 501 2754 vitam
538 2723 721 2755 aeternam
758 2720 1019 2770 quoquomodo
1056 2726 1294 2766 renovantur,
1322 2726 1575 2772 praeterquam
1605 2720 1636 2757 si

132 2784 193 2834 qui
229 2784 265 2820 in
303 2795 344 2820 co
379 2783 457 2832 ipso
496 2780 640 2818 foedere
666 2795 729 2831 per
755 2783 838 2829 (fol.
867 2786 951 2832 33¹³)
977 2785 1150 2822 adnatam
1179 2790 1330 2823 naturae
1357 2791 1506 2823 nostrae
1531 2786 1637 2822 infir·

133 2849 294 2889 mitatem
332 2860 369 2884 se
404 2846 441 2883 in
480 2845 623 2883 focdcrc
650 2858 740 2892 csse,
769 2860 806 2884 se
832 2847 948 2885 iustos
974 2850 1234 2900 regenitosque
1260 2850 1414 2896 censeri,
1439 2850 1525 2888 fidei
1551 2863 1637 2889 suae
