1818 3178
519 114 572 140 An
602 115 700 142 Pium
730 115 942 143 LECTOREM
971 113 1209 142 PRAEFA'rro.
1553 101 1623 138 109

103 216 378 255 controversiae
403 216 443 253 in
474 227 582 253 causa
611 217 678 254 hae
706 218 1003 263 exacerbatione,
1030 220 1066 254 et
1091 216 1186 253 mira
1214 213 1374 266 quadam
1402 212 1626 250 iudiciorum

97 281 415 332 praecipitatione,
458 281 550 317 illud
599 282 726 319 saltem
772 283 853 333 pios
888 295 1015 320 omnes
1059 279 1274 319 meminisse
1309 278 1435 323 velim,
1471 290 1629 328 aequum

99 359 177 383 non
206 359 298 391 esse,
324 348 376 390 ut,
404 345 467 395 qui
495 345 595 382 binis
623 350 685 383 aut
714 347 838 397 quinis
866 346 1015 384 talentis
1036 345 1199 382 Domino
1220 342 1401 381 foenerati
1421 344 1518 386 sunt,
1536 340 1630 378 alios

99 416 184 461 post
214 424 251 448 sc
278 411 335 447 vel
362 423 436 447 uno
465 411 604 448 talento
634 412 817 449 foenerari
854 411 1016 461 graviter
1044 411 1177 448 ferant.
1208 409 1283 446 Qui
1310 408 1362 446 ita
1395 410 1480 445 sunt
1500 405 1633 450 affecti,

101 482 142 512 ut
180 476 365 512 neminem
402 489 421 511 a
458 489 495 512 se
533 476 653 513 suisve
691 476 828 513 scholis
865 475 1061 513 dissentire
1087 474 1290 525 patiantur,
1317 473 1363 510 ab
1392 472 1438 509 iis
1465 474 1633 508 amanter

100 540 272 591 petimus,
298 544 339 577 ut
367 540 477 577 nobis
517 540 728 590 ignoscant,
762 540 792 578 si
820 543 903 592 post
933 539 1123 577 Christum
1151 542 1185 576 et
1212 539 1289 575 eius
1318 537 1521 588 Apostolos
1550 535 1633 573 nul-

101 605 158 642 los
195 604 377 642 eiusmodi
413 605 613 654 magistros
650 607 689 643 in
725 605 833 644 terris
869 617 1129 654 agnoscamus
1165 617 1184 640 a
1212 603 1348 653 quibus
1376 601 1486 639 nobis
1514 599 1634 638 haud-

102 681 287 719 quaquam
315 669 424 706 liceat
454 669 661 715 dissentire,
690 669 871 720 siquidem
899 668 984 705 illos
1015 672 1114 718 septa
1145 667 1414 717 scripturarum
1442 669 1635 702 transcen-

103 733 201 770 disse
235 733 414 771 videmus.
469 734 721 771 Permittirnus
759 746 845 771 vero
883 733 958 770 illis
995 731 1119 776 etiam,
1153 735 1206 775 ut,
1244 730 1365 767 sicubi
1401 733 1530 767 nostru
1558 742 1635 766 non

102 797 276 848 probant,
310 810 350 834 ea
379 797 535 835 candide
563 798 643 835 sine
671 797 863 841 conviciis,
891 796 930 833 in
959 795 1112 833 lenitate
1141 794 1427 831 mansuetudine
1454 796 1489 830 et
1518 793 1632 830 liber-

102 866 177 899 tate
215 861 427 900 Christiana
462 862 746 913 reprehendant.
801 861 899 898 Satis
937 860 1113 897 nimirum
1151 859 1223 896 fuit
1251 858 1432 895 haetenus
1459 858 1638 903 rixarum,

104 926 194 963 satis
235 926 504 972 conviciorum,
539 927 628 963 satis
665 929 700 963 et
727 923 1052 975 praeiudiciorum.
1110 922 1190 959 Nos
1217 923 1264 959 ab
1292 922 1367 959 illis
1396 922 1639 958 abhorremus

106 989 274 1033 omnino,
311 994 346 1028 et
375 990 609 1028 Christianos
649 1002 775 1026 omnes
803 988 1004 1025 abhorrere
1031 987 1144 1025 etiam
1172 990 1342 1037 oportere
1369 986 1638 1024 existimamus,

111 1054 195 1091 Scio
235 1054 309 1091 dici
346 1068 366 1092 a
404 1053 640 1105 quibusdam,
668 1053 757 1090 satis
783 1052 856 1089 iam
894 1065 914 1089 a
943 1051 1018 1089 suis
1045 1051 1084 1088 in
1113 1050 1185 1087 hoc
1212 1054 1433 1099 argumento
1462 1049 1641 1100 seriptum

108 1118 412 1169 disputatumque
447 1131 538 1163 esse,
575 1117 638 1168 qui
674 1117 732 1154 his
771 1116 918 1154 credere
953 1116 1206 1166 assentireque
1233 1115 1368 1161 nolint,
1396 1128 1459 1153 eos
1486 1128 1554 1166 pro
1582 1128 1640 1153 re-

107 1182 293 1220 fractariis
330 1181 523 1219 habendos
559 1194 649 1218 esse.
704 1182 755 1218 At
792 1193 877 1217 vero
917 1183 952 1217 et
989 1179 1090 1229 ipsos
1118 1179 1170 1217 ita
1198 1179 1347 1216 demum
1375 1180 1485 1217 facile
1512 1179 1643 1217 vicerit

108 1246 208 1297 Papa
247 1246 453 1290 Romanus,
488 1244 624 1295 quide
661 1257 726 1281 suo
762 1244 924 1295 primatu
959 1244 1157 1293 tyrannico
1197 1243 1309 1292 ni-(B
1338 1243 1515 1291 2³)mium
1553 1243 1643 1281 satis

111 1311 290 1362 scriptum
333 1310 635 1360 disputatumque
683 1321 763 1346 esse
811 1309 937 1354 iactat,
986 1312 1022 1346 et
1059 1308 1252 1346 haereseos
1290 1308 1454 1352 damnat,
1491 1308 1523 1346 si
1558 1308 1643 1358 quis

109 1388 184 1412 11011
222 1374 327 1411 11111111
365 1373 537 1424 protinus
576 1377 768 1423 agnoscat.
823 1372 971 1411 Quodsi
1007 1385 1077 1410 nos
1113 1372 1335 1423 scripturam
1373 1372 1587 1424 detorqueri
1623 1385 1644 1410 a

110 1440 210 1490 Papa
248 1438 294 1476 ad
332 1438 515 1489 primatus
553 1443 610 1476 sui
649 1438 984 1484 confirmationem,
1017 1441 1054 1475 et
1079 1437 1237 1488 proinde
1273 1437 1388 1488 Ipsius
1415 1437 1644 1488 praeiudicia

111 1503 222 1542 nobis
253 1503 525 1540 contemnenda
566 1516 645 1541 esse
682 1515 760 1540 non
789 1502 1015 1548 dubitamus,
1049 1501 1149 1539 idem
1178 1515 1266 1539 sane
1292 1504 1328 1539 et
1355 1501 1395 1539 in
1425 1502 1643 1539 Sacramen-

107 1568 202 1606 taria
230 1567 300 1604 hac
329 1567 581 1605 controversia
611 1567 684 1604 dici
709 1580 831 1618 posse,
860 1567 1025 1616 cogitare
1054 1566 1242 1605 debemus.
1295 1566 1542 1604 Proferuntur
1569 1579 1644 1604 una

108 1646 152 1670 ex
192 1637 297 1683 parte
335 1633 486 1684 scripta.
541 1635 591 1670 At
619 1645 706 1670 vero
734 1632 863 1670 eadem
890 1632 997 1670 alteri
1025 1644 1173 1682 quoque
1200 1630 1300 1682 parti
1328 1644 1406 1669 non
1434 1631 1582 1677 desunt,
1608 1635 1643 1669 et

110 1698 262 1749 quidem
296 1698 377 1748 pari
414 1697 538 1735 studio
576 1697 785 1735 eruditione
821 1701 856 1735 et
892 1697 1075 1747 gravitate
1104 1696 1328 1747 conscripta.
1383 1696 1644 1734 Praetenditur

111 1761 365 1799 Ecclesiarum
411 1761 486 1798 iam
531 1761 788 1799 restitutarum
826 1773 1041 1799 consensus.
1104 1759 1261 1797 Utinam
1298 1772 1383 1797 vero
1421 1763 1548 1797 tantus
1585 1760 1645 1806 sit,

112 1830 274 1878 quantus
301 1839 379 1864 esse
408 1825 559 1872 dieitur,
584 1848 634 1854 —
661 1830 697 1864 et
723 1830 763 1864 ut
791 1826 859 1872 sit3
877 1825 1034 1863 totidem
1054 1838 1182 1863 rursus
1200 1824 1388 1862 Ecclesias
1405 1825 1514 1862 etiam
1534 1826 1643 1863 resti-

112 1896 212 1930 tutas
249 1891 294 1928 ah
335 1891 451 1928 altera
487 1895 592 1941 parte
631 1895 728 1928 stare
764 1890 953 1936 videmus;
989 1891 1138 1928 tametsi
1174 1890 1262 1927 hinc
1290 1889 1481 1928 doetrinae
1510 1891 1644 1929 veritas

113 1954 302 1995 aestimari
339 1968 405 1993 nee
445 1954 576 1992 debeat
613 1968 680 1993 nec
715 1955 846 2006 possit.
909 1955 1004 1992 Sunt
1038 1955 1103 2005 qui
1148 1955 1287 1999 dicant,
1322 1954 1422 1992 aliud
1461 1955 1556 1992 nihil
1584 1956 1644 2005 agi

113 2021 240 2059 multis
278 2019 610 2071 disputationibus,
644 2019 717 2057 nisi
754 2018 908 2057 dissidia
945 2019 1029 2057 seri.
1083 2019 1128 2056 Id
1165 2018 1336 2069 equidem
1363 2031 1488 2056 verum
1518 2023 1586 2066 est,
1612 2021 1644 2058 si

115 2090 178 2124 aut
206 2085 308 2123 nulla
336 2084 375 2121 in
405 2083 631 2134 disputando
661 2083 883 2121 adhiheatur
909 2082 1130 2128 moderatio,
1157 2086 1219 2120 aut
1245 2082 1284 2119 in
1312 2081 1461 2119 tuendis
1488 2083 1645 2134 quisque

116 2151 191 2188 suis
229 2162 333 2186 suam
373 2149 497 2193 etiam,
534 2160 610 2185 non
647 2151 771 2185 autem
809 2146 878 2185 Dei
906 2147 1065 2196 gloriam
1093 2149 1257 2197 quaerat.
1313 2146 1504 2184 Caeterum
1534 2147 1565 2184 si
1592 2147 1645 2186 ita

115 2214 277 2253 invicem
323 2225 411 2262 erga
447 2225 516 2249 nos
553 2211 673 2249 affecti
702 2211 828 2256 simus,
865 2214 904 2248 ut
934 2210 1000 2247 alii
1034 2210 1128 2248 alios
1155 2209 1193 2247 111
1224 2209 1437 2247 Christiana
1465 2210 1645 2250 charitate

115 2280 329 2324 toleremus,
382 2281 417 2315 et
463 2276 583 2314 sicubi
627 2276 674 2313 ab
710 2275 868 2314 invicem
905 2275 1014 2319 forte,
1047 2274 1152 2312 verbi
1188 2273 1306 2311 divini
1342 2274 1442 2312 varie
1485 2276 1646 2326 expositi

117 2343 318 2382 autoritate
353 2341 458 2387 moti,
492 2341 544 2378 ita
579 2339 831 2384 dissentimus,
867 2343 907 2377 ut
933 2338 1081 2389 utrique
1108 2337 1257 2376 interim
1285 2350 1330 2375 ex
1357 2338 1492 2387 ani—(B
1520 2341 1643 2388 2¹³)n10

120 2408 310 2459 cupiamus
350 2406 468 2444 minui
499 2418 581 2442 cum
607 2404 751 2442 Ioanne
779 2403 962 2455 Baptista,
989 2403 1099 2440 modo
1127 2407 1168 2441 ut
1194 2416 1260 2453 per
1286 2406 1450 2441 nostram
1481 2405 1645 2454 ignomi-

119 2473 221 2510 niam
249 2470 388 2509 Christi
416 2469 571 2508 Domini
598 2468 719 2518 gloria
745 2467 944 2519 propagari
971 2468 1010 2505 in
1038 2468 1116 2505 eius
1145 2467 1311 2505 Ecclesia
1338 2468 1470 2518 possit,
1487 2489 1538 2499 —-—
1556 2484 1645 2509 sane

121 2548 251 2587 parum
280 2548 317 2573 se
345 2547 481 2585 aequos
507 2532 648 2571 iudices
675 2545 754 2569 esse
782 2532 1035 2576 declarabunt,
1062 2532 1127 2582 qui
1152 2531 1291 2569 talibus
1318 2532 1457 2570 nostris
1479 2533 1645 2585 disputa-

121 2599 289 2638 tionibus
317 2598 418 2637 aliud
448 2597 554 2642 nihil,
582 2610 693 2648 quam
715 2596 797 2633 lites
825 2600 861 2634 et
889 2596 1055 2643 dissidia,
1081 2595 1131 2633 ali
1156 2595 1354 2646 putabunt.
1394 2596 1580 2649 Quodque
1599 2600 1646 2638 ad

124 2675 183 2701 me
219 2664 365 2710 attinet,
398 2676 466 2712 ego
505 2661 604 2700 aliud
642 2673 717 2698 non
759 2660 893 2706 dicam,
938 2673 1048 2710 quam
1085 2659 1204 2698 Deum
1239 2673 1319 2698 esse
1351 2660 1466 2698 animi
1503 2661 1571 2700 hac
1607 2664 1646 2702 in

126 2731 229 2777 parte
265 2728 335 2765 mei
364 2731 399 2766 et
435 2730 565 2765 testem
599 2729 635 2764 et
670 2724 843 2770 iudicem,
880 2723 980 2775 quod
1015 2724 1054 2762 in
1091 2724 1316 2763 tractatione
1340 2725 1412 2763 ista
1439 2739 1519 2763 mea
1546 2727 1647 2766 aliud

128 2807 204 2832 non
240 2807 429 2845 quaeram,
464 2806 573 2844 quam
609 2790 768 2841 gloriam
806 2788 957 2835 Christi,
993 2788 1168 2840 quodque
1204 2802 1280 2828 non
1317 2789 1427 2827 aliam
1455 2790 1568 2828 ullam
1597 2792 1645 2830 ob

129 2871 274 2899 eausam
315 2859 522 2898 doctrinam
560 2857 621 2896 hic
655 2869 772 2895 meam
808 2858 933 2908 aperte
968 2858 1004 2894 et
1040 2854 1119 2894 sine
1155 2854 1241 2893 ullis
1269 2854 1466 2894 verborum
1495 2855 1648 2902 latebris
