1818 3178
183 98 254 136 376

188 207 363 246 stimonio
391 210 476 256 (77)
512 208 640 258 quaeri
677 211 834 258 oportet,
868 209 944 246 iam
971 210 1139 260 equidem
1170 224 1244 250 non
1274 213 1475 263 scripturas
1502 213 1549 252 ab
1577 214 1708 254 Eccle-

191 272 257 318 sia,
292 272 355 310 sed
383 272 587 309 Ecclesiam
615 286 635 309 a
665 272 859 323 scripturis
885 273 1010 324 potius
1037 274 1226 313 aestimari
1250 277 1484 329 pendereque
1511 279 1715 330 oportebit,

189 340 300 387 atque
335 340 413 373 tum
449 349 538 373 sane
564 336 675 374 etiam
703 349 779 374 non
808 337 990 389 scriptura
1017 338 1064 376 ab
1093 338 1273 388 Ecclesia,
1299 342 1361 380 sed
1388 342 1514 394 potius
1541 343 1711 383 Ecclesia

191 413 211 437 a
249 399 444 450 scripturis
473 412 582 437 omne
610 411 715 438 suum
743 401 891 452 pondus
919 414 1140 453 omnemque
1167 417 1270 442 suam
1297 406 1534 444 autoritatem
1562 407 1710 446 obtine-

190 463 257 502 bit.
314 464 443 502 Quid?
472 465 573 515 quod
599 465 699 503 idem
723 465 802 517 ipse
833 466 1005 503 Christus
1032 466 1216 505 Dominus
1242 469 1330 507 inde
1356 471 1593 522 potissimum
1622 485 1709 510 suos

189 527 389 578 discipulos
425 540 468 565 ac
502 528 660 579 proinde
697 543 801 567 suam
837 543 984 581 quoque
1019 531 1268 582 proculdubio
1312 534 1520 573 Ecclesiam
1555 537 1712 585 agnosci

187 591 447 642 aestimarique
482 593 573 639 vult,
608 593 640 630 si
675 593 787 632 verba
821 594 938 645 ipsius
967 594 1124 633 fideliter
1149 597 1335 636 retineant
1362 602 1472 650 atque
1499 600 1711 648 observent,

187 661 223 694 et
256 658 391 696 eiectos
425 658 535 708 plane
570 671 648 696 esse
684 662 855 706 testatur,
900 659 1112 710 quicunque
1148 661 1357 700 doctrinam
1394 663 1511 714 ipsius
1551 665 1710 704 retinere

186 725 297 773 atque
324 722 429 772 sequi
455 721 590 761 nolint.
619 723 725 760 Idem
752 736 838 760 vero
867 722 946 774 ipse
974 723 1086 761 etiam
1112 728 1300 776 praeterea
1329 726 1498 765 Christus
1525 728 1710 767 Dominus

183 786 286 830 alibi,
323 799 400 823 non
436 786 606 837 equidem
643 786 850 824 Ecclesiam
888 787 1080 826 doctrinae
1116 801 1215 834 suae,
1251 790 1314 827 sed
1351 790 1559 829 doctrinam
1585 793 1710 843 potius

185 864 289 888 suam
323 850 441 888 totius
476 851 516 888 in
551 850 768 888 universum
803 851 950 900 generis
989 850 1143 890 humani
1176 853 1339 892 iudicem
1366 856 1446 894 fore
1471 857 1713 907 pronunciat,

183 919 224 953 ut
258 915 524 965 intelligamus,
559 928 636 953 non
671 928 758 953 sane
793 915 898 953 illum
927 915 973 953 ab
1003 916 1232 964 hominibus,
1259 932 1484 970 quocunque
1508 921 1618 958 titulo
1645 925 1713 960 aut

179 980 436 1030 praerogativa
471 978 625 1024 ornatis,
661 979 725 1017 sed
762 980 978 1018 universum
1013 994 1132 1030 genus
1167 983 1384 1021 mortalium
1420 985 1468 1022 ab
1495 984 1576 1036 ipso
1604 986 1710 1024 iuxta

183 1044 393 1082 doctrinam
421 1044 525 1081 verbi
553 1044 609 1081 sui
635 1043 878 1082 iudicandum
907 1045 1060 1082 omnino
1089 1059 1181 1084 esse.
1227 1046 1437 1086 Qualenam
1464 1053 1586 1087 autem
1612 1050 1713 1088 iudi-

181 1109 290 1155 cium,
326 1113 390 1147 aut
417 1118 541 1160 quam,
569 1108 737 1155 obsecrO,
765 1122 960 1147 censuram
987 1110 1061 1147 sibi
1089 1115 1209 1149 sumat
1237 1111 1405 1150 Ecclesia
1432 1114 1471 1151 in
1500 1114 1709 1153 doctrinam

179 1174 293 1219 illius,
319 1174 385 1225 qui
412 1186 488 1211 non
515 1174 627 1211 modo
657 1187 732 1212 non
762 1178 817 1212 est
837 1174 1026 1213 subiectus
1047 1175 1132 1214 ullis
1154 1176 1307 1214 omnino
1329 1177 1502 1216 humanis
1521 1179 1706 1228 iudi-(78)

181 1239 260 1285 ciis,
292 1239 356 1276 sed
390 1251 437 1277 ne
464 1238 721 1276 testimonium
748 1239 899 1290 quidem
928 1241 1042 1278 uHum
1071 1241 1118 1278 ab
1146 1241 1234 1279 ullis
1262 1242 1373 1280 etiam
1401 1242 1616 1282 hominibus
1644 1250 1710 1283 aut

179 1303 345 1354 requirat
387 1303 540 1341 omnino
584 1307 649 1342 aut
694 1303 805 1341 etiam
842 1304 1028 1355 accipiat?
1083 1306 1176 1343 Cum
1223 1319 1311 1344 vero
1347 1307 1504 1357 ipsemet
1539 1309 1711 1348 Christus

179 1367 364 1405 Dominus
392 1367 575 1418 expressis
604 1367 727 1405 verbis
754 1369 986 1418 profiteatur,
1014 1382 1051 1406 se
1078 1382 1156 1407 non
1184 1370 1305 1407 solum
1333 1384 1410 1409 non
1436 1376 1618 1423 expetere,
1645 1374 1710 1412 sed

179 1444 227 1469 ne
252 1431 418 1482 accipere
445 1431 593 1481 quidem
614 1432 918 1482 approbatorium
939 1433 1056 1470 ullum
1073 1433 1120 1470 ab
1138 1433 1354 1473 hominibus
1373 1437 1640 1484 testimonium,
1658 1459 1709 1466 —

178 1495 349 1546 equidem
385 1496 449 1546 qui
482 1495 684 1546 scripturas
721 1495 821 1546 ipsas
847 1496 987 1534 iudicio
1017 1510 1192 1536 censurae
1219 1502 1331 1549 atque
1357 1500 1550 1538 autoritati
1578 1501 1710 1540 Eccle-

179 1558 253 1596 siae
289 1557 473 1596 subiicere
509 1562 703 1604 conantur,
740 1559 899 1596 alterum
935 1559 1077 1597 faciant
1111 1573 1260 1598 necesse
1295 1566 1369 1599 est:
1408 1576 1552 1614 nempe,
1577 1569 1619 1602 ut
1645 1570 1710 1603 aut

182 1622 390 1661 Ecclesiam
433 1636 510 1660 non
556 1622 772 1661 hominibus
816 1623 903 1661 ullis
952 1628 1123 1662 constare
1167 1625 1338 1671 doceant,
1382 1631 1642 1679 praeterquam
1680 1630 1711 1667 si

184 1686 373 1725 Christum
412 1686 616 1724 Dominum
652 1687 868 1724 mendaeem
906 1688 1027 1726 facere
1062 1688 1191 1734 velint,
1218 1694 1282 1727 aut
1309 1703 1412 1728 suam
1440 1691 1512 1742 ipsi
1538 1692 1710 1743 impieta-

183 1754 270 1796 tem,
299 1763 383 1788 cum
419 1751 614 1789 manifesta
651 1750 690 1788 in
727 1751 917 1789 Christum
954 1751 1158 1790 Dominum
1190 1753 1423 1805 blasphemia
1461 1756 1713 1803 coniunctam,

184 1815 358 1865 prodant,
385 1814 486 1861 dum,
513 1828 532 1852 a
562 1814 698 1866 quibus
727 1828 764 1852 se
791 1815 853 1853 ille
880 1816 1024 1853 nullum
1053 1817 1235 1855 eiusmodi
1262 1819 1516 1857 testimonium
1545 1820 1711 1872 accipere

182 1880 389 1930 profitetur,
424 1892 485 1917 eos
520 1880 593 1931 ipsi
628 1893 706 1917 non
741 1883 853 1918 testes
888 1881 1015 1926 modo,
1052 1882 1116 1919 sed
1155 1895 1325 1921 censores
1361 1884 1474 1921 etiam
1501 1898 1544 1922 ac
1569 1885 1712 1924 iudices

183 1944 521 1995 approbatoresque
562 1944 677 1995 ipsius
721 1948 785 1982 aut
832 1945 1025 1984 doctrinae
1068 1947 1190 1985 omnis
1237 1960 1323 1986 suae
1358 1949 1479 1987 facere
1514 1954 1710 1989 conantur.

185 2008 289 2046 Quid
323 2012 378 2045 est
406 2012 542 2055 autem,
580 2009 610 2046 si
643 2022 721 2046 non
749 2009 821 2047 hoc
848 2014 915 2056 est,
942 2010 1068 2048 efferre
1096 2025 1175 2049 sese
1202 2026 1313 2063 supra
1340 2026 1436 2060 eum,
1462 2018 1527 2065 qui
1554 2019 1590 2053 et
1618 2015 1711 2052 dici·

183 2076 244 2109 tur
281 2076 316 2110 et
352 2077 407 2111 est
442 2086 568 2111 revera
607 2073 734 2111 Deus?
770 2075 909 2112 nedum
936 2080 978 2113 ut
1005 2089 1086 2114 eam
1116 2077 1336 2123 Ecclesiam,
1364 2092 1460 2129 quae
1486 2079 1526 2117 id
1554 2079 1626 2116 sibi
1650 2092 1711 2116 ar·

182 2140 304 2186 rogat,
338 2151 406 2188 pro
442 2138 587 2176 Christi
625 2138 793 2176 Ecclesia
829 2139 966 2178 habere
1005 2141 1216 2180 debeamus.
1271 2144 1396 2193 Atque
1432 2144 1592 2181 fatemur
1628 2144 1713 2195 qui-

186 2201 282 2247 dem,
318 2201 525 2240 Ecclesiam
554 2216 633 2241 esse
659 2207 793 2241 testem
823 2205 963 2243 Christi
990 2205 1145 2244 Domini
1174 2207 1439 2259 doctrinaeque
1464 2208 1581 2260 ipsius
1607 2210 1712 2248 iuxta

180 2266 295 2305 illud:
333 2267 448 2305 Eritis
484 2267 578 2304 mihi
611 2272 738 2315 testes,
765 2271 850 2316 (79)
887 2270 963 2306 imo
1001 2283 1088 2308 vero
1116 2272 1168 2308 ita
1196 2271 1268 2309 hoc
1293 2272 1485 2323 proprium
1511 2286 1591 2311 esse
1618 2273 1711 2311 dici-

182 2345 265 2369 mus
302 2331 492 2370 Ecclesiae
516 2332 689 2377 officium,
715 2337 758 2370 ut
786 2334 887 2371 aliud
917 2347 1036 2385 neque
1064 2335 1197 2373 debeat
1224 2349 1344 2387 neque
1368 2337 1488 2388 possit
1515 2337 1626 2375 etiam
1653 2339 1711 2375 fa-

183 2408 276 2438 cere,
304 2400 351 2440 et,
379 2397 453 2434 nisi
478 2401 657 2448 perpetuo
686 2397 834 2435 Christo
862 2397 1027 2436 Domino
1056 2399 1209 2451 eiusque
1237 2401 1428 2439 doctrinae
1454 2402 1708 2440 testimonium

182 2473 288 2497 suum
325 2460 530 2510 perhibeat,
567 2460 736 2498 Ecclesia
772 2475 856 2499 vere
892 2476 1012 2514 neque
1049 2477 1129 2502 esse
1164 2466 1326 2516 amplius
1353 2479 1470 2516 neque
1496 2466 1607 2504 etiam
1635 2467 1709 2504 dici

179 2523 309 2574 possit.
362 2524 475 2562 Unde
511 2528 546 2562 et
583 2538 665 2572 nos,
700 2527 956 2576 Augustinum
987 2529 1145 2579 sequuti,
1181 2529 1371 2567 Ecclesiae
1398 2543 1466 2567 nos
1494 2531 1707 2569 testimonio

179 2588 385 2638 permoveri
419 2589 601 2626 fateamur
635 2591 694 2638 (ut
734 2594 842 2628 antea
879 2605 1026 2642 quoque
1062 2592 1243 2642 diximus)
1270 2598 1312 2631 ut
1340 2594 1545 2642 Euangelio
1573 2595 1711 2645 potius,

179 2666 289 2703 quam
326 2652 436 2703 Papis
473 2666 675 2705 eorumque
712 2655 869 2694 decretis
905 2670 948 2694 ac
978 2658 1145 2696 consiliis
1174 2659 1349 2696 omnibus
1378 2659 1581 2697 credamus.
1636 2659 1710 2697 Sed

175 2716 277 2754 aliud
313 2720 367 2754 est
413 2717 570 2754 officium
610 2731 823 2767 agnoscere,
859 2721 959 2759 aliud
997 2734 1082 2759 vero
1122 2723 1327 2760 censoriam
1363 2723 1439 2760 sive
1471 2723 1706 2761 iudiciariam

178 2780 409 2830 approbandi
444 2781 683 2819 autoritatem
719 2796 892 2833 arrogare
928 2785 1032 2824 velle.
1086 2786 1200 2824 Aliud
1237 2790 1306 2833 est,
1331 2787 1496 2837 inquam,
1523 2787 1706 2825 eiusmodi

174 2849 304 2884 testem
350 2858 440 2891 esse,
481 2845 545 2896 qui
589 2846 689 2885 aliud
733 2848 825 2885 nihil
873 2862 911 2887 se
948 2863 1059 2901 quam
1094 2856 1272 2902 perpetuo
1306 2851 1498 2889 testificari
1535 2856 1705 2903 oportere
