1818 3178
592 130 806 159 aespoxsro
837 131 929 158 Anv.
963 130 1126 158 nosmM.
1552 122 1624 159 445

101 235 333 274 ostendimus
370 233 408 271 in
445 232 634 271 undecimi
662 233 829 271 Alberici
863 233 1012 271 articuli
1050 233 1275 271 refutatione
1302 233 1442 270 nullam
1472 233 1626 271 omnino

100 315 209 353 posse
246 299 423 339 constitui
460 299 739 337 Elementorum
782 300 927 337 Coenae
955 299 1275 337 consecrationem
1303 297 1341 336 in
1369 298 1445 336 ulla
1473 298 1626 335 omnino

102 365 300 403 verborum
335 364 486 401 illorum
523 376 588 414 per
628 363 845 401 Ministrum
884 363 1113 408 recitatione,
1141 363 1204 400 sed
1234 363 1304 400 hoc
1331 376 1409 400 esse
1438 376 1628 400 commen-

100 434 181 468 tum
216 429 444 480 Papisticum
483 429 526 465 ad
557 428 772 477 erigendam
800 428 964 479 ipsorum
1002 428 1255 465 idololatriam
1292 429 1506 473 confictum,
1532 432 1628 466 tam-

100 494 170 532 etsi
207 507 252 531 ne
279 495 389 542 (148)
425 493 485 530 hic
521 493 672 543 quidem
700 493 909 544 Papisticae
948 492 1020 530 sibi
1050 497 1223 530 constant
1251 494 1418 532 omnino.
1473 493 1630 544 Alioqui

100 558 132 595 si
158 557 197 595 in
226 557 304 608 ipsa
331 557 529 595 verborum
557 557 708 595 illorum
735 557 1000 594 enunciatione
1028 570 1175 595 omnem
1206 557 1463 602 consecrandi,
1491 559 1560 604 vel,
1587 562 1629 596 ut

102 621 213 659 Hosii
247 621 364 672 ipsius
399 621 520 659 verbis
557 626 653 665 utar,
689 621 924 666 conficiendi,
961 634 1006 659 ex
1042 634 1136 672 pane
1165 621 1427 672 proculdubi0‚
1464 622 1630 673 corporis

101 685 242 723 Christi
269 685 341 723 vim
370 685 530 737 positam
558 698 637 723 esse
657 686 800 731 volunt,
825 698 889 723 cur
908 698 983 723 non
1004 692 1058 723 est
1078 685 1201 723 valida
1223 686 1312 724 haec
1332 686 1411 737 ipsa
1433 687 1632 725 verborum

100 749 326 796 enuncizrtio,
364 749 435 787 nisi
468 763 533 801 per
570 757 723 786 unctum
760 754 870 800 atque
905 763 1030 787 rasum
1057 750 1096 787 in
1126 750 1196 787 hoc
1223 751 1461 801 peculiariter
1489 752 1631 790 satelli·-

100 820 175 853 tem
201 816 292 853 fiat?
328 815 468 853 Dicunt
495 819 666 865 oportere
695 815 925 852 Sacerdotali
953 815 1167 853 charactere
1194 816 1418 865 insignitum
1446 830 1538 862 esse,
1565 817 1630 867 qui

103 880 242 918 Christi
276 880 431 918 Domini
469 893 615 930 corpus,
652 880 683 916 si
711 879 790 918 Deo
817 881 950 931 placet,
979 881 1160 919 conficere
1186 881 1318 932 possit.
1374 884 1426 920 At
1454 895 1539 920 vero
1569 896 1631 920 ea·

101 945 182 983 dem
217 958 328 996 opera
365 945 441 982 vim
476 945 577 982 illam
618 945 840 982 conficiendi
876 946 912 983 in
952 946 1200 984 characterem
1229 960 1335 984 suum
1366 948 1491 985 nescio
1519 961 1629 998 quem

100 1010 147 1047 ab
183 1010 262 1061 ipsa
299 1010 564 1047 ennuciationc
601 1010 844 1048 transferunt.
899 1010 1031 1048 Quid?
1059 1010 1160 1061 quod
1191 1024 1237 1048 ne
1264 1011 1336 1062 ipsi
1363 1011 1513 1062 quidem
1542 1012 1630 1050 cha-

100 1075 234 1113 racteri
269 1075 356 1113 huie
393 1088 458 1112 suo
497 1088 577 1112 eam
614 1079 835 1126 potestatem
872 1075 1043 1112 tribuunt
1072 1075 1240 1121 omnine,
1267 1076 1353 1113 dum
1383 1076 1631 1115 intentionem

102 1140 325 1178 conficiendi
361 1140 527 1191 corporis
565 1140 706 1178 Christi
742 1140 915 1178 accedere
943 1143 1114 1190 oportere
1143 1140 1303 1178 docent?
1358 1141 1458 1178 Nam
1487 1141 1631 1180 etiamsi

102 1206 283 1244 Sacerdos
311 1206 371 1249 sit,
398 1211 438 1243 ut
464 1205 521 1243 illi
549 1210 697 1249 vocant,
725 1205 787 1256 qui
817 1204 926 1242 verba
954 1205 1018 1242 illa
1047 1206 1233 1248 enunciet,
1261 1219 1336 1244 non
1367 1207 1487 1244 valere
1506 1212 1631 1247 tamen

99 1271 216 1321 ipsius
245 1270 520 1308 confessionem
548 1270 690 1314 dicunt,
719 1270 792 1307 nisi
821 1269 957 1307 habeat
976 1269 1226 1307 intentionem
1247 1270 1504 1309 consecrandi.
1536 1272 1631 1308 Pro-

101 1335 195 1373 dunt
228 1335 343 1384 igitur
381 1334 582 1372 Hosianici
618 1335 744 1372 fucum
783 1347 892 1371 suum
921 1333 1150 1384 operatoriae
1187 1334 1422 1382 il-(149)lius
1457 1348 1521 1385 per
1548 1349 1631 1373 ver-

101 1400 234 1437 borum
262 1399 518 1437 recitationem
557 1399 864 1442 consecrationis,
893 1399 978 1436 dum
1008 1412 1089 1436 eam
1118 1399 1197 1436 sine
1226 1400 1451 1443 charactere,
1479 1413 1522 1437 ac
1541 1401 1631 1438 cha-

99 1474 279 1503 racterem
315 1478 462 1503 rursum
499 1465 579 1503 sine
613 1464 857 1502 consecrandi
901 1464 1111 1502 intentione
1139 1465 1322 1503 efficacem
1351 1478 1426 1502 non
1454 1478 1533 1503 esse
1562 1466 1632 1502 do·

101 1534 197 1574 cent,
239 1527 374 1566 nedum
419 1532 460 1565 ut
498 1529 554 1566 vel
600 1542 705 1566 suam
751 1528 1224 1574 Transubstantiationem,
1270 1529 1328 1566 vel
1372 1529 1628 1568 Lutheranam

103 1594 541 1632 Consubstantiationem
585 1594 624 1631 in
671 1598 775 1644 parte
812 1594 935 1644 aliqua
972 1594 1166 1632 institutae
1202 1607 1222 1631 a
1262 1594 1411 1632 Christo
1463 1595 1637 1633 Domino-

105 1657 285 1708 Mysticae
322 1658 361 1695 in
391 1659 515 1696 Coena
542 1657 702 1696 actionis
730 1663 939 1696 monstrare
966 1658 1042 1695 ullo
1072 1658 1182 1695 modo
1210 1659 1368 1709 possint.
1423 1662 1549 1711 Atque
1576 1661 1629 1699 ita

102 1722 213 1760 simul
249 1726 433 1760 testantur
468 1723 591 1767 etiam,
628 1726 784 1773 utraque
812 1722 903 1760 haec
929 1726 1003 1760 tam
1035 1722 1131 1760 nihil
1158 1723 1204 1760 ad
1235 1724 1380 1761 Coenae
1409 1725 1630 1762 Sacramen-

100 1791 178 1824 tum
214 1786 407 1837 pcrtinere,
442 1799 554 1837 quam
583 1786 678 1824 nihil
704 1786 892 1837 pertinent
920 1786 965 1823 ad
995 1787 1207 1825 institutam
1235 1801 1254 1824 a
1285 1787 1434 1826 Christo
1465 1788 1630 1826 Domino

103 1851 302 1902 Mysticam
332 1851 478 1889 Coenae
506 1864 592 1889 suae
620 1851 819 1890 actionem.
858 1851 929 1889 Sed
960 1852 1127 1890 nondum
1156 1853 1252 1890 forte
1280 1853 1444 1903 quiescet
1474 1854 1631 1899 Hosius,

100 1920 136 1953 et
173 1916 282 1959 (lieet,
309 1915 528 1966 impugnata
557 1916 613 1953 vel
642 1929 706 1953 sua
736 1916 1169 1961 Transubstantiatione‚
1199 1918 1255 1954 vel
1284 1917 1499 1956 Lutherana
1529 1919 1630 1957 Con-

101 1980 430 2024 substantiatione,
459 1979 591 2017 violari
619 1980 729 2017 simul
756 1980 867 2018 etiam
895 1993 959 2031 per
985 1984 1055 2018 'nos
1092 1985 1128 2018 et
1158 1981 1315 2030 Signum
1344 1987 1379 2019 et
1406 1982 1630 2033 Mysterium

103 2047 259 2091 Coenae,
286 2058 330 2082 ac
356 2045 513 2096 proinde
541 2045 755 2083 universum
783 2058 930 2096 qnoque
958 2045 1036 2083 eius
1066 2046 1361 2085 Sacramentum.
1391 2047 1632 2099 Respondeo,

102 2123 164 2160 per
204 2124 273 2148 nos
309 2110 404 2147 nihil
445 2109 556 2147 huius
592 2110 684 2152 fieri,
714 2123 796 2147 cum
824 2114 979 2161 utraque
1007 2110 1096 2148 haec
1124 2111 1221 2149 nihil
1249 2112 1402 2150 omnino
1431 2113 1476 2150 ad
1505 2113 1628 2164 ipsum

102 2175 248 2212 Coenae
275 2175 556 2212 Sacramentum
585 2174 815 2212 ostendimus
846 2175 1038 2225 pertinere,
1077 2175 1130 2212 sic
1158 2180 1198 2212 ut
1224 2180 1260 2213 et
1290 2176 1506 2226 mysterium
1536 2178 1630 2215 Coe-

103 2252 170 2276 nae
205 2244 239 2276 et
277 2238 425 2287 signum
462 2239 572 2276 etiam
610 2238 966 2286 invio-(150)latum
1003 2239 1342 2290 inconcussumque
1380 2245 1539 2287 maneat,
1575 2247 1631 2280 et·

100 2303 208 2340 iamsi
245 2316 363 2353 neque
398 2303 442 2340 de
479 2303 900 2341 Transubstantiatione
939 2303 1157 2349 Hosianica‚
1194 2318 1311 2355 neque
1340 2305 1427 2342 item
1457 2306 1501 2343 de
1529 2306 1631 2344 Con·

102 2369 416 2407 substantiationc
456 2368 654 2419 quicquam
684 2368 837 2405 omnino
866 2368 1084 2418 cogitemus,
1113 2369 1268 2420 sed‘per
1297 2369 1458 2408 Hosium
1479 2383 1522 2408 ac
1546 2384 1632 2409 suos

102 2434 141 2471 id
185 2433 265 2471 fieri
298 2433 435 2484 potius,
472 2433 550 2484 qui,
586 2433 674 2471 (lum
714 2434 1146 2472 Transubstantiationis
1187 2448 1274 2472 suae
1309 2435 1539 2486 impietatem
1576 2437 1633 2475 vel

103 2499 182 2537 Deo
216 2500 297 2551 ipso
333 2499 454 2536 invito
489 2499 586 2536 tueri
621 2504 732 2550 atque
769 2513 899 2548 urgere
936 2504 1158 2543 statuerunt,
1194 2505 1230 2538 et
1270 2499 1493 2551 Mysterium
1522 2501 1633 2539 sirnul

103 2570 139 2602 et
174 2564 394 2614 Symbolum
433 2564 579 2601 Coenae
631 2563 850 2601 Dominicae
888 2564 1025 2602 violare
1063 2564 1363 2619 supprimereque
1399 2569 1433 2603 et
1471 2566 1634 2604 inventis

103 2629 179 2666 suis
215 2634 446 2666 commutare
482 2633 677 2667 conantur.
733 2629 815 2666 Nos
854 2642 937 2666 cum
976 2629 1092 2667 Paulo
1123 2631 1270 2668 Coenae
1301 2625 1524 2681 Mysterium
1553 2645 1634 2669 esse

103 2693 261 2730 dicimus
298 2698 464 2731 nostram
502 2706 583 2730 cum
612 2693 760 2731 Christo
798 2692 962 2731 Domino
1001 2695 1304 2732 communionem
1344 2696 1632 2746 societatemque

103 2757 335 2796 individuam
373 2772 436 2796 seu
473 2758 781 2796 coadunationem
811 2763 997 2796 aeternam
1036 2759 1074 2796 in
1111 2772 1266 2810 corpore
1303 2765 1338 2798 et
1367 2760 1548 2810 sanguine
1575 2761 1634 2811 ip-

103 2823 192 2861 sius.
229 2823 320 2861 Ideo
348 2824 448 2861 enim
477 2824 612 2861 Paulus
640 2837 708 2862 nos
736 2823 781 2861 de
808 2837 883 2862 uno
912 2829 947 2862 et
974 2824 1104 2862 eodem
1134 2826 1232 2863 Pane
1258 2825 1297 2863 in
1328 2826 1450 2863 Coena
1478 2825 1634 2876 partici-

102 2901 189 2938 pare
216 2888 350 2926 extime
378 2889 498 2935 docet,
525 2888 625 2939 quod
651 2889 783 2927 intime
810 2903 874 2940 per
901 2889 1012 2927 fidem
1041 2889 1157 2928 simus
1184 2904 1282 2929 unus
1309 2890 1422 2929 Panis
1450 2894 1486 2928 et
1514 2903 1630 2929 unum
