1818 3178
498 135 550 162 DE
578 133 863 162 SACRAMENTIS
893 131 1110 160 ECCLESIAE
1138 130 1319 158 cmusm.
1600 120 1672 156 153

148 252 296 290 quoque
330 236 590 289 progignimur
620 238 662 284 ¹).
716 237 908 274 Praeterea
946 247 1029 272 cum
1065 234 1219 283 angelus
1260 232 1300 269 in
1335 244 1402 269 sua
1436 230 1484 269 ad
1519 234 1676 268 matrem

148 304 330 352 virginem
365 301 552 352 legatione
588 313 716 338 omnes
759 299 1010 352 progignendi
1045 302 1168 350 partes
1203 297 1339 347 virgini
1374 296 1446 348 ipsi
1480 296 1590 334 matri
1616 295 1674 333 di-

149 372 244 406 serte
278 366 481 411 adscribat,
523 365 612 402 dum
647 378 728 402 eam
765 369 800 402 et
829 367 1092 414 concepturam
1126 366 1162 400 et
1188 362 1394 413 parituram
1421 374 1500 399 esse
1526 373 1676 398 annun-

150 433 223 470 ciat
261 431 389 476 filium,
424 430 570 468 etiamsi
605 429 744 467 nullius
779 429 850 466 viri
886 431 1067 466 attactum
1107 427 1356 471 sustinuisset,
1393 429 1506 476 atque
1531 425 1568 463 in
1600 425 1676 463 suis

145 496 222 534 illis
250 494 533 546 exceptionibus
567 493 663 532 nihil
697 493 796 531 aliud
825 492 870 530 de
895 493 978 541 lege
1004 495 1159 529 naturae
1185 491 1225 528 in
1252 490 1380 528 liberis
1407 489 1677 541 progignendis

148 564 278 607 mutet,
313 573 424 611 quam
453 559 554 610 quod
583 560 688 609 virgo
715 562 833 596 mater
861 557 1052 595 Christum
1097 556 1143 594 D.
1170 556 1333 606 primum
1360 555 1498 593 virtute
1524 568 1567 593 ae
1595 554 1676 606 opi-

147 625 234 662 fieio
263 624 413 675 spiritus
442 623 572 668 saneti,
601 636 678 660 non
704 626 827 660 autem
853 621 930 658 ullo
960 620 1070 657 ullius
1091 620 1254 657 hominis
1275 633 1398 670 opera,
1415 619 1549 657 deinde
1569 631 1677 656 sane·

147 692 239 734 tum,
275 700 351 725 non
379 691 502 725 autem
532 687 597 725 ulli
624 690 776 738 peccato
806 685 1025 730 subiectum,
1053 689 1276 734 conceptura
1304 687 1341 721 et
1367 684 1532 734 paritura
1559 686 1676 729 esset3

151 757 293 791 caetera
330 765 417 790 vero
453 752 579 790 omnia
616 765 722 790 verae
758 763 801 788 ae
836 750 1016 787 naturalis
1043 749 1172 786 matris
1199 749 1316 786 officia
1351 748 1391 788 in
1419 748 1677 799 progignendo

153 831 218 855 suo
241 818 318 855 filio
337 818 442 855 iuxta
461 818 560 865 leges
579 821 731 854 naturae
747 815 930 852 humanae
945 817 1137 864 perageret
1148 829 1216 860 3—-
1229 826 1312 850 cum
1331 813 1421 851 haee
1438 813 1678 864 ita,inquam,

154 882 263 919 claris
291 895 333 919 ae
361 881 597 919 evidentibus
627 880 830 930 scripturae
856 877 1081 916 testimoniis
1110 876 1321 922 doceamur,
1355 877 1465 915 simul
1494 890 1582 915 sane
1610 877 1677 914 do-

153 960 290 992 cemur,
327 946 516 983 Christum
554 945 599 982 D.
627 944 666 981 in
694 942 924 980 instituenda
953 942 1022 979 hae
1050 945 1178 979 nostra
1215 942 1476 979 communione
1513 941 1678 992 corporis

150 1015 186 1049 et
223 1011 416 1060 sanguinis
451 1010 509 1047 sui
545 1008 805 1052 substantiam,
841 1006 951 1044 nobis
985 1006 1074 1043 solis
1119 1006 1260 1056 alioqui
1295 1009 1403 1043 antea
1431 1006 1631 1057 propriam,
1657 1019 1679 1042 a

152 1074 261 1112 nobis
289 1086 335 1111 ex
363 1073 446 1121 (fol.
474 1073 559 1119 46³)
587 1075 703 1108 matre
731 1070 874 1119 virgine
901 1069 1097 1119 accepisse,
1133 1073 1168 1106 et
1194 1068 1351 1119 proinde
1386 1068 1438 1114 id,
1465 1069 1564 1119 quod
1601 1069 1679 1120 ipse

151 1138 196 1176 de
224 1150 290 1175 suo
331 1137 376 1174 ad
405 1135 559 1173 eandem
588 1134 753 1185 eorporis
781 1138 816 1171 et
845 1133 1039 1183 sanguinis
1068 1132 1124 1170 sui
1153 1132 1349 1170 nobiseum
1379 1133 1679 1170 communionem

153 1201 290 1245 attulit,
318 1199 421 1237 aliud
447 1212 527 1237 esse
554 1202 737 1249 oportere,
774 1211 883 1248 quam
912 1198 1031 1248 ipsam
1060 1197 1309 1234 substantiam
1337 1197 1502 1248 corporis
1531 1201 1565 1235 et
1593 1211 1676 1234 san-

150 1265 276 1315 guinis
313 1264 370 1302 sui
407 1263 601 1307 naturalis,
651 1262 796 1300 etiamsi
833 1261 880 1299 ab
917 1261 982 1298 illo
1020 1261 1130 1299 nobis
1170 1274 1303 1312 corpus
1330 1265 1365 1299 et
1393 1261 1611 1309 sanguinem
1639 1261 1679 1298 in

152 1330 432 1377 verba-caenae
468 1327 567 1365 tradi
602 1327 809 1365 audiamus.
847 1326 980 1377 Neque
1013 1326 1112 1363 enim
1146 1325 1300 1363 traditio
1328 1326 1367 1363 in
1396 1325 1517 1363 verbis
1547 1338 1679 1363 caenae

151 1393 266 1431 violat
301 1393 411 1430 fidem
446 1392 627 1437 locorum,
663 1405 757 1442 quae
793 1392 898 1429 illum
926 1391 1093 1442 corporis
1133 1395 1168 1428 et
1196 1391 1390 1441 sanguinis
1420 1392 1478 1429 sui
1505 1392 1679 1430 substan-

151 1457 244 1495 tiam
279 1471 299 1495 a
337 1457 461 1503 nobis,
497 1469 542 1494 ex
575 1463 692 1493 matre
729 1456 873 1505 virgine
908 1455 1156 1506 progenitrice
1193 1468 1269 1500 sua,
1298 1455 1430 1506 spiritu
1457 1459 1585 1494 sancto
1614 1469 1679 1494 au·

154 1527 234 1560 tore
262 1522 446 1573 accepisse
480 1524 678 1560 testantur.
733 1521 782 1558 Et
817 1525 958 1559 eertum
985 1524 1041 1558 est
1069 1525 1205 1567 tamen,
1241 1520 1382 1571 aliquid
1408 1521 1514 1558 illum
1541 1521 1585 1558 de
1613 1534 1679 1559 suo

150 1587 190 1624 in
230 1599 383 1637 corpore
420 1598 487 1623 suo
525 1589 559 1623 et
589 1585 771 1633 sanguine
807 1585 854 1622 ad
892 1589 1061 1622 nostram
1098 1598 1223 1622 secum
1261 1585 1561 1623 communionem
1589 1599 1679 1624 con-

151 1651 293 1697 tulisse,
326 1654 570 1701 posteaquam
596 1651 636 1687 in
665 1649 786 1687 verbis
825 1663 958 1687 caenae
984 1654 1020 1687 et
1047 1650 1150 1693 alibi,
1178 1663 1310 1700 corpus
1339 1663 1375 1687 se
1403 1654 1438 1687 et
1462 1649 1680 1699 sanguinem

153 1729 262 1753 suum
288 1714 399 1752 nobis
426 1714 467 1752 in
495 1714 621 1751 cibum
648 1718 684 1752 et
711 1718 839 1764 potum
867 1713 1012 1751 tradere
1040 1718 1207 1752 testatur.
1238 1713 1452 1751 Videndum
1480 1718 1534 1752 est
1554 1714 1682 1764 igitur,

153 1780 331 1830 quidnam
366 1779 476 1816 nobis
513 1779 558 1816 ad
596 1783 761 1816 nostram
802 1792 925 1816 secum
963 1779 1264 1816 communionem
1308 1779 1352 1816 de
1385 1792 1451 1816 suo
1481 1780 1680 1818 contulerit

154 1846 326 1883 Christus
354 1844 549 1886 Dominus,
577 1848 612 1882 et
640 1845 790 1895 quidem
817 1845 855 1882 in
884 1858 1038 1895 corpore
1065 1849 1101 1882 et
1129 1845 1311 1893 sanguine
1339 1858 1418 1890 suo,
1436 1850 1677 1896 posteaquam

153 1909 254 1946 illius
293 1908 543 1946 substantiam
579 1923 599 1945 a
638 1909 747 1946 nobis
776 1909 935 1957 (dudum
963 1909 1103 1959 alioqui
1131 1910 1241 1946 nobis
1270 1914 1377 1946 antea
1403 1910 1609 1960 propriam)
1637 1924 1680 1948 ex

154 1977 272 2010 matre
309 1972 464 2020 virgine,
499 1976 541 2008 ut
578 1971 719 2008 dictum
756 1977 822 2017 est,
850 1973 1003 2022 aceepit.
1062 1972 1192 2022 Neque
1219 1972 1320 2009 enim
1348 1973 1586 2021 cogitandum
1615 1979 1686 2014 est,

157 2037 346 2075 Christum
382 2036 585 2073 Dominum
622 2036 660 2074 in
690 2049 822 2074 caenae
851 2049 937 2074 suae
966 2037 1087 2074 verbis
1113 2036 1240 2074 ludere
1266 2037 1319 2074 ita
1347 2037 1520 2083 voluisse,
1555 2043 1596 2074 ut
1624 2038 1680 2075 vel

156 2103 250 2141 nihil
279 2102 323 2140 de
351 2114 415 2138 suo
444 2101 554 2138 nobis
580 2101 741 2138 traderet
778 2101 817 2138 in
847 2114 999 2152 corpore
1025 2105 1061 2139 et
1089 2101 1270 2150 sanguine
1297 2114 1376 2146 suo,
1405 2114 1488 2138 cum
1516 2105 1680 2139 nostram

158 2167 312 2215 no-(fol.
350 2166 500 2213 [limbis
528 2179 651 2203 seeum
677 2165 717 2202 in
747 2178 900 2216 corpore
927 2170 963 2204 et
991 2166 1172 2215 sanguine
1200 2179 1267 2203 suo
1297 2166 1596 2204 communionem
1624 2171 1681 2205 at-

157 2234 356 2270 testaretur
389 2231 428 2268 in
468 2243 581 2268 caena
619 2243 684 2270 sua
721 2234 757 2267 et
795 2230 1090 2277 commendaret;
1118 2252 1168 2259 —
1202 2230 1260 2268 vel
1293 2230 1332 2267 id
1359 2230 1482 2280 ipsum
1509 2231 1684 2275 traderet,

157 2295 257 2347 quod
285 2295 330 2332 ad
360 2307 428 2332 nos
456 2294 604 2345 proprie
629 2294 705 2331 iam
733 2294 822 2331 olim
850 2293 960 2332 etiam
997 2298 1083 2331 ante
1118 2294 1330 2331 institutam
1358 2294 1457 2331 illius
1486 2294 1682 2332 nobiseum

158 2359 461 2397 communionem
504 2357 723 2408 pertinebat,
767 2357 942 2409 quodque
987 2371 1007 2395 a
1045 2358 1154 2395 nobis
1198 2358 1287 2408 ipse,
1316 2361 1354 2395 ut
1383 2358 1522 2395 dictum
1550 2364 1616 2404 est,
1645 2359 1679 2396 in

156 2423 387 2461 instituenda
424 2422 493 2459 hae
528 2423 607 2472 ipsa
645 2422 840 2459 nobiseum
877 2422 1137 2459 communione
1162 2435 1227 2472 per
1255 2422 1681 2461 suamincarnationem

158 2488 312 2539 aceepit.
342 2487 500 2525 Perinde
528 2490 582 2524 est
609 2487 720 2531 enim,
748 2487 826 2524 sive
855 2487 1042 2524 Christum
1072 2486 1276 2523 Dominum
1314 2487 1356 2524 de
1385 2500 1450 2524 suo
1480 2488 1574 2525 nihil
1602 2501 1681 2525 om-

159 2554 262 2597 nino,
299 2553 374 2590 sive
410 2552 461 2595 id,
495 2551 593 2602 quod
623 2551 731 2588 nobis
760 2552 950 2602 proprium
977 2551 1117 2601 alioqui
1154 2555 1261 2589 antea
1288 2551 1362 2588 iam
1390 2552 1520 2598 fuerat,
1548 2552 1586 2590 in
1616 2566 1682 2589 no-

157 2622 269 2655 stram
299 2616 597 2654 communionem
627 2615 829 2653 contulisse
856 2615 1044 2661 dicamus3
1073 2615 1174 2665 quod
1203 2610 1364 2653 sane'ab
1383 2616 1484 2653 omni
1503 2616 1684 2654 Christia-

160 2694 208 2719 no
238 2681 389 2718 homine
416 2680 578 2718 alienum
606 2692 684 2717 esse
714 2679 833 2717 debet.

209 2745 359 2783 Iudicat
386 2745 497 2782 nobis
524 2744 640 2793 igitur
667 2743 849 2794 scriptura
877 2743 1001 2788 etiam,
1028 2742 1208 2793 quidnam
1236 2743 1406 2781 Christus
1434 2743 1616 2781 Dominus
1644 2745 1684 2782 in

160 2822 313 2860 corpore
338 2813 374 2847 et
404 2809 584 2858 sanguine
611 2820 677 2847 suo
707 2807 816 2846 nobis
852 2807 897 2846 ad
927 2811 1094 2847 nostram
1121 2820 1246 2848 secum
1274 2808 1574 2848 communionem
1595 2821 1685 2848 con-

213 2947 237 2989 ¹)
260 2946 341 2981 Heb.
364 2947 395 2982 2.
