1818 3178
736 97 797 125 ΕΡ.
825 96 971 126 nocra.
1285 71 1289 74 ⁴
1552 88 1623 125 569

93 201 207 255 idque
233 204 382 254 propter
408 200 517 252 panis
544 199 656 237 unius
683 198 1021 250 participationem,
1051 210 1126 236 non
1164 201 1286 236 autem
1313 200 1465 249 propter
1493 210 1623 250 corpo-

94 269 146 307 ris
175 266 490 312 distributionem,
518 265 757 303 manifestum
785 269 854 310 est,
881 277 966 301 eum
994 263 1039 301 de
1068 263 1236 314 corporis
1264 262 1532 301 distributione
1560 276 1625 301 seu

94 331 330 385 porrectione
364 329 461 368 nihil
497 329 569 367 hoc
601 329 687 367 loeo
724 327 923 378 cogitasse,
950 327 1013 366 sed
1043 327 1174 365 docere
1201 327 1325 378 potius
1353 327 1529 372 voluisse,
1556 340 1626 365 nos

95 397 163 449 qui
188 409 284 448 pane
310 394 466 433 Domini
493 394 532 432 in
558 394 675 446 ipsius
704 406 820 431 coena
847 393 1046 438 vescimur,
1071 392 1179 443 panis
1193 405 1344 443 quoque
1361 391 1626 442 mysteriorum

93 462 121 501 i.
149 475 181 502 e.
218 459 385 512 corporis
422 459 563 498 Christi
600 459 902 512 communionem
943 457 1093 504 habere,
1127 457 1275 496 etiamsi
1310 457 1414 495 aliud
1443 458 1492 496 sit
1517 458 1627 510 panis

94 526 171 570 ille,
196 525 300 562 aliud
327 537 413 563 vero
442 525 549 575 panis
577 523 809 574 mysterium,
837 535 968 573 nempe
988 535 1122 573 corpus
1142 521 1295 568 Christi,
1312 521 1627 572 quemadmodum

94 590 135 628 in
162 589 300 628 Israele
330 589 395 640 qui
421 589 564 627 hostias
591 588 753 627 edebant
782 587 991 625 hostiarum
1017 598 1168 637 quoque
1194 586 1364 637 mysterii
1392 586 1628 625 communio·

95 668 180 693 nem
216 653 420 698 habebant,
456 652 601 690 etiamsi
636 651 738 690 aliud
773 655 901 690 essent
927 650 1072 688 hostiae
1098 650 1213 702 ipsae,
1240 650 1343 688 aliud
1371 663 1457 688 vero
1486 651 1628 689 hostia-

94 732 178 758 rum
203 718 392 769 mysteria,
419 731 539 770 neque
565 717 742 768 mysteria
771 715 906 754 hostiis
933 715 1024 767 ipsis
1041 715 1220 762 inessent,
1237 715 1484 754 multominus
1504 720 1628 754 autem

94 784 269 822 manibus
299 783 590 834 porrigerentur.
619 782 747 820 Quare
776 793 860 818 cum
886 781 1035 832 passiva
1065 780 1340 819 communionis
1368 780 1628 831 interpretatio

95 849 214 898 magis
254 847 326 885 hoc
367 849 451 886 loco
489 847 699 886 subserviat
735 845 916 884 Paulinae
952 845 1272 895 argumentationi
1308 845 1503 896 magisque
1537 846 1628 883 item

95 912 219 951 verbis
248 912 567 963 subsequentibus
594 915 636 950 ut
664 911 805 949 dictum
835 914 890 948 est
917 910 1141 960 respondeat
1169 923 1279 960 quam
1307 911 1441 955 activa,
1468 923 1543 948 non
1561 923 1631 962 po·

95 980 168 1015 test
205 988 294 1015 sane
326 989 403 1014 non
431 975 552 1026 magis
580 976 726 1027 placere
752 974 864 1012 nobis
891 973 1016 1018 etiam,
1044 973 1110 1025 qui
1137 973 1199 1011 hic
1227 974 1384 1012 Paulum
1413 974 1536 1026 ipsum
1564 978 1633 1013 aut

97 1040 288 1079 Christum
337 1040 377 1078 in
422 1041 539 1078 Paulo
587 1040 713 1091 potius
750 1038 854 1090 sequi
891 1038 1090 1084 malumus,
1125 1052 1235 1090 quam
1275 1039 1439 1077 humana
1474 1039 1629 1086 iudicia,

98 1104 388 1156 quibuscunque
431 1103 582 1142 tandem
632 1102 755 1141 titulis
800 1108 1041 1141 exornentur.
1104 1103 1185 1140 Iam
1221 1106 1257 1140 et
1300 1102 1394 1140 illud
1438 1103 1477 1140 in
1519 1116 1630 1141 causa

95 1182 247 1220 quoque
273 1172 341 1215 est,
369 1181 443 1219 quo
471 1168 596 1206 minus
624 1167 730 1218 sequi
757 1166 830 1204 hoe
856 1167 940 1204 loco
967 1166 1155 1217 possimus
1173 1167 1335 1205 activam
1356 1168 1633 1206 communionis

97 1233 458 1285 interpretationem,
494 1233 596 1284 quod
632 1231 870 1269 manifestam
907 1235 942 1268 et
979 1231 1018 1268 in
1046 1231 1163 1268 Paulo
1190 1231 1274 1282 ipso
1302 1235 1339 1270 et
1365 1232 1405 1270 in
1433 1233 1517 1270 aliis
1544 1233 1634 1271 item

98 1299 303 1350 scripturae
337 1298 432 1336 locis
466 1295 753 1348 repugnantiam
790 1295 958 1336 inducat.
986 1295 1018 1333 si
1046 1308 1125 1332 rem
1152 1294 1273 1346 ipsam
1301 1296 1457 1347 propius
1484 1296 1637 1335 intuea-

97 1376 193 1401 mur.
232 1362 384 1400 Etenim
421 1361 453 1399 si
482 1359 784 1398 communionem
811 1372 877 1411 per
905 1359 1224 1405 distributionem,
1253 1361 1285 1398 si
1312 1373 1447 1412 corpus
1474 1361 1564 1399 item
1590 1374 1635 1400 ac

100 1426 322 1476 sanguinem
349 1438 414 1477 per
442 1424 611 1476 corporis
640 1437 683 1462 ac
711 1423 908 1474 sanguinis
937 1423 1187 1462 substantiam
1203 1424 1377 1463 hocloco
1398 1425 1637 1477 accipiamus,

98 1491 199 1542 quod
239 1490 411 1542 equidem
439 1489 520 1528 fieri
548 1493 709 1541 oportet,
736 1489 769 1527 si
796 1488 968 1526 doctrina
996 1493 1118 1527 vestra
1156 1489 1359 1527 consistere
1386 1490 1542 1528 omnino
1570 1490 1635 1529 de·

99 1555 197 1600 beat,
235 1555 366 1605 negari
401 1555 571 1606 profecto
609 1568 686 1593 non
728 1558 867 1606 potest,
900 1560 1073 1605 oportere
1101 1554 1202 1593 hunc
1229 1567 1309 1592 esse
1334 1554 1443 1592 Pauli
1470 1568 1635 1601 sensum,

99 1625 142 1658 ut
177 1620 323 1664 doceat,
357 1619 439 1671 ipsa
468 1619 637 1671 corporis
666 1622 702 1658 et
730 1619 925 1669 sanguinis
953 1619 993 1657 in
1023 1632 1139 1657 coena
1168 1619 1438 1658 distributione
1464 1619 1503 1657 id
1532 1620 1638 1668 effici,

101 1689 141 1723 ut
179 1697 265 1722 cum
303 1684 455 1722 Christo
495 1683 660 1722 Domino
697 1683 736 1722 in
766 1697 922 1735 corpore
949 1688 985 1722 et
1014 1683 1198 1734 sanguine
1231 1697 1298 1722 suo
1325 1684 1431 1723 iuxta
1460 1685 1637 1726 substan·

100 1751 190 1788 tiam
217 1750 352 1801 ipsam,
380 1749 416 1788 h.
444 1763 490 1795 e.,
516 1749 622 1787 iuxta
649 1753 822 1787 naturam
851 1749 1097 1788 humanitatis
1113 1763 1213 1795 suae,
1241 1751 1544 1789 communionem
1569 1751 1636 1790 ha-

100 1815 267 1854 beamus.
295 1813 442 1852 Diserte
469 1814 568 1852 enim
595 1813 701 1852 addit
729 1814 881 1858 Paulus.
908 1827 976 1852 nos
1004 1814 1089 1853 ideo
1117 1828 1235 1853 unum
1264 1829 1347 1854 cum
1378 1815 1528 1854 Christo
1552 1830 1637 1855 cor-

97 1893 167 1931 pus
194 1892 286 1925 esse,
313 1878 416 1929 quod
444 1878 488 1916 de
515 1891 591 1916 uno
619 1878 721 1916 illius
748 1892 845 1930 pane
873 1878 985 1917 simul
1012 1879 1295 1931 participamus.
1350 1882 1403 1918 At
1430 1893 1518 1918 vero
1547 1880 1635 1919 huic

99 1942 292 1981 doctrinae
327 1946 364 1981 et
401 1943 538 1980 Paulus
577 1942 656 1994 ipse
682 1942 856 1994 plurimis
883 1942 978 1981 locis
1006 1947 1043 1981 et
1068 1947 1150 1981 tota
1177 1943 1271 1982 adeo
1299 1944 1483 1995 scriptura
1510 1944 1633 1983 mani-

99 2008 193 2046 feste
218 2008 409 2046 reclamat.
445 2007 563 2045 Docet
590 2007 691 2045 enim
719 2020 892 2058 expresse
919 2007 1071 2053 Paulus,
1099 2007 1291 2046 Christum
1319 2008 1524 2048 Dominum
1554 2023 1631 2049 non

98 2073 271 2124 equidem
316 2072 539 2111 distribuere
574 2072 685 2110 nobis
722 2072 890 2124 corporis
927 2077 963 2110 et
1002 2072 1196 2122 sanguinis
1233 2073 1291 2112 sui
1328 2074 1631 2113 communionem

99 2138 220 2190 (quod
253 2137 472 2189 praesertim
509 2137 556 2175 ad
593 2137 746 2175 illorum
774 2137 1025 2177 substantiam
1053 2138 1218 2187 attinet),
1247 2139 1310 2177 sed
1338 2139 1539 2190 ipsummet
1567 2154 1630 2179 ve-

99 2203 200 2241 nisse
234 2203 275 2240 in
309 2207 460 2240 nostrae
489 2202 612 2240 carnis
641 2207 676 2240 et
704 2202 825 2240 nostri
852 2203 942 2241 item
971 2203 1168 2252 sanguinis
1197 2204 1512 2252 communionem,
1542 2206 1629 2244 dum

100 2267 258 2304 sormam
288 2266 477 2304 servitutis
506 2272 656 2305 nostrae
683 2271 876 2318 assumpto
904 2267 1080 2305 Abrahae
1109 2268 1249 2305 semine
1275 2268 1473 2308 induisset.
1511 2269 1631 2308 Docet

100 2337 135 2370 et
171 2332 345 2370 universa
381 2331 575 2383 scriptura,
613 2332 686 2370 iam
721 2336 800 2370 tum
825 2336 993 2370 nostram
1023 2346 1105 2371 eum
1135 2333 1284 2371 Christo
1312 2337 1348 2371 et
1374 2333 1475 2371 illius
1499 2335 1630 2373 nobis-

102 2411 185 2435 cum
216 2397 377 2435 vicissim
410 2396 711 2435 communionem
741 2397 906 2449 coepisse
934 2398 1058 2447 (iuxta
1087 2398 1254 2449 corporis
1282 2403 1318 2436 et
1345 2400 1542 2449 sanguinis
1571 2401 1630 2439 sui

99 2460 380 2508 substantiam),
415 2460 490 2498 iam
517 2464 597 2498 tum
625 2464 661 2498 et
687 2473 816 2512 pacem
845 2461 1022 2499 omnibus
1050 2461 1088 2500 in
1116 2465 1214 2500 terra
1242 2462 1382 2514 ubique
1410 2463 1629 2502 hominibus

100 2537 165 2576 per
200 2525 355 2574 angelos
383 2524 640 2562 denuntiatam
668 2538 760 2570 esse,
788 2524 852 2576 qui
879 2525 992 2563 modo
1020 2526 1122 2564 illam
1151 2540 1228 2564 non
1256 2532 1549 2575 contemnerent,
1577 2530 1629 2568 si-

101 2589 181 2628 mul
216 2593 329 2640 atque
365 2588 532 2634 verbum,
568 2589 670 2639 quod
705 2588 815 2627 initio
853 2589 954 2628 Deus
988 2594 1079 2635 erat,
1114 2590 1256 2629 factum
1291 2593 1333 2630 in
1362 2605 1471 2630 carne
1499 2599 1629 2632 nostra

100 2655 297 2700 Emanuel,
332 2653 590 2692 habitaculum
626 2653 700 2692 sibi
736 2654 777 2693 in
813 2655 925 2693 nobis
962 2655 1162 2705 delegisset
1195 2669 1261 2708 per
1296 2661 1450 2697 naturae
1478 2664 1628 2698 nostrae

99 2719 439 2771 participationem.
493 2719 580 2757 Quo
618 2724 729 2770 pacto
757 2733 845 2758 vero
874 2720 966 2759 baec
994 2721 1106 2759 simul
1134 2721 1351 2770 consistent,
1380 2736 1449 2761 nos
1476 2736 1541 2774 per
1570 2724 1628 2762 di-

100 2785 366 2824 stributionem
412 2785 644 2824 substantiae
689 2785 858 2837 corporis
903 2789 939 2824 et
985 2786 1179 2835 sanguinis
1224 2786 1368 2826 Christi
1403 2788 1627 2839 participare

103 2850 266 2897 Christo,
293 2855 329 2890 et
359 2850 547 2890 Christum
577 2851 699 2903 ipsum
729 2851 768 2888 iu
796 2850 887 2898 eius,
914 2864 1007 2903 quae
1035 2851 1175 2890 dudum
1197 2856 1304 2891 antea
1327 2858 1453 2891 nostra
1475 2857 1565 2900 erat,
1591 2859 1626 2893 et
