1818 3178
718 142 780 172 ΕΡ.
807 144 952 174 noent.
1527 145 1600 184 491

64 239 137 277 nisi
181 254 245 291 per
292 242 400 281 fidem
439 244 509 290 illi,
545 248 610 298 Sp.
649 250 688 289 S.
726 251 857 298 ductu,
892 253 1033 292 virtute
1068 259 1104 293 et
1139 256 1320 295 beneficio
1365 260 1599 300 resistamus.

65 303 215 343 Quodsi
244 306 317 344 iam
346 307 551 348 discrimen
580 312 668 351 inde
696 328 896 365 queramus
924 319 1024 356 inter
1050 320 1293 373 archetypum
1314 329 1486 362 nostrum
1506 326 1595 364 olim

61 371 98 404 et
134 374 378 418 praesentem,
415 376 457 410 ut
495 388 596 413 nunc
632 391 775 424 sumus,
812 384 980 419 nostram
1016 383 1235 434 imaginem,
1270 391 1347 425 tam
1386 388 1500 439 longe
1527 403 1598 428 nos

59 432 107 468 ab
136 433 339 486 archetypo
370 441 499 475 nostro
529 441 660 480 abesse
687 444 855 484 iudicare
883 446 1063 486 debemus
1092 463 1202 500 quam
1232 451 1343 502 longe
1372 466 1393 490 a
1421 454 1595 493 libertate

60 508 126 546 per
153 499 388 547 servitutem,
413 516 434 539 a
464 502 540 542 vita
568 518 634 556 per
660 512 820 546 mortem
848 511 1072 551 excidimus.
1109 514 1233 552 Adam
1263 529 1352 566 ergo
1381 517 1478 555 liber
1505 532 1596 558 con-

59 559 161 598 ditus
188 567 256 606 est,
283 568 323 601 ut
351 569 387 602 et
414 566 569 607 obedire
595 576 724 620 posset
751 578 788 611 et
814 585 983 624 peccare,
1012 589 1081 614 nos
1110 578 1206 616 servi
1224 581 1369 630 peccati
1389 583 1592 631 nascimur,

56 629 100 661 ut
136 626 292 664 velimus
331 630 495 669 nolimus
533 646 687 683 peccare
723 643 904 688 perpetuo
941 653 1132 689 cogamur.
1187 642 1259 681 Ille
1294 646 1414 684 lucem
1445 648 1594 687 divinae

57 690 289 737 cognitionis
316 693 486 732 additam
515 697 589 735 sibi
618 704 752 737 natura
781 715 848 740 sua
875 703 1055 750 habebat,
1090 720 1159 745 nos
1187 709 1379 761 percipere
1406 724 1451 750 ex
1480 713 1591 751 nobis

56 765 133 790 non
161 766 376 805 possumus,
402 771 499 809 quae
527 765 616 800 sunt
644 762 727 803 Dei.
781 766 854 804 Ille
880 771 968 805 ante
994 774 1192 820 peccatum
1221 779 1375 812 sanctus
1402 775 1442 813 iu
1470 777 1586 815 vitam

55 816 205 856 vivebat
233 824 435 868 aeternam,
465 836 536 862 nos
563 826 657 864 facti
683 830 828 879 peceati
856 831 956 868 servi
982 832 1021 871 in
1038 839 1194 873 mortem
1215 842 1403 876 aeternam
1420 840 1587 888 ferimur,

53 893 207 931 prorsus
242 883 387 935 alioqui
423 886 696 938 inevitabilem,
733 893 808 931 nisi
845 895 892 932 ab
928 895 996 934 illa
1032 911 1102 936 nos
1138 913 1261 938 novus
1289 903 1413 941 Adam
1446 910 1589 949 noster.

52 948 176 984 vetere
213 948 363 986 Adamo
392 951 563 1003 adeoque
589 960 625 993 et
653 957 823 996 Sathena
861 959 944 1011 ipso
972 964 1177 1013 potentior,
1211 967 1345 1005 merito
1383 969 1586 1009 beneficio-

51 1019 124 1057 que
162 1021 229 1046 suo
265 1010 478 1053 liberasset.
534 1016 713 1057 Fatemur
748 1033 838 1071 ergo
865 1022 987 1062 labem
1016 1030 1170 1065 nostrae
1197 1028 1357 1078 originis
1384 1044 1466 1070 eam
1492 1047 1587 1079 esse,

50 1084 145 1122 quae
183 1086 252 1112 nos
281 1076 351 1114 sub
378 1079 524 1128 peccati
551 1082 769 1123 servitutem
797 1086 971 1125 redactos
999 1094 1111 1139 cogat
1136 1097 1316 1143 perpetuo
1345 1096 1402 1133 vel
1434 1097 1584 1137 invitis·

50 1135 164 1174 simos
200 1150 366 1188 peccare,
402 1155 497 1193 quae
531 1146 650 1184 menti
685 1152 837 1187 nostrae
873 1163 935 1189 eas
971 1152 1140 1193 offundat
1167 1157 1421 1205 tenebras‚·ut
1461 1173 1583 1213 neque

49 1212 145 1249 quae
181 1200 250 1239 Dei
286 1208 374 1243 sunt
410 1206 487 1245 ulla
523 1221 568 1246 ex
603 1214 710 1261 parte
745 1213 1095 1268 percipere-neque
1122 1218 1212 1258 boni
1240 1222 1445 1274 quidquam
1471 1226 1582 1276 plane

46 1275 92 1301 ex
130 1265 242 1304 nobis
279 1269 446 1318 cogitare
481 1273 680 1323 possimus,
714 1282 904 1327 praeterea
941 1294 1036 1332 quae
1072 1295 1154 1330 nos,
1192 1297 1270 1324 non
1307 1289 1392 1337 (11)
1428 1291 1578 1341 quidem

45 1328 220 1370 addictos
255 1345 412 1383 prorsus
447 1337 571 1375 adhuc
605 1340 803 1388 gehennae
839 1343 987 1391 habeat,
1023 1349 1329 1401 quandoquidem
1358 1353 1430 1392 hoc
1456 1356 1577 1406 ipsum

46 1406 115 1431 nos
161 1395 210 1433 ab
255 1399 359 1436 omni
403 1401 659 1451 promissione
695 1407 922 1455 excluderet,
959 1411 1021 1449 sed
1062 1413 1160 1452 ferat
1195 1421 1321 1455 tamen
1357 1423 1399 1457 ut
1434 1423 1580 1471 peccati

45 1470 171 1496 servos
215 1459 256 1498 in
300 1466 460 1502 mortem
504 1470 709 1516 aeternam,
742 1470 789 1509 iis
825 1474 977 1523 quidem
1014 1478 1170 1516 omnino
1207 1480 1478 1532 inevitabilem,
1513 1488 1578 1537 qui

44 1523 233 1563 Sathanae
261 1528 473 1568 conformes
501 1532 605 1579 facti,
641 1547 719 1573 non
756 1538 918 1588 amplius
948 1541 1091 1580 Christi
1120 1544 1345 1585 beneficium
1371 1562 1576 1598 agnoscere

41 1586 115 1624 iam
154 1589 300 1634 volunt,
339 1592 403 1630 sed
430 1607 451 1631 a
479 1595 592 1634 nobis
619 1597 696 1635 iam
722 1602 955 1652 propulsam.
982 1618 1076 1656 quos
1103 1608 1204 1647 filius
1231 1609 1303 1648 Dei
1328 1612 1375 1650 ab
1403 1613 1468 1653 illa
1495 1616 1574 1654 fac-

38 1655 100 1689 tus
130 1652 242 1691 homo
269 1660 306 1693 et
333 1657 485 1707 quidem
514 1673 599 1699 vere
626 1662 816 1704 liberavit.
848 1667 1045 1707 Quatenus
1075 1684 1162 1709 vero
1190 1687 1231 1711 ea
1261 1675 1404 1715 Christi
1430 1679 1571 1718 libera·

39 1713 94 1750 tio
132 1717 367 1766 apprehensa
401 1721 476 1759 fide
504 1735 574 1761 nos
602 1725 773 1765 sublevet
801 1732 915 1780 atque
941 1732 989 1770 ad
1017 1746 1088 1772 nos
1115 1736 1313 1786 pertineat,
1341 1740 1377 1778 id
1407 1755 1451 1781 ex
1481 1744 1573 1783 <loc-

38 1777 137 1816 trina
164 1781 461 1830 promissionum
490 1787 897 1843 Sacramentorumque
924 1796 1082 1846 ratione,
1111 1812 1208 1850 quae
1235 1807 1322 1842 sunt
1349 1807 1572 1856 promissio-

38 1854 128 1880 num
156 1843 301 1884 indices
328 1851 364 1886 et
393 1849 529 1898 sigilla,
557 1852 691 1892 melius
718 1857 927 1907 apparebit.

525 1982 539 2029 ξ
569 1985 604 2020 9.
658 1985 716 2022 De
734 1991 894 2035 peccato
919 1994 1076 2033 actuali.

83 2102 118 2138 A
151 2108 306 2153 peceato
345 2106 526 2157 originali
563 2111 737 2152 demanat
774 2119 922 2157 actuale
958 2121 1059 2160 velut
1096 2137 1117 2161 a
1152 2127 1254 2176 putri
1281 2129 1417 2169 arbore
1443 2135 1564 2184 putris

32 2165 191 2206 fructus.
221 2167 300 2206 Qui
327 2170 427 2208 enim
456 2186 584 2212 servus
612 2180 668 2215 est
696 2181 842 2229 peccati
869 2196 946 2221 non
972 2191 1098 2236 potest
1125 2201 1202 2227 non
1229 2204 1397 2242 peccare,
1423 2202 1563 2237 etcum

28 2230 127 2267 servi
153 2245 352 2272 nascamur
387 2239 546 2287 peccati,
574 2242 676 2291 quod
705 2243 869 2293 primum
897 2250 1069 2289 omnium
1097 2253 1256 2303 agimus,
1285 2263 1479 2308 peccatum
1506 2270 1564 2301 est

29 2292 186 2341 (Graeci
213 2303 466 2350 παράπτωμα
495 2307 651 2353 vocant)
680 2306 876 2361 differtque
904 2315 1049 2353 actuale
1077 2323 1270 2367 peceatum
1299 2323 1346 2360 ab
1375 2325 1564 2375 originali,

28 2360 130 2410 quod
168 2361 240 2399 hoc
276 2365 464 2414 patrando
500 2371 761 2419 committitur,
790 2374 887 2414 illud
915 2378 1026 2417 nobis
1054 2387 1157 2420 extra
1185 2397 1280 2435 opus
1308 2400 1418 2427 omne
1444 2391 1563 2430 adna-

26 2424 157 2469 scitur.
185 2426 329 2479 hocque
355 2429 403 2468 ab
431 2431 497 2469 illo
527 2433 703 2475 demanat
731 2439 834 2478 velut
862 2441 1012 2482 effeetus
1040 2459 1061 2483 a
1091 2459 1212 2487 causa.
1243 2450 1342 2490 Dum
1371 2467 1460 2504 ergo
1480 2456 1560 2496 Deo

26 2501 104 2526 non
137 2502 223 2529 vere
251 2491 450 2542 credimus,
479 2495 569 2536 dum
597 2499 705 2539 illum
742 2516 819 2541 non
848 2518 935 2545 vere
962 2522 1144 2557 amamus,
1172 2526 1249 2552 non
1277 2529 1363 2555 vere
1391 2520 1564 2570 colimus,

24 2565 101 2590 non
129 2567 213 2593 vere
239 2556 428 2605 timemus,
456 2560 618 2600 breviter
647 2564 735 2603 dum
763 2569 985 2610 mandatum
1022 2573 1127 2613 illius
1155 2578 1409 2632 quodcunque
1436 2588 1560 2625 trans-

22 2617 227 2667 gredimur,
253 2623 434 2672 quoniam
462 2625 499 2662 id
529 2630 652 2666 totum
678 2633 867 2681 patrando
896 2638 1146 2678 committitur
1173 2663 1223 2671 -—
1259 2647 1402 2685 actuale
1429 2662 1559 2700 pecca.-

22 2684 104 2719 tum
139 2696 329 2725 vocamus.
383 2688 518 2740 Neque
554 2692 654 2730 enim
692 2696 868 2736 consistit
905 2699 943 2737 in
974 2702 1055 2740 solo
1093 2708 1246 2745 externo
1275 2720 1399 2760 opere,
1427 2713 1490 2751 sed
1519 2714 1558 2753 in

21 2745 201 2786 interiore
241 2763 393 2802 quoque
428 2755 601 2804 quolibet
637 2758 755 2797 animi
792 2766 898 2801 motu
935 2768 971 2803 et
1009 2767 1252 2817 eogitatione.
1308 2773 1435 2813 Huius
1472 2791 1558 2816 vero

21 2812 180 2851 actualis
225 2817 369 2866 peccati
416 2818 491 2857 duo
528 2834 666 2870 genera
702 2826 811 2875 ponit
847 2828 1012 2870 Ioannes
1048 2835 1268 2885 Apostolus.
1323 2839 1444 2879 Docet
1480 2857 1560 2882 esse

19 2880 213 2926 peccatum
254 2893 330 2919 non
368 2883 413 2921 ad
444 2873 623 2932 mortem,
659 2891 694 2926 et
731 2896 925 2939 peccatum
954 2896 1000 2933 ad
1030 2903 1204 2939 mortem.
1259 2902 1385 2952 Vulgo
1415 2906 1558 2945 veniale

44 2941 78 2980 1.
1356 2972 1402 3006 33
