1818 3178
216 67 288 103 556
863 73 922 102 ΕΡ.
954 73 1100 103 1³0ch.

212 176 369 228 proinde
396 175 641 214 indifferentia
671 187 821 225 quoque
847 187 927 212 esse
950 174 1098 213 docent.
1153 174 1475 214 Quemadmodum
1505 175 1603 214 enim
1633 189 1738 226 mag·-

214 255 303 279 num
338 245 394 279 est
430 239 632 277 discrimen
668 239 767 276 inter
804 238 927 288 sigilla
963 238 1177 290 principum
1214 252 1308 290 quae
1345 240 1560 291 diplomatis
1588 239 1739 279 illorum

201 304 375 357 ,appendi
411 304 533 341 solent
570 307 606 341 et
632 302 730 340 inter
758 302 887 340 eadem
914 303 1081 353 ipsorum
1110 303 1218 352 signa
1245 303 1343 342 nuda
1371 318 1465 355 quae
1493 305 1532 342 in
1569 304 1742 343 fenestris

214 374 278 408 aut
296 369 501 421 parietibus
523 368 779 419 depinguntur
793 389 844 396 —
864 368 928 405 illa
949 368 1049 405 enim
1070 367 1280 418 principum
1305 368 1525 407 donationes
1538 369 1745 419 obsignant

216 438 387 485 certaque
414 446 484 470 nos
513 432 675 470 reddunt
702 432 747 469 de
773 431 985 483 principum
1016 432 1209 470 voluntate
1248 436 1284 470 et
1310 432 1351 470 in
1378 446 1420 471 ea
1445 439 1635 485 praeterea
1664 434 1743 473 exi-

215 499 430 537 stimatione
457 497 655 543 habentur,
682 496 814 550 utilia
842 498 899 534 vel
927 502 1073 548 praeter
1097 496 1316 535 mandatum
1343 498 1523 550 principis
1545 500 1602 537 vel
1621 500 1743 538 alieno

214 562 328 601 alicui
356 562 551 614 diplomati
580 561 799 612 applicasse,
827 561 967 598 crimen
985 561 1033 598 sit
1056 561 1177 598 laesae
1193 561 1376 612 principis
1390 561 1508 612 ipsius
1529 563 1748 609 maiestatis,

218 627 335 665 multo
362 626 483 676 magis
510 630 633 664 autem
663 625 695 663 si
721 625 805 676 quis
832 638 874 663 ea
903 625 960 663 vel
989 628 1246 663 contemneret
1266 625 1324 663 vel
1346 625 1520 664 violaret:
1551 626 1639 664 haec
1658 640 1745 665 vero

216 696 252 730 et
288 691 404 729 statui
436 702 661 742 quocunque
687 690 771 726 loco
800 694 838 727 et
865 689 1002 740 deponi
1029 702 1177 727 rursum
1207 689 1286 726 sine
1312 689 1492 741 principis
1521 690 1746 728 contumelia

215 761 373 808 possunt
410 767 529 805 neque
565 754 682 791 ullam
719 753 810 791 dant
839 752 1045 791 voluntatis
1072 757 1262 804 praeterea
1289 752 1471 804 principis
1499 753 1747 802 significatio-

217 833 312 867 nem,
338 841 389 847 —
417 819 470 856 ita
507 831 575 856 nos
613 817 858 856 sacramentis
898 830 982 854 cum
1011 817 1130 855 Paulo
1156 817 1360 855 tribuimus
1388 817 1514 856 omnia
1541 831 1635 868 quae
1662 822 1747 856 sunt

216 885 426 934 sigillorum
453 882 604 935 propria
632 888 744 934 atque
773 896 792 919 a
820 882 931 920 nudis
959 882 1024 920 illa
1052 882 1169 931 signis
1189 887 1370 933 quantum
1388 895 1586 933 possumus
1605 883 1746 921 discer-

217 949 351 995 nimus,
387 956 434 995 et,
469 948 784 1000 quemadmodum
821 948 909 986 item
946 948 1074 997 magni
1108 960 1146 985 se
1178 949 1299 986 facere
1325 953 1510 986 testantur
1535 949 1747 999 principum

218 1014 441 1052 beneficium
470 1027 612 1058 omnes,
640 1013 705 1065 qui
742 1012 965 1065 donationes
992 1013 1143 1050 illorum
1172 1012 1308 1063 sigillis
1336 1013 1584 1050 communitas
1605 1027 1750 1051 summa

219 1093 307 1117 cura
347 1078 473 1117 studio
508 1092 551 1116 ac
589 1077 846 1116 sollicitudine
882 1077 1096 1123 adservant,
1122 1077 1175 1115 ita
1202 1090 1272 1115 nos
1298 1078 1509 1126 legitimum
1537 1091 1748 1116 sacramen-

218 1149 342 1182 torum
379 1157 501 1188 usum,
537 1156 630 1194 quae
667 1143 816 1180 divinae
852 1155 940 1192 erga
973 1155 1044 1180 nos
1072 1142 1277 1180 voluntatis
1306 1142 1429 1191 sigilla
1457 1156 1537 1179 esse
1565 1147 1751 1192 putamuS‚

219 1209 347 1247 utilem
385 1221 428 1246 ac
466 1207 713 1246 necessarium
742 1220 823 1244 esse
851 1206 897 1244 ad
926 1206 1266 1244 commendandum
1293 1206 1405 1244 nobis
1432 1206 1580 1244 assidue
1609 1206 1750 1244 Christi

220 1274 374 1313 Domini
402 1273 441 1311 in
469 1286 538 1310 nos
567 1272 790 1310 beneficium
818 1277 1005 1322 putamus,
1032 1276 1074 1308 et.
1096 1284 1226 1309 omncs
1254 1271 1320 1322 qui
1346 1271 1412 1309 illa
1441 1271 1640 1321 negligunt
1667 1272 1748 1309 vio-

219 1339 299 1376 lant
335 1344 369 1375 et
398 1340 643 1375 contemnunt
670 1349 735 1387 pro
767 1335 835 1373 Dei
860 1335 980 1386 ipsius
1007 1340 1043 1373 et
1073 1335 1213 1373 Christi
1242 1335 1394 1372 Domini
1424 1336 1748 1387 contemptoribus

221 1398 413 1441 habendos
440 1416 520 1440 esse
548 1415 754 1440 censemus.

245 1534 259 1583 §
289 1536 348 1571 20.
380 1533 567 1582 Epiloqus
594 1532 637 1569 de
664 1531 790 1569 nostri
816 1530 1030 1580 coqnitione
1057 1530 1164 1567 iuxta
1192 1529 1400 1567 doctrinam
1423 1529 1723 1578 promissionum.

272 1663 353 1701 Iam
388 1662 420 1701 si
449 1662 546 1700 unde
572 1661 735 1712 primum
764 1660 808 1697 de
837 1659 1079 1697 sacramentis
1108 1658 1231 1697 dicere
1258 1658 1335 1696 orsi
1363 1672 1504 1705 sumus,
1532 1672 1574 1696 eo
1603 1673 1748 1698 rursum

223 1727 355 1771 redire,
391 1727 428 1764 h.
457 1739 504 1770 e.,
531 1725 577 1763 ad
607 1725 682 1762 vim
711 1724 923 1762 divinarum
951 1723 989 1760 in
1019 1723 1128 1760 nobis
1156 1722 1462 1774 promissionum,
1496 1728 1607 1774 atque
1633 1737 1678 1761 ex
1705 1723 1751 1762 iis

222 1804 290 1829 nos
329 1790 451 1828 metiri
489 1789 603 1827 etiam
640 1789 826 1834 volumus,
860 1800 934 1825 non
970 1787 1141 1837 equidem
1177 1787 1338 1837 amplius
1367 1800 1437 1825 nos
1464 1787 1504 1825 in
1533 1787 1656 1832 nobis,
1686 1788 1750 1826 sed

223 1854 414 1894 Christum
443 1854 563 1905 ipsum
590 1853 628 1890 in
659 1852 769 1890 nobis
797 1856 832 1889 et
862 1864 930 1890 nos
957 1851 997 1888 in
1026 1851 1177 1888 Christo
1206 1851 1370 1889 vicissim
1398 1864 1657 1901 agnoscemus.
1712 1851 1751 1889 Si

221 1920 278 1958 illi
305 1919 411 1957 insiti
449 1932 531 1956 vere
559 1931 698 1963 sumus,
727 1916 758 1954 si
787 1916 935 1967 corpori
963 1922 998 1954 et
1026 1916 1202 1965 sanguini
1230 1916 1307 1953 eius
1328 1929 1411 1954 vere
1434 1918 1752 1955 communicamus

225 1999 343 2038 neque
380 1998 448 2023 nos
485 1984 565 2021 sine
592 1984 657 2020 illo
685 1983 759 2020 iam
789 1981 1051 2019 damnabimur
1079 1981 1310 2028 hauddubie,
1337 1995 1455 2032 neque
1484 1982 1547 2020 ille
1575 1982 1654 2020 sine
1683 1996 1752 2020 110-

225 2053 282 2090 bis
310 2064 464 2101 regnare
491 2050 603 2088 etiam
632 2053 766 2100 potest.
805 2047 882 2085 Qui
909 2047 1026 2096 igitur
1055 2047 1150 2085 servi
1176 2047 1318 2098 peccati
1347 2061 1493 2085 eramus
1521 2048 1567 2085 ad
1594 2055 1751 2086 mortem

225 2130 324 2155 nunc
352 2116 473 2165 regale
503 2114 573 2152 Dei
594 2114 630 2151 in
654 2113 804 2150 Christo
826 2111 1075 2149 sacerdotium
1097 2116 1301 2156 sumuS,'-
1321 2112 1385 2163 qui
1405 2120 1538 2149 natura
1559 2113 1689 2150 mortis
1710 2126 1753 2150 ac

222 2182 298 2220 irae
329 2180 398 2218 filii
425 2192 584 2224 eramus,
611 2190 710 2215 nunc
736 2189 801 2228 per
829 2176 1019 2213 Christum
1048 2188 1173 2212 sumus
1194 2175 1262 2212 filii
1284 2175 1365 2220 Dei,
1384 2198 1433 2205 —
1452 2177 1516 2227 qui
1536 2176 1631 2214 nihil
1652 2177 1752 2214 aliud

223 2259 369 2284 eramus
397 2257 508 2295 quam
537 2243 725 2280 Sathanae
754 2240 939 2291 mancipia
968 2240 1162 2290 quaedam,
1190 2253 1291 2277 nunc
1315 2241 1533 2278 conculcata
1559 2254 1623 2291 per
1643 2241 1752 2278 Chri-

226 2314 323 2347 stum
353 2308 539 2346 Sathanae
565 2305 778 2356 tyrannide,
805 2305 911 2353 regni
940 2303 1110 2341 coelestis
1139 2304 1403 2342 haereditatem
1433 2305 1502 2342 sub
1532 2318 1595 2355 spe
1624 2304 1753 2342 certis-

225 2375 317 2412 sima
345 2372 592 2424 possidemus.
647 2370 819 2408 Breviter
847 2369 1030 2420 quidquid
1060 2368 1200 2406 Christi
1229 2361 1297 2414 est,'
1325 2373 1495 2406 nostrum
1525 2373 1579 2406 est
1609 2375 1644 2406 et
1671 2381 1754 2406 rur-

227 2452 308 2476 sum
336 2437 439 2474 illius
469 2439 557 2474 sunt
584 2435 708 2481 etiam,
736 2447 811 2472 non
841 2438 964 2471 autem
993 2437 1120 2470 nostra
1149 2433 1323 2484 amplius,
1359 2433 1454 2470 mala
1485 2433 1610 2470 omnia
1639 2446 1753 2484 quae-

228 2514 374 2553 cunque
409 2514 474 2552 per
501 2499 754 2537 infirmitatem
783 2502 947 2535 nostram
977 2501 1180 2547 patramus.
1235 2496 1275 2533 Si
1313 2495 1403 2533 haec
1439 2495 1628 2546 punienda
1656 2502 1756 2539 sunt,

227 2567 266 2605 in
294 2566 359 2604 illo
388 2565 462 2602 iam
489 2563 677 2615 punienda
706 2566 826 2608 erunt,
856 2561 919 2612 qui
946 2574 988 2599 ea
1017 2560 1142 2598 omnia
1169 2574 1189 2597 a
1218 2559 1328 2597 nobis
1355 2560 1540 2598 translata
1563 2559 1603 2596 in
1631 2572 1669 2596 se
1695 2572 1753 2596 re-

230 2630 340 2682 cepit,
375 2633 411 2666 et
446 2628 498 2666 ita
527 2627 677 2678 recepit,
705 2633 746 2663 ut
774 2638 850 2663 non
880 2626 927 2662 sit
954 2638 995 2662 ea
1023 2637 1152 2662 rursus
1179 2624 1218 2661 iu
1247 2637 1316 2661 nos
1343 2624 1548 2662 reiecturus
1575 2635 1755 2673 unquam.

229 2697 261 2734 si
297 2698 444 2733 tantum
472 2691 574 2729 illius
602 2690 825 2728 beneficium
853 2689 925 2727 fide
953 2688 1285 2740 apprehendamus.
1339 2688 1425 2725 Imo
1454 2687 1513 2724 hic
1540 2700 1578 2724 se
1606 2699 1753 2737 quoque

230 2759 340 2798 nobis
387 2760 606 2808 attemperat
652 2755 778 2794 divina
816 2754 1084 2792 misericordia.
1138 2754 1185 2791 In
1222 2754 1304 2804 ipsa
1340 2753 1450 2791 etiam
1488 2751 1561 2789 fide
1596 2751 1755 2788 infirmi-

228 2829 339 2865 tatem
380 2827 548 2863 nostram
586 2821 774 2860 condonat
809 2833 951 2872 proque
986 2818 1161 2857 fidelibus
1199 2823 1345 2869 reputat
1381 2830 1456 2865 eOS‚
1492 2815 1556 2867 qui
1607 2816 1755 2854 credere
