1818 3178
553 95 769 124 RESPONSIO
796 97 878 123 Anv
924 97 1090 126 uosruM.
1515 91 1587 127 429

61 198 210 250 phetam
247 197 462 237 Catholicae
490 198 679 236 Ecclesiae
707 198 789 238 Dei.
844 199 967 245 Dicet,
993 213 1032 238 se
1059 204 1094 238 et
1121 213 1209 238 suos
1237 200 1363 239 omnia
1390 200 1481 239 haec
1509 214 1587 240 cre-

63 264 160 303 dere.
213 263 371 302 Utinam
408 275 493 301 vero
530 263 568 301 id
605 277 691 302 vere
727 268 763 303 et
797 278 844 303 ex
879 265 1004 303 animo
1032 265 1152 317 possit
1180 266 1314 313 dicere,
1349 266 1389 304 id
1415 266 1587 318 equidem

60 329 116 367 illi
155 342 223 379 ego
259 332 295 367 et
332 328 409 366 suis
445 329 621 368 omnibus
656 330 810 381 perinde
845 331 1020 382 optarim,
1054 335 1166 382 atque
1203 331 1296 370 mihi
1332 332 1411 384 ipse
1447 332 1588 371 Divino

62 394 243 433 beneficio
276 393 458 444 gratulor.
513 395 586 433 Sed
623 395 654 433 si
692 395 782 434 haec
819 409 901 434 vere
931 396 1060 440 credit,
1086 397 1135 435 ad
1161 410 1261 435 meas
1289 397 1381 435 mihi
1408 398 1588 449 pauculas

59 459 290 497 obiectiones
328 458 488 497 breviter
522 460 635 498 etiam
670 464 706 499 et
742 461 935 512 perspicue
970 461 1207 513 respondeat.
1261 464 1319 500 Ac
1346 462 1507 514 primum
1542 462 1587 501 de

59 535 219 574 persona
255 523 336 575 ipsa
373 524 516 562 Christi
560 524 729 571 Domini,
766 526 798 563 si
836 526 1026 564 Christum
1062 526 1265 565 Dominum
1302 527 1422 566 Deum
1460 541 1588 566 verum

60 601 139 626 esse
173 588 302 635 credit,
332 602 395 627 cur
424 590 526 641 operi
553 590 670 641 ipsius
698 591 736 628 in
763 591 999 642 procuranda
1028 592 1146 630 salute
1174 597 1319 639 nostra,
1347 593 1410 630 ubi
1439 606 1586 631 carnem

59 659 229 693 nostram
264 656 537 707 assumpsisset,
574 669 651 694 non
676 657 811 695 tribuit
848 670 997 695 omnem
1039 671 1082 696 ac
1126 659 1276 709 plenam
1312 660 1591 710 perfectionem,

61 732 145 757 cum
175 720 367 771 Scriptura
397 720 541 766 doceat,
569 721 694 759 omnia.
713 721 783 759 Dei
811 733 922 772 opera
948 723 1356 773 perfectis-(100)sima
1383 725 1588 763 absolutis-

61 783 227 835 simaque
263 797 354 831 esse,
392 785 696 836 quandoquidem
732 785 772 822 in
800 798 895 827 eum,
923 786 987 837 qui
1014 787 1078 824 illa
1107 794 1293 838 operatur,
1320 788 1454 835 Deum,
1481 790 1586 827 nulla

60 848 292 898 imperfectio
322 849 452 887 cadere
479 853 614 900 potest.
669 849 709 887 Si
737 863 822 887 vero
851 850 955 900 operi
983 850 1070 889 huic
1098 851 1237 889 Divino
1267 852 1408 891 Christi
1435 852 1589 891 Domini

60 927 208 952 omnem
238 927 281 952 ac
307 914 455 965 plenam
483 914 751 965 perfectionem
778 915 924 958 tribuit,
951 915 1106 953 ubinam
1137 916 1344 954 consistent
1365 917 1589 955 subsidiaria

58 976 136 1021 illa,
172 989 267 1027 quae
302 975 446 1014 Hosius
482 985 707 1027 propugnat,
745 977 876 1015 salutis
916 981 1066 1015 nostrae
1102 978 1276 1024 remedia,
1311 992 1442 1030 nempe
1480 979 1590 1017 satis·

58 1037 241 1075 factiones
278 1040 429 1075 nostrae
464 1050 531 1088 pro
570 1037 760 1088 peccatis?
788 1051 899 1088 opera
928 1038 1016 1075 item
1044 1043 1172 1076 nostra
1201 1051 1277 1077 non
1304 1042 1453 1077 tantum
1479 1039 1589 1077 meri-

60 1103 168 1144 toria,
203 1102 267 1140 sed
301 1102 413 1140 etiam
451 1102 790 1152 supererogatoria,
826 1105 862 1140 et
897 1102 1048 1152 quidem
1083 1115 1178 1153 quae
1214 1116 1291 1140 non
1329 1104 1451 1141 solum
1479 1104 1590 1142 nobis

59 1167 275 1206 adiumento
295 1167 382 1214 sint,
404 1166 467 1204 sed
496 1167 608 1204 etiam
637 1167 720 1204 aliis
748 1171 824 1204 tam
851 1166 947 1204 vivis
975 1180 1089 1218 quam
1116 1168 1304 1205 mortuis?
1357 1168 1462 1207 Quid
1490 1169 1590 1207 enim

60 1233 295 1271 subsidiariis
331 1232 417 1270 ullis
447 1231 602 1269 omnino
629 1231 869 1269 adminiculis
897 1231 943 1268 ad
974 1232 1130 1270 salutem
1158 1237 1326 1270 nostram
1354 1245 1448 1284 opus
1476 1233 1590 1271 habe-

59 1311 154 1341 mus,
190 1297 222 1335 si
248 1310 340 1348 opus
367 1296 435 1334 filii
462 1296 533 1333 Dei
560 1295 636 1333 vivi
661 1296 848 1334 incarnati
874 1295 914 1333 in
941 1296 1180 1347 procuranda
1208 1301 1336 1335 nostra
1364 1298 1482 1336 salute
1509 1311 1591 1335 mo-

59 1362 117 1400 dis
154 1362 329 1400 omnibus
365 1361 568 1412 perfectum
604 1365 716 1412 atque
751 1361 966 1399 absolutum
1002 1375 1083 1399 esse
1111 1375 1187 1399 non
1216 1362 1458 1400 dubitamus?
1513 1364 1592 1401 Aut

59 1428 247 1479 quomodo
276 1441 370 1478 opus
397 1427 435 1464 id
462 1427 530 1464 filii
560 1426 628 1463 Dei
656 1426 776 1464 modis
805 1427 981 1465 omnibus
1008 1427 1214 1478 perfectum
1243 1431 1353 1478 atque
1374 1427 1589 1466 absolutum

58 1507 138 1532 esse
175 1506 251 1531 non
290 1493 520 1537 dubitamus,
558 1492 589 1529 si
626 1492 719 1529 illud
746 1491 857 1529 nobis
887 1492 966 1530 sine
993 1492 1133 1530 nostris
1161 1492 1400 1530 adminiculis
1429 1494 1592 1531 sufficere

60 1572 138 1597 non
172 1572 280 1610 posse
318 1558 513 1596 dicamus?
564 1558 668 1595 Hinc
705 1557 820 1607 igitur
854 1558 1016 1608 primum
1052 1571 1089 1595 se
1125 1557 1297 1609 expediat
1334 1558 1478 1596 Hosius
1506 1571 1589 1598 cum

60 1624 137 1662 suis
173 1624 361 1670 omnibus,
398 1627 440 1660 ut
473 1635 511 1660 se
548 1614 836 1660 fundamentum
874 1621 1202 1671 doctri-(101)nae
1230 1622 1472 1674 Apostolicae
1498 1623 1589 1661 reti-

60 1703 148 1728 nere
185 1690 360 1728 declaret.
416 1688 562 1726 Deinde
599 1688 631 1725 si
667 1687 826 1726 eundem
854 1688 977 1738 ipsum
1007 1688 1199 1726 Christum
1227 1688 1434 1726 Dominum
1462 1702 1590 1727 verum

59 1768 209 1807 quoque
243 1755 284 1792 in
313 1767 422 1791 carne
450 1761 578 1791 nostra
605 1753 796 1791 hominem
823 1753 1013 1804 personali
1040 1753 1209 1791 unitione
1238 1753 1482 1792 coniunctum
1509 1754 1589 1792 Deo

58 1821 137 1859 filio
173 1832 253 1858 esse
289 1819 419 1864 credit,
456 1818 567 1856 nobis
594 1818 737 1869 alioqui
765 1822 919 1856 naturae
946 1821 1098 1856 nostrae
1127 1818 1390 1857 communione
1415 1818 1469 1856 ita
1499 1832 1590 1856 con-

59 1887 242 1930 iunctum,
277 1887 319 1922 ut
353 1896 419 1934 per
456 1882 580 1920 omnia
610 1883 658 1921 sit
692 1883 815 1921 nostri
852 1882 1000 1927 similis,
1027 1886 1183 1933 excepto
1213 1882 1396 1920 duntaxat
1424 1887 1590 1934 peccatO,

60 1949 373 2003 quemadmodum
393 1948 532 1986 Paulus
560 1947 681 1994 docet,
706 1970 755 1976 —
775 1948 929 1986 ubinam
957 1960 1096 1998 quaeso
1125 1947 1292 1985 manebit
1320 1947 1503 1986 Doctrina
1530 1948 1588 1999 ip-

60 2016 137 2054 sius
166 2026 391 2064 suorumque
417 2013 587 2051 omnium
616 2012 661 2050 de
689 2012 845 2051 crustuli
873 2012 980 2064 panis
1012 2012 1053 2050 in
1082 2024 1215 2063 corpus
1252 2012 1394 2050 Christi
1421 2013 1589 2051 naturale

57 2080 148 2119 reali
185 2092 227 2116 ac
263 2077 505 2116 substantiali
531 2077 767 2119 transitione,
804 2077 881 2114 sive
916 2090 981 2128 per
1010 2075 1302 2127 sesquipedalem
1339 2075 1444 2113 illam
1483 2080 1589 2114 tran-

59 2142 425 2188 substantiationem,
471 2140 548 2178 sive
583 2153 648 2191 per
682 2140 790 2191 panis
827 2140 1126 2178 evanescentium
1163 2151 1206 2176 ac
1243 2139 1410 2190 corporis
1448 2139 1590 2178 Christi

59 2207 393 2248 substitutionem?
431 2205 496 2244 ubi
531 2206 619 2244 item
649 2206 819 2243 doctrina
849 2206 893 2244 de
922 2218 1076 2256 corpore
1105 2205 1245 2243 Christi
1274 2204 1488 2242 insensibili
1514 2205 1588 2243 im-

57 2287 186 2313 menso
215 2286 258 2311 ac
285 2285 471 2323 nusquam
499 2283 574 2309 non
603 2271 816 2322 praesenti?
845 2270 1031 2308 Novimus
1061 2283 1149 2308 sane
1177 2269 1239 2307 hic
1265 2269 1430 2307 latebras
1449 2269 1585 2307 verbo-

57 2353 154 2386 rum,
181 2339 316 2390 quibus
354 2337 444 2375 haec
471 2336 597 2374 omnia
627 2336 817 2374 involvere
843 2335 1007 2373 Hosiani
1036 2335 1193 2381 soleant,
1221 2334 1399 2372 novimus
1426 2338 1462 2373 et
1489 2339 1588 2373 artes

58 2404 238 2455 ipsorum,
256 2400 394 2452 quibus
413 2399 470 2437 vel
484 2398 528 2436 ad
552 2398 767 2444 fallendum,
789 2398 848 2436 vel
875 2398 925 2446 (si
952 2397 1053 2435 aliud
1082 2410 1157 2435 non
1183 2398 1338 2448 queant)
1367 2396 1413 2434 ad
1442 2396 1587 2435 abster-

57 2467 214 2506 rendum
244 2465 374 2504 saltem
402 2463 649 2515 simpliciores
677 2462 724 2500 ab
752 2462 831 2500 eius
868 2462 920 2500 rei
958 2461 1212 2500 sciscitatione
1239 2464 1404 2507 utantur,
1433 2461 1496 2499 sed
1525 2461 1587 2499 hic

57 2532 163 2569 locus
200 2542 277 2567 non
312 2532 380 2571 est,
408 2531 446 2565 ut
484 2526 529 2564 de
555 2525 637 2563 istis
666 2525 910 2576 disputemus.
939 2526 1050 2573 (102)
1079 2524 1246 2562 Tantum
1272 2523 1518 2574 postulamus,
1545 2529 1587 2562 ut

57 2594 275 2647 simpliciter
312 2597 347 2631 et
382 2591 575 2643 perspicue
613 2591 786 2628 ostendat
823 2589 968 2627 Hosius
996 2589 1087 2627 haec
1116 2589 1190 2626 duo
1218 2588 1330 2626 simul
1357 2600 1467 2639 posse
1495 2601 1584 2625 con-

59 2661 199 2707 sistere,
233 2671 365 2709 nempe
402 2662 440 2695 ut
476 2669 560 2694 vere
595 2659 631 2693 et
667 2655 881 2693 indubitato
921 2654 1128 2700 credamus,
1154 2653 1276 2692 Deum
1302 2653 1422 2691 filium
1450 2652 1490 2690 in
1519 2666 1585 2691 sua

57 2725 316 2764 incarnatione
351 2722 532 2768 similiter,
572 2721 644 2758 hoc
679 2724 735 2758 est
767 2733 832 2771 per
859 2719 1079 2764 naturalem,
1116 2719 1196 2757 sine
1224 2719 1294 2757 viri
1323 2721 1498 2756 contactu
1525 2718 1584 2757 in·

57 2791 166 2830 terim
193 2803 238 2828 ex
265 2792 383 2827 matre
410 2787 556 2837 virgine
592 2786 730 2824 virtute
757 2785 918 2836 Spiritus
948 2784 1088 2831 Sancti,
1114 2784 1409 2834 generationem,
1436 2787 1586 2821 nostrae

58 2855 161 2894 carni
187 2859 389 2904 nostroque
418 2851 591 2901 sanguini
618 2850 875 2901 participasse,
904 2862 1054 2899 esseque
1071 2848 1181 2887 nobis
1200 2849 1239 2887 in
1260 2852 1414 2886 naturae
1435 2851 1585 2888 nostrae
