1818 3178
442 143 491 170 DE
521 143 802 170 SACRAMENTIS
833 142 1044 170 EGCLESIAE
1072 142 1248 171 CHRISTI.
1531 133 1600 169 165

138 245 192 283 Ea
228 258 339 297 porro
374 245 586 295 obsignatio
627 245 893 295 designabatur
927 249 1018 283 tunc
1051 257 1115 295 per
1149 243 1310 295 typicam
1346 256 1389 280 ac
1415 242 1601 280 visibilem

84 311 163 349 eius
183 311 296 362 ipsius
316 311 565 358 commu-(fol.
585 312 797 358 59¹³)ni0nis
817 310 1158 356 adumbrationem
1188 310 1280 360 ipsa,
1305 309 1470 360 inquam,
1496 321 1603 359 prae-

85 374 180 425 putii
206 374 410 425 amputatio
437 375 643 412 testabatur
671 389 749 413 esse
775 375 815 412 in
842 375 953 412 nobis
980 373 1133 425 aliquid,
1161 373 1261 424 quod
1290 372 1473 424 amputari
1492 384 1603 423 opor-

84 444 190 483 teret,
226 440 257 476 si
292 452 358 490 pro
393 439 499 476 iustis
537 439 664 477 haberi
700 441 930 486 deberemus,
964 443 1000 477 et
1033 438 1226 488 sanguinis
1263 438 1342 489 ipsa
1379 436 1505 475 effusio
1545 438 1603 474 lo-

86 504 267 554 quebatur
301 516 368 541 suo
405 504 529 548 modo,
565 505 653 542 satis
682 518 756 542 non
785 518 865 542 esse
892 504 938 541 ad
964 503 1167 555 parandam
1193 503 1377 540 iustitiam
1414 506 1606 541 taurorum

85 572 122 606 et
149 568 304 605 aliarum
332 568 517 618 pecudum
545 569 777 618 sanguinem,
803 569 843 606 in
872 568 1064 606 sacrifieiis
1091 567 1198 604 fundi
1221 567 1383 612 solitum,
1411 566 1474 605 sed
1494 579 1604 617 opor-

85 637 162 669 tere
189 632 301 669 semel
329 632 529 683 aliquando
558 633 740 670 eiusmodi
768 632 929 670 hostiam
956 631 1123 676 mactari,
1149 631 1189 668 in
1217 644 1289 681 qua
1317 643 1392 668 non
1420 631 1604 682 pecudum

85 694 256 745 amplius,
294 695 357 732 sed
394 699 520 733 noster
556 696 722 747 ipsorum
759 695 910 744 sanguis
944 694 985 731 in
1014 706 1123 731 carne
1150 697 1290 740 nostra,
1326 707 1368 731 ea
1394 697 1518 731 tamen
1545 693 1606 731 in-

84 759 360 806 nocentissima,
403 760 614 798 fundendus
651 764 758 798 esset,
812 760 871 797 Ita
918 759 1088 796 videlicet
1134 758 1208 796 iam
1243 762 1324 796 tum
1358 763 1484 796 nostra
1522 773 1605 797 cum

86 822 236 860 Christo
283 822 460 869 Domino,
505 824 657 861 salutari
702 826 830 860 nostra
875 822 1010 867 hostia,
1056 821 1267 858 communio
1303 822 1344 859 in
1381 834 1534 873 corpore
1569 827 1605 860 et

84 887 265 936 sanguine
308 887 425 938 ipsius
470 888 773 937 adumbrabatur,
809 887 975 937 adeoque
1010 891 1046 924 et
1082 885 1217 923 animis
1252 886 1399 937 piorum
1438 887 1605 924 omnium

85 951 377 1000 obsignabatur,
412 953 556 990 etiamsi
595 952 765 990 Christus
793 951 978 988 Dominus
1007 950 1175 988 nondum
1205 963 1337 1001 corpus
1366 952 1605 1000 sanguinem-

85 1029 154 1067 que
186 1017 304 1053 ullum
343 1017 505 1055 haberet.
545 1017 732 1054 Nimirum
768 1029 886 1065 agnus
915 1019 1041 1053 noster
1069 1015 1214 1053 occisus
1241 1019 1297 1053 est
1325 1029 1345 1052 a
1371 1016 1503 1053 mundi
1532 1017 1607 1053 ori-

84 1081 184 1130 gine,
211 1086 247 1118 et
275 1086 329 1119 est
357 1081 525 1119 Christus
554 1080 737 1118 Dominus
766 1080 844 1117 heri
873 1079 983 1117 hodie
1009 1084 1045 1117 et
1072 1079 1112 1117 in
1141 1080 1299 1124 saecula,
1327 1079 1427 1130 quod
1455 1080 1600 1130 quidem

84 1146 218 1184 attinet
250 1146 296 1183 ad
333 1146 492 1184 delatam
529 1145 638 1182 nobis
665 1145 703 1182 in
731 1145 812 1195 ipso
841 1144 952 1182 etiam
979 1143 1125 1181 Adamo
1154 1143 1319 1194 corporis
1347 1147 1382 1181 et
1410 1144 1602 1193 sanguinis

86 1211 143 1248 sui
170 1211 367 1248 salutarem
397 1210 707 1248 communionem.

136 1276 246 1313 quta
274 1276 370 1313 hanc
396 1276 503 1312 Pauli
530 1275 738 1312 doctrinam
767 1273 882 1323 igitur
912 1273 956 1310 de
980 1272 1260 1310 circumcisione
1277 1273 1389 1311 nobis
1407 1273 1607 1324 proditam,

84 1353 165 1377 eum
194 1353 273 1377 esse
306 1339 546 1390 praecipuum
573 1339 684 1376 finem
713 1338 871 1375 dicimus
906 1338 1074 1374 omnium
1102 1339 1440 1382 Sacramentorum,
1476 1341 1517 1375 ut
1543 1351 1607 1388 per

84 1402 295 1440 institutam
322 1406 451 1439 autore
478 1401 557 1438 Deo
585 1401 665 1452 ipso
692 1400 990 1438 recordationem
1017 1400 1056 1437 in
1085 1399 1192 1448 signo
1219 1399 1343 1450 aliquo
1371 1400 1510 1437 visibili
1538 1413 1606 1438 no-

85 1469 181 1504 strae
218 1479 297 1503 cum
328 1467 411 1515 (fol.
442 1468 524 1513 60³)
555 1466 704 1503 Christo
733 1465 896 1502 Domino
926 1464 1200 1502 communionis
1227 1464 1319 1502 fides
1345 1465 1445 1502 illius
1473 1466 1606 1503 animis

84 1523 230 1581 piorum
266 1531 304 1568 in
341 1531 418 1568 eius
447 1530 615 1568 Ecclesia
641 1530 789 1581 penitus
816 1530 1006 1578 infigatur,
1035 1529 1188 1580 ipsaque
1215 1528 1306 1566 adeo
1334 1529 1501 1566 Ecclesia
1527 1533 1607 1566 tota

83 1595 122 1632 in
149 1599 321 1646 perpetua
350 1595 451 1632 illius
479 1595 655 1632 fruitione
683 1595 728 1631 ad
759 1595 873 1632 vitam
902 1607 1016 1644 usque
1044 1600 1231 1631 aeternam
1259 1593 1448 1639 duratura,
1474 1598 1603 1631 autore

83 1660 215 1710 spiritu
243 1664 385 1704 sancto,
413 1661 652 1709 obsignetur;
680 1660 731 1706 id,
759 1659 859 1710 quod
887 1659 924 1696 in
945 1659 1178 1708 singulorum
1199 1658 1320 1696 adhuc
1341 1660 1602 1696 Sacramento-

83 1738 166 1762 rum
193 1725 440 1776 explicatione
466 1725 610 1776 plenius
639 1725 865 1762 ostendetur.

132 1790 193 1827 Ab
221 1790 292 1827 hoc
319 1791 393 1828 fine
419 1794 542 1828 autem
571 1791 669 1828 velut
696 1789 743 1826 ab
772 1789 905 1827 arbore
931 1789 1039 1827 multi
1067 1789 1211 1826 fructus
1238 1789 1475 1840 proveniunt.
1513 1789 1603 1826 Non

81 1855 179 1892 enim
218 1854 459 1903 cogitandum
492 1859 559 1896 est,
594 1854 894 1903 obsignationem
928 1853 1031 1890 illam
1061 1857 1209 1890 nostrae
1237 1866 1319 1890 cum
1349 1852 1497 1890 Christo
1527 1852 1604 1889 Do-

82 1919 184 1956 mino
228 1918 520 1959 communionis,
564 1931 674 1968 quam
719 1918 758 1955 in
795 1918 929 1954 animis
966 1918 1102 1954 nostris
1138 1921 1264 1954 autore
1302 1917 1432 1968 spiritu
1472 1922 1602 1954 saneto

83 1984 162 2021 fieri
199 1983 377 2020 sentimus
411 1984 449 2020 in
488 1984 812 2020 sacramentorum
846 1982 1065 2027 ministerio,
1100 1982 1150 2020 ita
1179 1982 1355 2031 frigidam
1383 1985 1419 2019 et
1447 1982 1604 2019 otiosam

82 2062 173 2093 esse,
217 2052 257 2085 ut
296 2061 368 2085 non
406 2061 491 2084 suos
528 2049 671 2085 fructus
708 2048 853 2098 aliquos
889 2047 1083 2098 producat,
1119 2047 1183 2097 qui
1221 2060 1289 2084 nos
1324 2060 1406 2084 vere
1453 2046 1602 2084 Christo

84 2112 244 2149 Domino
275 2112 546 2149 communicare
573 2115 766 2150 testentur.
796 2112 878 2148 Nos
906 2112 997 2149 duos
1024 2112 1242 2162 praecipuos
1260 2111 1402 2148 fructus
1422 2111 1602 2158 obsigna-

82 2177 196 2214 tionis
234 2177 548 2214 Sacramentariae
583 2176 695 2213 veluti
733 2176 805 2213 duo
842 2176 1007 2213 membra
1041 2176 1221 2226 quaedam
1256 2188 1435 2225 ponemus
1472 2176 1603 2212 finem-

84 2254 154 2292 que
189 2240 355 2278 omnium
385 2241 707 2277 Sacramentorum
736 2239 979 2276 bimembrem
1008 2238 1282 2290 quodammodo
1312 2242 1527 2283 statuemus,
1562 2242 1604 2275 ut

82 2304 346 2353 intelligamus,
380 2304 549 2354 spiritum
579 2308 761 2347 sanctum,
788 2303 852 2353 qui
881 2307 1072 2353 nunquam
1100 2303 1261 2340 inaniter
1288 2307 1351 2339 aut
1378 2303 1502 2339 ociose
1529 2303 1603 2353 spi-

84 2375 152 2413 rat,
180 2370 252 2406 duo
280 2369 319 2406 in
348 2369 457 2406 nobis
484 2368 627 2419 operari
655 2381 719 2419 per
748 2368 1081 2405 Sacramentariam
1109 2380 1210 2404 suam
1240 2367 1551 2416 obsignationem.

133 2434 280 2471 Primus
307 2434 451 2470 fructus
480 2445 543 2469 seu
569 2432 729 2482 primum
757 2432 967 2469 membrum
995 2431 1268 2480 obsignationis
1289 2432 1604 2469 Sacramentariae

85 2500 134 2534 est
175 2498 421 2546 πληροφορίκ
457 2500 492 2532 et
529 2495 631 2545 quies
669 2499 765 2531 certa
795 2494 1043 2532 conscientiae
1070 2494 1108 2530 in
1138 2498 1264 2531 nostra
1294 2507 1377 2531 cum
1404 2494 1487 2542 (fol.
1517 2494 1602 2541 60¹»)

85 2561 234 2598 Christo
269 2560 430 2597 Domino
469 2558 740 2603 communione,
785 2571 879 2608 quae
915 2570 983 2595 nos
1021 2562 1139 2595 certos
1166 2557 1299 2602 reddit,
1326 2557 1466 2594 nullam
1493 2558 1602 2595 nobis

83 2625 240 2676 amplius
276 2624 455 2675 reliquam
492 2637 570 2661 esse
599 2623 958 2668 condemnationem,
994 2627 1234 2673 posteaquam
1264 2622 1411 2660 Christo
1442 2622 1602 2663 Domino

85 2689 275 2728 coniuncti
311 2703 436 2727 sumus
472 2702 535 2739 per
562 2688 720 2725 delatam
746 2687 909 2736 gratuito
939 2687 1104 2738 corporis
1132 2691 1167 2724 et
1195 2687 1388 2736 sanguinis
1418 2687 1471 2723 sui
1502 2700 1601 2723 com-

84 2755 311 2791 munionem.
366 2754 471 2790 Alter
508 2753 649 2789 sructus
678 2765 741 2789 scu
769 2752 925 2806 alterum
953 2751 1161 2788 membrum
1189 2751 1505 2788 Sacramentariae
1532 2750 1600 2786 ol)-

87 2817 310 2867 signationis
346 2822 401 2855 est
437 2817 571 2865 mentis
608 2820 755 2853 nostrae
782 2814 1049 2865 affectuumque
1076 2815 1285 2852 immutatio
1313 2815 1369 2851 vel
1398 2814 1603 2858 innovatio,

88 2881 242 2929 (Graeci
280 2883 533 2922 ἀνιικειῐνωσιν
563 2894 623 2918 seu
652 2885 864 2930 μετάνοιαν
893 2881 1046 2927 vocant)
1072 2893 1181 2930 quam
1211 2892 1332 2917 secum
1361 2879 1436 2929 ipsa
1469 2879 1608 2930 alioqui
