1818 3178
756 110 997 141 PRAEFATIO.
1544 110 1644 142 XCIX

120 218 202 260 iam
246 217 403 260 dictum
445 222 520 268 est,
553 231 765 273 quemque
796 218 953 259 idcirco
983 218 1023 258 in
1058 216 1240 259 editione
1271 221 1412 258 nostra
1444 217 1637 259 omitten-

116 288 217 331 dum
249 289 457 339 duximus,
491 288 603 344 quod
635 288 686 331 ad
716 289 843 332 Lasci
865 304 991 346 opera
1014 288 1313 345 nihilpertinet
1329 295 1368 330 et
1385 288 1552 331 aliunde
1569 289 1641 331 diu

123 359 386 414 multumque
416 359 499 401 iam
533 360 726 404 innotuit.
762 362 963 402 Asservat
993 360 1120 402 Lasei
1151 359 1282 402 libelli
1298 359 1514 416 exemplar
1530 362 1638 403 inter

117 431 198 474 alia
242 431 443 472 Museum
484 431 764 474 Brittanicum
797 433 838 474 in
872 431 1132 475 Collectione
1165 431 1464 483 Granvillensi,
1496 433 1636 489 signa·

116 511 207 546 tum
237 513 298 546 n0.
323 504 478 545 41698.
511 502 562 544 In
597 503 759 545 nullam
793 503 986 559 linguam
1011 503 1089 544 hoc
1111 502 1361 559 opusculum
1386 503 1636 546 translatum

114 586 188 626 est,
221 583 262 617 et
294 590 555 631 quamquam
587 575 857 632 repetendam
892 574 980 616 fore
1013 575 1186 616 latinam
1221 575 1441 617 editionem
1463 576 1550 631 ipse
1571 591 1643 618 ex-

115 653 377 703 spectaverat
405 654 566 699 auctor,
598 655 646 689 ut
677 647 787 689 hisce
818 648 905 688 eius
938 645 1073 688 verbis
1103 646 1332 689 docemur:
1369 669 1389 694 η
1408 662 1524 689 nunc
1554 646 1637 689 sol-

118 741 139 766 ῃ
159 717 323 760 licitant
352 725 398 760 ut
428 718 568 760 denuo
599 717 791 768 edatur,”
817 718 846 775 ¹)
883 726 1022 760 tamen
1046 718 1086 758 in
1110 717 1248 773 prima
1270 718 1449 760 editione
1472 719 1638 775 acquie-

119 796 269 831 verunt
316 789 514 845 aequales
561 796 602 832 et
642 790 808 832 nonnisi
849 788 978 832 semel
1008 788 1135 830 Lasci
1168 791 1215 831 de
1244 791 1505 832 sacramentis
1536 790 1640 832 liber

119 861 230 918 typis
261 875 442 904 excusus
474 867 548 904 est.

165 1011 232 1052 22.
281 1010 443 1050 Bams
476 1021 591 1049 riom
623 1020 885 1048 EXPLORATIO
919 1008 1016 1062 (scr.
1051 1021 1087 1049 a.
1125 1007 1249 1057 1550,
1284 1006 1346 1048 ed.
1377 1023 1413 1051 a.
1449 1008 1592 1064 1553).

438 1151 586 1208 [LASCI
622 1153 763 1205 Opera,
796 1150 896 1194 Vol.
930 1150 992 1194 II.
1025 1153 1078 1193 47
1088 1151 1288 1208 7—492.]

177 1289 332 1334 Scribit
360 1291 413 1334 ad
442 1290 745 1348 Bullingerum
780 1292 804 1333 a.
835 1291 975 1333 Lasco
1006 1291 1045 1335 d.
1082 1295 1104 1334 7
1141 1291 1330 1335 Ianuarii
1364 1295 1494 1337 1551:
1532 1294 1647 1342 ''Ec-

120 1364 329 1409 uelesiam
370 1379 500 1420 porro
543 1363 600 1405 ita
642 1362 898 1420 colligimus,
939 1370 987 1405 ut
1029 1364 1100 1419 qui
1140 1364 1183 1406 in
1225 1364 1296 1406 illa
1341 1366 1502 1407 censeri
1534 1367 1644 1415 velit,

119 1459 140 1484 a
162 1437 294 1478 editae
320 1451 392 1488 per
424 1451 491 1477 nos
522 1436 769 1491 confessioni
801 1441 961 1477 nostrae
991 1437 1223 1485 subscribat,
1265 1445 1311 1478 ut
1343 1437 1469 1479 totius
1499 1437 1644 1480 Eccle-

119 1527 139 1553 η
161 1506 246 1548 siae
277 1513 443 1548 nostrae
473 1506 645 1548 nomina
677 1506 718 1547 in
750 1503 961 1561 Catalogo
992 1504 1260 1548 habeamus.'’
1294 1506 1324 1562 2)
1372 1507 1540 1550 Revera
1571 1508 1644 1550 du·

118 1575 229 1617 bium
275 1574 583 1631 quodammodo
625 1573 803 1624 videtur,
837 1582 984 1616 utrum
1017 1574 1067 1616 de
1105 1577 1363 1631 Confessionc
1393 1578 1645 1625 Londz'nensi,

117 1663 171 1690 an
218 1662 316 1689 vero
353 1646 403 1689 de
450 1648 570 1689 Brev.
607 1648 708 1704 fidei
748 1648 897 1701 explor.
944 1647 1047 1689 haee
1079 1646 1208 1690 verba
1240 1648 1517 1706 intelligenda
1547 1650 1641 1692 sint.

119 1716 378 1774 Quanquam
409 1719 521 1760 enim
553 1718 708 1775 absque
732 1718 858 1760 dubio
882 1717 1201 1761 confessionem
1223 1729 1412 1776 spectare
1435 1721 1645 1774 videntur,

120 1798 258 1831 tamen
291 1792 341 1832 ad
373 1789 636 1832 breviculum
672 1790 985 1834 Catechismum
1019 1807 1067 1833 ea
1097 1792 1258 1834 referre
1291 1793 1429 1849 potius
1456 1793 1643 1844 haberes,

121 1862 202 1904 rite
249 1863 462 1919 perpensis
507 1879 612 1920 quae
643 1864 731 1920 ipse
762 1870 903 1905 noster
935 1863 985 1905 de
1017 1864 1097 1906 hoc
1126 1864 1316 1906 libellulo
1347 1865 1446 1908 alibi
1475 1866 1643 1908 scribit:

123 1957 145 1981 n
170 1933 258 1985 Qui
288 1949 375 1976 sese
406 1949 554 1976 recens
584 1935 737 1976 nostris
768 1934 1011 1992 adiungunt
1033 1934 1233 1978 Ecclesiis
1257 1944 1382 1993 atque
1404 1937 1455 1979 ad
1479 1936 1647 1980 Coenae

125 2029 146 2054 ῃ
170 2006 420 2048 Dominicae
453 2021 573 2048 usum
605 2006 766 2048 admitti
788 2007 1015 2063 postulant,
1045 2017 1255 2064 rogantur
1278 2015 1324 2049 ut
1345 2008 1457 2051 hisce
1479 2024 1648 2066 respon-

127 2098 147 2123 η
162 2077 287 2119 deant
305 2075 750 2134 interrogationibus.''
771 2079 802 2135 ³)
838 2077 923 2121 Vel
939 2079 996 2121 sic
1013 2086 1151 2121 tamen
1170 2080 1325 2136 absque
1337 2080 1464 2123 dubio
1476 2090 1650 2131 constat,

124 2164 233 2205 quae
263 2150 350 2206 ipse
382 2158 522 2191 noster
554 2149 604 2192 ad
636 2149 936 2207 Bullingerum
960 2151 1189 2209 scripserit,
1213 2152 1263 2194 de
1285 2153 1373 2208 ipsa
1399 2156 1650 2211 Confessione

123 2236 269 2278 agere:
303 2236 489 2277 namque
529 2221 632 2264 haec
676 2237 824 2264 revera
860 2221 969 2265 basis
999 2238 1048 2265 ac
1078 2224 1398 2268 fundamentum
1430 2234 1532 2277 erat,
1565 2243 1650 2284 quo

124 2292 313 2335 Ecclesia
359 2299 739 2348 superstrueretur,
787 2308 918 2350 quare
964 2294 1116 2337 diserte
1163 2302 1338 2338 testatur
1377 2298 1401 2339 ὲ,
1431 2297 1582 2351 Lasco,
1615 2300 1652 2340 ei

124 2363 384 2406 subscribere
426 2363 628 2419 debuisse,
662 2365 904 2421 quicunque
938 2366 1151 2410 Ecclesiae
1184 2367 1417 2426 adiungere
1448 2385 1535 2412 sese
1568 2370 1650 2412 vel-

126 2436 230 2478 lent.
263 2434 412 2487 Quum
434 2443 573 2478 tamen
599 2435 884 2480 confessionis
902 2437 1149 2496 subscriptio
1166 2454 1305 2483 coram
1324 2440 1422 2487 solis
1439 2442 1652 2500 presbyte-

126 2509 183 2552 ris
214 2516 508 2566 perageretur,
542 2523 594 2550 ne
627 2509 688 2551 uti
710 2510 789 2566 ipsi
820 2510 1035 2554 Ecclesiae
1052 2527 1127 2554 sua
1148 2513 1388 2556 auferretur
1408 2515 1649 2566 auctoritas,

173 2667 198 2705 ¹)
222 2666 325 2697 LAsel
352 2667 463 2708 Opera,
487 2668 557 2700 Vol.
580 2668 623 2701 ΙΙ.
646 2679 677 2710 p.
701 2671 771 2701 (599.
795 2669 919 2702 Passim
941 2674 1107 2712 praeterea
1128 2671 1209 2704 liber
1231 2673 1270 2704 de
1292 2672 1503 2706 Sam-amentis
1527 2683 1660 2706 comme·

129 2724 274 2753 moratur
308 2723 340 2754 in
375 2723 521 2765 epistola,
556 2735 618 2766 qua
653 2725 867 2767 Sigismundo,
902 2727 1055 2758 Poloniae
1086 2728 1163 2769 regi,
1198 2738 1290 2760 suum
1317 2730 1429 2761 Forma
1452 2742 1490 2761 ac
1512 2732 1595 2762 ratio
1618 2732 1663 2762 iu-

125 2777 267 2819 scripsit.

169 2833 196 2872 ²)
222 2832 324 2864 LASCI
352 2833 462 2874 Opera,
486 2833 557 2865 Vol.
580 2833 624 2865 II.
648 2834 719 2866 646.

168 2888 197 2928 ³)
220 2887 322 2921 LAsc1
351 2888 462 2930 Opera,
485 2887 558 2922 Vol.
581 2889 626 2923 II.
649 2901 680 2932 p.
705 2890 776 2923 126.
801 2890 852 2924 Cf.
874 2892 1050 2924 anom.
1078 2891 1193 2925 Christ.
1219 2893 1372 2926 Ordinan.
1399 2893 1553 2931 ed.1554.
1569 2909 1600 2941 p.
1613 2900 1664 2932 94.

1255 2948 1437 2972 *satana
1471 2954 1496 2995 2
1568 2960 1571 2963 -
