1818 3178
443 100 495 129 DE
523 99 810 129 sAouAMnN'rIs
838 99 1054 128 ncctnsrxn
1082 98 1263 127 cnmsrr.
1545 90 1615 125 229

88 218 226 245 coenae
252 203 529 250 distributione,
557 203 689 242 debeat
716 203 946 249 retineri,-
964 206 1029 240 aut
1057 204 1154 239 certe
1181 201 1390 239 doctrinam
1413 199 1511 238 hanc
1524 200 1618 238 abo-

86 269 154 308 le'ri
199 282 349 308 necesse
384 272 460 314 est,
494 271 536 306 ut
571 267 738 305 locorum
772 267 924 304 illorum
960 265 1094 304 veritas
1131 266 1286 303 immota
1320 265 1620 316 inconcussaque

87 337 265 373 servetur.
318 333 493 382 Pugnant
529 331 628 369 enim
664 344 783 382 neque
810 330 1044 369 reconciliari
1068 329 1145 367 ullo
1173 329 1285 367 modo
1320 332 1496 380 possunt:
1534 341 1616 366 cor-

86 411 177 450 pore
219 397 414 448 reliquisse
448 400 484 434 et
518 408 595 433 non
632 395 827 446 reliquisse
857 394 1059 439 mundum,
1096 401 1262 445 corpore
1288 393 1522 438 ascendisse,
1557 406 1617 430 as-

90 465 280 513 sumptum
324 474 404 499 esse
448 473 469 498 a
515 460 624 498 uobis
659 460 699 498 in
735 460 874 504 altum,
909 463 951 497 ut
987 462 1214 510 expectetur,
1256 457 1375 496 donec
1408 458 1547 503 redeat,
1581 462 1619 496 et

90 539 169 565 esse
195 525 257 563 hic
284 528 515 577 praesentem
543 525 690 562 sublata
717 524 985 575 expectatione,
1012 523 1181 574 adeoque
1207 526 1243 561 et
1271 535 1405 573 corpus
1436 522 1536 560 illius
1556 536 1619 574 per

89 603 223 628 manus
249 588 414 627 ministri
440 589 480 627 in
507 601 602 640 pane
631 601 766 625 cocnae
793 587 979 633 distribui,
1006 591 1047 625 ut
1075 599 1139 624 ore
1167 587 1307 624 carnali
1333 587 1568 638 percipiatur.

142 654 227 692 Scio
264 658 388 692 autem
422 654 620 705 plerosque
648 657 803 692 conatos
831 666 909 690 esse
935 652 1107 701 mitigare
1133 652 1231 689 hanc
1257 665 1423 702 pugnam
1449 652 1618 690 locorum

87 718 128 756 in
168 717 384 769 Scripturis,
422 718 509 756 dum
538 718 682 756 coelum
709 730 786 755 non
814 716 900 759 loci,
937 715 1000 753 sed
1029 715 1256 754 conditionis
1283 728 1419 754 nomen
1448 730 1527 754 esse
1553 730 1620 755 vo-

88 783 194 830 lunt3
223 783 313 821 dum
340 784 429 821 item
456 783 703 835 praesentiam
732 781 898 833 corporis
919 781 1059 819 Christi
1086 781 1126 818 in
1152 794 1248 831 pane
1276 793 1412 819 coenae
1438 782 1620 820 eiusmodi

90 851 272 893 statuunt,
306 861 401 899 quae
435 862 512 886 non
549 848 596 886 sit
631 847 763 885 mundi
798 846 920 891 huius,
956 858 1033 883 non
1068 845 1116 883 sit
1151 845 1295 890 localis,
1324 859 1402 884 non
1429 847 1623 893 naturalis,

90 913 154 951 sed
189 927 283 965 quae
308 914 383 951 fide
410 915 487 952 sola
515 914 710 952 sentiatur.
765 913 960 950 Caeterum
988 924 1056 948 nos
1084 910 1152 948 sub
1180 911 1264 959 (fol.
1293 912 1401 959 137³)
1430 912 1523 949 coeli
1550 925 1619 949 no-

87 978 190 1016 mine
225 991 302 1016 non
341 978 569 1016 conditionis
595 981 757 1023 tantum,
784 976 847 1014 sed
875 980 910 1014 et
935 975 1012 1012 loci
1039 974 1241 1013 discrimen
1268 975 1307 1013 in
1336 976 1528 1026 scripturis
1557 975 1618 1013 di-

90 1046 186 1081 serte
213 1043 325 1081 nobis
353 1043 531 1081 constitui
559 1042 727 1080 videmus
756 1041 825 1079 sub
853 1053 1028 1078 ascensus
1054 1044 1091 1078 et
1118 1039 1317 1078 descensus
1347 1040 1508 1087 nomine,
1551 1054 1619 1092 po·

89 1106 277 1145 tissimum
315 1111 438 1146 autem
463 1107 503 1144 in
529 1106 595 1144 illa
622 1105 843 1143 Dominicae
870 1104 1102 1143 ascensionis
1130 1103 1392 1155 descriptione,
1419 1104 1484 1141 ubi
1512 1105 1621 1142 Chri-

90 1175 190 1210 stum
225 1171 273 1209 ab
311 1171 504 1223 Apostolis
539 1171 579 1209 in
616 1170 775 1208 sublime
801 1169 848 1207 ad
877 1170 1020 1207 coelum
1048 1169 1280 1213 subvectum,
1314 1169 1354 1206 in
1383 1169 1547 1214 sublimi,
1581 1171 1622 1208 in

90 1236 269 1283 nubibus,
296 1236 343 1273 ab
370 1239 525 1289 aspectu
550 1236 717 1286 ipsorum
745 1235 992 1281 subductum3
1020 1234 1105 1272 illos
1133 1247 1219 1272 eum
1246 1234 1287 1272 in
1316 1235 1474 1273 sublime
1494 1249 1624 1274 ascen·

92 1299 242 1338 dentem
269 1299 387 1338 oculis
413 1300 453 1337 in‘
483 1300 624 1338 coelum
656 1299 787 1337 defixis
813 1302 1061 1350 prosequutos
1089 1312 1168 1337 esse
1193 1299 1364 1348 legimus.
1403 1299 1508 1338 Haec
1536 1314 1624 1339 sane

90 1361 229 1400 frustra.
270 1363 322 1400 ita
358 1362 545 1414 descripta
580 1363 760 1409 fuissent,
797 1363 828 1401 si
862 1363 1006 1400 coelum
1043 1362 1271 1401 conditionis
1307 1363 1509 1410 duntaxat,
1544 1379 1622 1403 non

90 1430 214 1466 autem
241 1427 317 1466 loci
343 1427 455 1466 etiam
483 1427 680 1466 discrimen
710 1428 750 1465 in
778 1441 816 1466 se
844 1428 1161 1479 complecteretur.
1191 1428 1318 1467 Quare
1346 1442 1423 1467 non
1441 1429 1622 1475 videmus,

90 1492 279 1544 quomodo
316 1492 408 1540 haec
442 1493 529 1531 talis
557 1493 651 1531 coeli
678 1493 725 1531 ad
754 1493 1008 1532 conditionem
1037 1493 1219 1531 duntaxat
1246 1494 1413 1532 astrictio
1444 1495 1624 1533 incolumi

90 1556 296 1608 scripturae
321 1556 477 1594 veritate
504 1555 707 1595 subsistere
732 1557 864 1608 possit.

142 1620 199 1659 De
238 1634 374 1671 genere
417 1621 483 1659 illo
524 1634 622 1659 novo
666 1621 851 1660 eiusmodi
891 1622 932 1659 in
976 1635 1071 1673 panc
1108 1635 1244 1660 coenae
1282 1623 1447 1674 corporis
1485 1624 1626 1663 Christi

89 1685 333 1737 praesentiae,
360 1698 456 1736 quae
482 1698 560 1724 non
589 1685 638 1724 sit
663 1685 776 1724 huius
803 1686 947 1730 mundi,
975 1699 1052 1724 non
1078 1686 1222 1730 localis.
1249 1700 1325 1726 non
1344 1688 1525 1726 naturalis
1543 1692 1627 1735 etc„

90 1753 127 1789 et
163 1753 288 1788 tamen
322 1751 498 1789 manibus
525 1750 691 1789 ministri
717 1754 888 1789 teneatur
915 1751 1162 1789 distribuatur
1189 1755 1223 1790 et
1251 1766 1272 1789 a
1300 1753 1534 1791 sumentibus
1563 1767 1626 1792 ore

91 1814 232 1853 carnali
266 1814 506 1866 percipiatur,
541 1815 658 1852 multa
695 1815 845 1866 quidem
882 1815 956 1853 dici
990 1815 1181 1862 videmus,
1217 1816 1281 1854 sed
1308 1817 1432 1855 fontes
1458 1817 1560 1855 illius
1588 1818 1628 1856 in

91 1879 294 1930 Scripturis
322 1893 508 1931 nusquam
531 1879 643 1918 nobis
672 1880 959 1918 commonstrari
986 1880 1167 1920 videmus.
1207 1880 1376 1919 Quinet
1403 1881 1474 1919 hoc
1502 1882 1629 1920 doceri

90 1956 321 1994 cuperemus,
347 1943 626 1995 quonammodo
655 1944 707 1990 id,
734 1944 836 1995 quod
864 1944 969 1983 adest
996 1945 1159 1996 quidem,
1187 1945 1251 1983 sed
1277 1958 1354 1984 non
1372 1946 1475 1984 iuxta
1495 1947 1630 1984 mundi

89 2007 200 2047 huius
235 2009 497 2060 praesentiam,
531 2022 609 2046 non
646 2009 827 2054 localiter,
863 2023 941 2047 non
979 2010 1233 2061 corporaliter,
1271 2024 1347 2049 non
1386 2013 1630 2059 naturaliter,

90 2073 276 2124 quo-(fol.
305 2072 632 2120 137b)namm0do‚
666 2073 835 2124 inquam,
869 2073 908 2111 id
945 2074 1110 2112 ministri
1145 2075 1318 2113 manibus
1354 2077 1472 2113 teneri
1501 2077 1627 2115 distri-

90 2136 157 2175 bui
195 2140 232 2175 et
266 2137 407 2188 percipi
441 2149 504 2175 ore
531 2137 670 2175 carnali
697 2137 843 2189 possit?
896 2138 1046 2176 Quodsi
1072 2139 1146 2176 fide
1173 2143 1319 2176 tantum
1347 2140 1505 2178 sentitur
1533 2141 1623 2179 haec

88 2200 311 2252 praesentia,
345 2201 421 2238 iam
449 2214 538 2239 sane
563 2201 651 2239 fidei
678 2214 755 2239 non
783 2201 947 2247 offertur,
974 2203 1076 2253 quod
1103 2202 1268 2241 ministri
1295 2203 1470 2242 manibus
1498 2204 1628 2246 distri·

90 2264 231 2304 buitur.
279 2265 379 2302 Nam
407 2278 500 2316 quae
528 2265 704 2303 manibus
733 2265 1021 2312 distribuuntur,
1047 2267 1094 2304 ad
1122 2280 1253 2305 sensus
1281 2268 1412 2316 magis,
1439 2282 1552 2319 quam
1578 2269 1625 2307 ad

93 2328 204 2367 fidem
240 2329 442 2381 pertinent,
484 2342 578 2379 quae
612 2328 826 2367 istiusmodi
861 2331 1107 2381 praesentiam
1144 2335 1208 2369 aut
1244 2331 1547 2371 distributionem
1583 2348 1630 2372 ne

92 2393 257 2432 admittit
291 2394 454 2445 quidem,
480 2393 618 2431 nedum
645 2398 687 2432 ut
714 2395 892 2446 requirat.
931 2395 1064 2446 Neque
1090 2396 1305 2434 istiusmodi
1333 2398 1488 2447 argutiis
1515 2399 1630 2449 igitur

93 2471 240 2510 pugnae
274 2458 313 2496 in
354 2458 558 2509 Scripturis
591 2458 757 2507 mitigari
790 2463 961 2510 possunt,
987 2460 1019 2497 si
1047 2459 1220 2497 doctrina
1247 2460 1339 2498 haec
1366 2461 1411 2500 de
1438 2463 1529 2500 reali
1557 2463 1629 2501 ista

96 2523 263 2575 corporis
301 2523 442 2561 Christi
469 2523 509 2561 in
545 2536 641 2575 pane
678 2536 815 2562 coenae
841 2524 1050 2575 praesentia
1081 2524 1347 2564 distributione
1372 2530 1408 2564 et
1434 2527 1636 2579 participa-

93 2588 199 2626 tione
225 2588 444 2627 retineatur.

140 2653 224 2690 Iam
271 2653 372 2704 quod
419 2653 465 2691 ad
501 2653 606 2691 locos
643 2653 688 2690 de
722 2653 1016 2705 proprietatibus
1054 2655 1221 2706 corporis
1261 2655 1401 2694 Christi
1435 2660 1521 2708 post
1556 2657 1634 2694 eius

90 2717 202 2755 etiam
237 2716 552 2766 glorificationem
585 2717 739 2762 attinet,
775 2722 811 2756 et
848 2717 916 2755 hos
952 2731 1100 2770 quoquc
1141 2719 1311 2757 doctrina
1349 2719 1440 2758 haec
1478 2720 1522 2757 de
1548 2721 1642 2763 reali

87 2781 162 2819 ista
195 2781 404 2832 praesentia
431 2785 466 2819 et
495 2781 761 2819 distributione
787 2786 992 2834 oppugnat.
1046 2782 1233 2822 Docemur
1270 2785 1490 2835 angelorum
1527 2786 1633 2824 testi-

92 2845 232 2892 monio,
281 2845 474 2885 Christum
512 2845 717 2885 Dominum
755 2859 908 2899 corpore
951 2860 1016 2887 suo
1056 2852 1154 2887 certo
1193 2849 1276 2889 loco
1314 2849 1519 2895 contineri,
1560 2863 1637 2890 non
