1818 3178
456 70 506 98 oa
535 68 818 99 SAGRAME'NTIS
848 68 1065 100 aconasna
1093 69 1274 102 cmus‘n.
1558 61 1630 102 221

101 171 269 223 adeoque
305 177 340 211 et
375 173 472 211 tanti
506 174 600 220 fieri,
634 178 675 212 ut
707 180 859 226 propter
884 175 986 213 illius
1015 175 1307 213 controversiam
1334 174 1400 212 alii
1423 174 1518 212 alios
1544 187 1633 225 pro-

104 236 278 275 scindant
316 249 360 274 ac
387 236 479 274 diris
507 239 681 277 omnibus
718 239 935 285 devoveant,
970 243 1209 290 mutuamque
1236 238 1489 276 Ecclesiarum
1517 238 1635 276 socie-

102 304 231 347 tatem,
267 314 344 339 non
381 301 461 338 sine
503 301 724 351 gravissima
759 302 962 341 offensione
997 303 1200 341 multorum
1236 302 1506 353 Euangeliique
1541 301 1634 340 adeo

122 365 225 415 psius
251 365 420 410 infamia,
448 365 693 417 disrumpant.

154 429 271 466 Porro
309 442 385 467 non
425 443 504 468 esse
542 431 787 469 necessariam
824 431 920 469 hanc
958 431 1168 469 doctrinam
1204 430 1243 468 in
1279 430 1448 468 Ecclesia
1485 429 1638 475 Christi,

106 495 163 531 vel
199 493 285 531 inde
319 499 484 545 apparet,
520 495 620 546 quod
657 509 702 534 ex
739 497 934 546 scripturis
959 501 1070 536 vcerto
1108 509 1151 533 ac
1185 496 1379 547 perspicue
1407 495 1534 545 colligi
1560 508 1638 534 non

104 558 235 608 possit,
270 557 308 595 id
348 559 448 609 quod
484 564 610 598 tantae
636 560 778 611 alioqui
804 564 839 598 et
867 560 965 598 tanti
990 560 1167 611 temporis
1196 560 1470 598 controversiae
1496 564 1638 598 testan-

103 625 176 660 tur.
225 621 358 673 Neque
395 623 494 660 enim
532 624 773 673 cogitandum
809 628 876 668 est,
913 624 1034 662 Deum
1073 624 1124 662 ita
1154 624 1266 661 nobis
1293 625 1452 662 obscure
1478 628 1541 663 aut
1570 638 1638 663 an-

106 687 218 736 bigue
253 687 370 725 literis
398 689 512 726 sacris
539 688 749 733 mandasse,
784 701 878 739 quae
905 688 952 725 ad
981 689 1138 726 salutem
1166 692 1334 726 nostram
1361 693 1484 727 essent
1511 702 1638 727 neces-

106 752 224 798 saria,
262 757 301 790 ut
335 765 412 791 non
441 753 538 791 clare
565 766 608 790 ac
634 752 797 790 dilucide
823 765 866 790 ea
892 752 1113 802 prodiderit,
1140 756 1256 803 utque
1283 765 1361 791 non
1384 752 1494 792 facile
1521 766 1562 791 ea
1590 754 1637 792 ab

105 817 280 855 omnibus
308 818 448 869 percipi
473 818 631 868 possint.

158 881 315 927 Deinde,
342 895 416 932 quo
444 886 553 933 pacto
582 881 763 928 dicamus,
790 895 871 920 eam
897 881 1108 919 doctrinam
1135 895 1215 920 esse
1241 884 1487 921 necessariam
1506 884 1546 921 in
1566 883 1641 921 Ec·

107 946 218 984 clesia
254 946 406 990 Christi,
442 959 554 996 quam
591 945 639 983 ad
676 946 832 984 salutem
868 946 1115 984 necessariam
1142 959 1220 984 non
1246 960 1326 985 esse
1354 949 1527 985 constat?
1570 947 1642 986 Et-

105 1011 206 1048 enim
243 1011 274 1048 si
309 1011 418 1048 realis
454 1011 492 1047 in
532 1010 651 1061 specie
677 1010 757 1060 ipsa
786 1010 1018 1048 substantiae
1047 1011 1212 1061 corporis
1242 1011 1327 1059 (fol.
1360 1012 1469 1060 12712)
1499 1011 1640 1049 Christi

106 1075 295 1126 perceptio
339 1075 384 1112 ad
434 1074 588 1112 salutem
638 1075 792 1112 omnino
828 1075 1036 1113 necessaria
1072 1079 1189 1121 esset,
1225 1075 1396 1126 equidem
1434 1075 1533 1114 Dens
1577 1076 1641 1114 illa

109 1143 269 1177 veterem
297 1151 444 1190 quoque
470 1138 679 1176 Ecclesiam
705 1138 1007 1176 Patriarcharum
1034 1152 1077 1176 ac
1107 1138 1206 1177 Mosi
1232 1152 1309 1177 non
1329 1139 1548 1186 fraudasset,
1565 1140 1641 1178 imo

107 1216 193 1242 vero
232 1203 421 1241 Christum
460 1202 660 1253 ipsummet
696 1192 926 1241 exhibuisset
961 1203 1002 1240 in
1040 1216 1150 1241 carne
1184 1203 1309 1254 potius
1345 1204 1475 1255 primis
1503 1204 1642 1242 nostris

106 1265 422 1317 progenitoribus,
458 1278 569 1316 quam
607 1265 652 1303 de
689 1270 844 1304 venturo
882 1266 1005 1304 adhuc
1032 1266 1150 1304 multo
1178 1269 1262 1317 post
1289 1272 1455 1317 tempore
1481 1267 1641 1318 promis·

110 1331 265 1375 sionem,
303 1330 479 1376 dedisset,
515 1329 698 1380 siquidem
735 1330 783 1368 ad
819 1331 977 1368 salutem
1012 1330 1163 1369 illorum
1199 1330 1308 1368 realis
1345 1330 1437 1368 haec
1465 1331 1641 1369 substan·

107 1395 180 1433 tiae
224 1394 388 1447 corporis
435 1393 575 1432 Christi
618 1395 805 1445 perceptio
851 1395 1058 1433 necessaria
1095 1395 1358 1446 quoquomodo
1395 1395 1536 1434 fuisset.
1589 1397 1641 1435 At

108 1472 207 1506 vero,
243 1472 327 1496 cum
363 1458 493 1510 primis
529 1458 667 1497 nostris
704 1459 1023 1510 progenitoribus,
1061 1459 1193 1498 deinde
1230 1473 1314 1498 vero
1343 1464 1379 1498 et
1413 1461 1641 1499 Patriarchis

109 1524 298 1569 omnibus,
327 1523 485 1575 denique
513 1528 549 1561 et
575 1524 646 1562 toti
673 1524 825 1563 Israelis
854 1525 923 1562 sub
953 1524 1060 1563 Mose
1087 1525 1276 1563 Ecclesiae
1304 1525 1382 1563 sola
1410 1525 1454 1563 de
1485 1530 1639 1564 venturo

109 1590 257 1628 Christo
290 1589 489 1640 promissio
519 1589 608 1627 satis
635 1589 747 1627 fuerit
775 1589 822 1627 ad
861 1590 1018 1628 salutem
1045 1594 1246 1638 aeternam,
1283 1604 1401 1642 neque
1426 1591 1503 1631 illis
1530 1591 1640 1643 quid-

108 1668 220 1707 quam
253 1654 411 1693 defuerit
447 1654 494 1692 ad
532 1654 742 1692 habendam
779 1655 934 1693 eandem
970 1655 1101 1706 ipsam,
1137 1669 1250 1706 quam
1284 1660 1319 1694 et
1348 1669 1416 1694 nos
1443 1656 1638 1703 habemus,

110 1732 193 1757 cum
222 1719 371 1757 Christo
400 1718 447 1758 D.
478 1719 794 1765 communionem,
820 1723 1001 1771 quatenus
1022 1733 1110 1758 sane
1126 1721 1282 1758 eandem
1302 1720 1498 1758 nobiscum
1515 1734 1637 1760 escam

108 1783 279 1830 edebant,
315 1784 627 1834 quemadmodum
664 1784 801 1822 Paulus
838 1784 958 1831 docet,
991 1798 1111 1836 neque
1143 1785 1217 1823 illis
1251 1788 1333 1823 tum
1370 1786 1544 1824 omnibus
1571 1799 1636 1825 ne-

109 1848 266 1886 cessaria
292 1852 371 1886 erat
398 1848 663 1899 quoquomodo
692 1849 802 1887 realis
829 1849 901 1887 ista
927 1849 1032 1887 iuxta
1059 1849 1219 1900 speciem
1252 1849 1370 1900 ipsam
1407 1850 1638 1889 substantiae

110 1912 274 1964 corporis
303 1912 443 1950 Christi
468 1912 907 1964 participatio,—-neque
934 1913 1044 1951 nobis
1074 1926 1161 1951 sane
1188 1914 1434 1951 necessariam
1461 1927 1552 1960 esse,
1581 1914 1638 1952 di-

110 1990 190 2015 cere
216 1989 424 2028 possumus,
450 1977 525 2015 nisi
553 1977 585 2015 si
610 1990 728 2015 unum
755 1981 867 2028 atque
893 1977 1053 2016 eundem
1078 1978 1274 2028 utriusque
1301 1978 1489 2017 Ecclesiae
1504 1978 1637 2026 Deum,

110 2054 224 2079 unam
258 2041 348 2079 item
385 2044 495 2092 atque
528 2040 683 2079 eandem
722 2041 833 2079 etiam
870 2044 1053 2092 utranque
1080 2041 1177 2079 hanc
1204 2041 1425 2087 Ecclesiam,
1451 2046 1637 2093 praeterea

109 2118 221 2143 unam
257 2109 368 2156 atque
394 2104 550 2143 eandem
576 2105 772 2156 utriusque
799 2104 989 2143 Ecclesiae
1016 2105 1138 2151 fidem,
1167 2105 1325 2156 denique
1352 2119 1466 2144 unum
1495 2105 1636 2157 baptis-

108 2183 224 2217 mum,
259 2183 373 2208 unam
408 2173 517 2220 atque
553 2170 709 2208 eandem
743 2183 865 2208 escam
902 2174 938 2208 et
978 2183 1096 2208 unum
1132 2173 1242 2221 atque
1269 2169 1367 2207 idem
1394 2171 1570 2221 poculum
1597 2172 1638 2209 in

108 2237 247 2275 virtute
282 2239 318 2274 et
352 2235 530 2285 mysterio
566 2235 695 2281 fuisse,
727 2247 807 2273 esse
843 2239 878 2273 et
915 2236 994 2273 fore
1022 2248 1164 2285 semper
1200 2248 1388 2285 negemuS,
1415 2236 1498 2283 (fol.
1528 2238 1637 2284 128²)

109 2313 203 2352 quae
229 2304 354 2338 tamen
381 2299 507 2337 omnia
534 2298 730 2350 scripturis
758 2299 869 2337 nobis
896 2299 995 2337 tradi
1021 2298 1268 2350 affirmarique
1295 2298 1476 2338 videmus.

160 2364 288 2403 Quare
315 2367 378 2402 aut
406 2363 519 2401 veteri
546 2376 695 2414 quoque
720 2363 1004 2414 progenitorum
1031 2367 1246 2401 nostrorum
1263 2363 1481 2413 primorum,
1505 2363 1637 2402 deinde

110 2428 413 2467 Patriarcharum
449 2427 630 2472 omnium,
669 2433 857 2478 postremo
895 2440 980 2465 vero
1017 2426 1089 2464 toti
1116 2427 1226 2464 etiam
1256 2427 1324 2464 sub
1355 2425 1461 2464 Mose
1487 2427 1638 2466 Israelis

110 2494 301 2532 Ecclesiae
344 2492 589 2531 necessariam
625 2505 704 2530 esse
739 2492 787 2530 ad
834 2492 990 2530 salutem
1035 2492 1200 2542 oportuit
1236 2492 1370 2529 realem
1407 2492 1504 2530 hanc
1536 2493 1639 2531 iuxta

110 2559 269 2610 speciem
306 2558 424 2608 ipsam
454 2557 684 2595 substantiae
714 2557 878 2608 corporis
906 2561 941 2594 et
969 2556 1163 2606 sanguinis
1188 2555 1328 2594 Christi
1354 2557 1640 2607 perceptionem,

110 2628 294 2675 quatenus
332 2636 419 2661 sane
457 2622 512 2660 illi
546 2627 667 2673 patres
697 2621 817 2659 nostri
845 2625 944 2668 sunt,
972 2635 1115 2672 nosque
1141 2622 1216 2659 iam
1242 2625 1323 2659 tum
1349 2622 1390 2659 in
1416 2622 1555 2659 lumbis
1580 2622 1637 2673 ip-

111 2702 239 2727 sorum
267 2702 340 2726 una
367 2692 478 2738 atque
504 2686 632 2724 eadem
661 2699 743 2724 cum
769 2686 844 2724 illis
873 2685 1040 2724 Ecclesia
1067 2699 1223 2733 eramus,
1241 2708 1290 2715 —
1310 2690 1387 2732 aut,
1414 2687 1444 2724 si
1471 2685 1545 2724 illis
1574 2701 1638 2725 ne-

111 2754 308 2792 cessariam
336 2752 451 2791 fuisse
480 2751 604 2789 doceri
630 2764 707 2789 non
733 2751 852 2802 possit
879 2750 1045 2798 omnino,
1072 2751 1384 2802 quemadmodum
1413 2750 1537 2788 doceri
1562 2763 1640 2790 non

109 2822 245 2870 potest,
272 2818 347 2855 imo
377 2831 462 2856 vero
492 2817 719 2855 contrarium
751 2815 932 2867 scriptura
961 2816 1131 2855 universa
1159 2815 1566 2867 test:1tur,—equidem
1593 2829 1639 2856 ne
