1818 3178
726 111 785 139 ΕΡ.
814 110 959 138 noc'rR.
1539 102 1613 141 571

86 214 207 254 datur.
234 213 365 252 Refert
391 215 512 250 autem
540 215 661 251 totam
688 212 786 251 hanc
814 215 979 251 nostram
1008 211 1300 263 acceptationem
1329 211 1406 250 sive
1431 210 1615 250 iustitiam

83 278 131 316 ad
159 278 349 316 Christum
373 277 509 328 ipsum,
535 278 689 315 unicum
718 277 892 316 videlicet
919 277 1129 315 animarum
1158 276 1327 315 omnium
1354 276 1401 314 ab
1427 275 1538 314 initio
1567 276 1615 313 ad

83 344 196 381 finem
223 355 341 393 usque
367 342 582 392 pontificem
611 355 654 379 ac
683 347 921 389 servatorem,
950 347 986 380 et
1012 342 1163 380 interim
1190 342 1293 379 illam
1317 342 1480 393 priorem
1499 340 1616 378 fuisse

83 406 192 444 docet
221 406 513 452 circumcisione,
540 419 561 443 a
588 420 660 456 qua
689 406 836 445 demum
865 407 1007 458 reliqua
1027 411 1258 445 sacramenta
1280 406 1405 444 omnia
1425 409 1461 444 et
1481 405 1616 443 veteris

83 476 120 510 et
155 474 307 509 nostrae
342 471 532 509 Ecclesiae
570 471 819 516 defluxerunt,
846 476 882 510 et
909 486 1004 524 quae
1031 472 1106 510 iam
1135 475 1214 510 tum
1242 472 1352 510 etiam
1382 471 1617 509 communio-

85 549 169 574 nem
210 536 378 587 corporis
406 540 442 574 et
471 535 665 585 sanguinis
694 536 835 574 Christi
862 537 1112 588 promissione
1140 536 1300 574 delatam
1330 537 1370 574 in
1397 536 1617 575 Abrahamo

83 604 120 637 et
147 599 225 638 eius
253 599 397 638 familia
425 599 664 649 obsignabat.
713 600 846 651 Itaque
873 605 909 639 et
935 614 1018 647 nOS,
1045 601 1111 651 qui
1139 614 1287 639 omnem
1314 600 1513 651 utriusque
1540 600 1616 637 Ec-

84 664 219 702 clesiae
256 665 554 716 acceptationem
580 677 623 702 ac
652 665 808 703 salutem
836 666 875 704 in
904 666 1015 704 unius
1045 665 1186 704 Christi
1214 665 1368 703 Domini
1397 678 1553 717 corpore
1580 669 1616 704 et

84 730 266 779 sanguine
301 743 322 768 a
355 730 488 768 mundi
527 743 645 781 usque
681 730 827 778 origine
865 731 1081 768 conclusam
1118 731 1286 782 adeoque
1313 735 1350 769 et
1376 731 1618 780 obsignatam

84 806 164 832 esse
192 808 269 833 non
297 794 526 841 dubitamus,
555 795 646 832 certi
672 794 763 832 item
792 799 953 833 veterem
980 795 1191 833 Ecclesiam
1219 796 1349 833 eadem
1375 795 1456 846 ipsa
1486 807 1620 846 corpo-

83 860 135 897 ris
171 863 207 898 et
245 860 440 909 sanguinis
480 860 621 898 Christi
661 860 926 898 communione
962 862 1086 908 (extra
1125 874 1236 911 quam
1275 861 1380 898 nulla
1417 864 1472 898 est
1501 861 1621 909 salus)

85 927 273 962 servatam
311 937 403 969 esse,
440 924 588 962 etiamsi
616 937 751 975 corpus
779 937 823 962 ac
852 924 1005 974 sanguis
1035 924 1176 963 Christi
1204 925 1374 963 nondum
1400 938 1528 963 revera
1555 938 1621 962 ex-

85 993 240 1034 starent,
276 989 415 1027 nedum
452 989 622 1028 exhiheri
659 993 723 1027 aut
761 990 940 1027 distribui
974 989 1080 1028 iuxta
1118 990 1367 1028 substantiam
1398 1003 1501 1028 suam
1530 1003 1623 1041 pos-

85 1058 182 1099 sent,
203 1076 255 1084 --
274 1053 449 1092 docemus
478 1066 547 1091 nos
567 1058 653 1092 ante
672 1058 801 1092 natum
823 1054 935 1092 etiam
956 1054 1148 1092 Christum
1169 1054 1373 1092 Dominum
1396 1067 1480 1092 cum
1501 1058 1622 1092 vetere

84 1119 176 1157 olim
203 1119 373 1158 Ecclesia
399 1126 553 1170 parente
579 1123 709 1157 nostra
739 1119 906 1170 corporis
935 1123 971 1156 et
999 1119 1193 1168 sanguinis
1222 1118 1364 1156 Christi
1387 1118 1622 1156 communio-

84 1198 171 1223 nem
214 1184 363 1230 hahere,
409 1184 472 1222 sed
521 1197 622 1222 nunc
657 1184 776 1222 multo
812 1184 1034 1229 evidentius,
1070 1183 1377 1234 quandoquidem
1413 1183 1622 1221 exhibitum

87 1250 199 1288 nobis
235 1249 309 1288 iam
348 1253 461 1300 atque
496 1249 536 1287 in
573 1249 686 1287 coelis
714 1249 806 1286 adeo
834 1249 874 1287 in
904 1262 1015 1286 carne
1043 1253 1173 1287 nostra
1201 1249 1390 1287 sedentem
1420 1249 1617 1293 habemus,

85 1328 194 1366 quem
239 1314 397 1352 maiores
443 1314 563 1352 nostri
607 1314 835 1365 promissum
873 1314 1055 1352 duntaxat
1092 1314 1239 1352 eminus
1276 1314 1555 1364 exspectabant,
1588 1318 1625 1351 et

84 1381 244 1431 proinde
279 1393 357 1418 non
392 1393 528 1418 coenae
563 1393 634 1417 usu
671 1381 741 1417 hoc
780 1380 883 1426 effici,
921 1381 1040 1418 multo
1081 1380 1204 1418 minus
1233 1384 1358 1417 autem
1388 1379 1556 1430 corporis
1584 1378 1623 1416 in

85 1458 201 1483 coena
239 1444 519 1490 distributione,
554 1449 595 1482 ut
633 1444 781 1483 Christo
819 1445 984 1482 Domino
1020 1445 1061 1482 in
1099 1458 1253 1496 corpore
1280 1448 1315 1482 et
1343 1444 1525 1494 sanguine
1552 1456 1621 1481 suo

84 1509 361 1561 participemus,
400 1509 507 1561 quasi
543 1509 647 1547 illius
683 1510 985 1547 communionem
1012 1522 1090 1547 non
1117 1514 1225 1547 antea
1253 1509 1527 1554 habuissemus,
1555 1507 1620 1547 sed

85 1587 238 1612 coenam
266 1574 421 1612 Domini
448 1574 606 1612 dicimus
635 1588 714 1612 esse
743 1574 1047 1624 ohsignationem
1066 1577 1219 1612 nostrae
1238 1587 1321 1611 cum
1340 1573 1491 1612 Christo
1513 1586 1619 1611 com-

84 1639 277 1677 munionis
312 1639 351 1677 in
381 1650 535 1690 corpore
559 1643 598 1677 et
626 1639 809 1689 sanguine
836 1639 967 1690 ipsius,
996 1639 1139 1677 delatae
1165 1653 1186 1677 a
1213 1639 1347 1677 mundi
1374 1639 1520 1688 origine
1544 1638 1619 1676 toti

86 1703 278 1741 Ecclesiae
313 1702 385 1740 Dei
420 1703 461 1740 in
497 1703 603 1741 verbi
629 1703 760 1741 Divini
788 1703 1116 1755 promissionibus,
1143 1716 1238 1754 quae
1267 1703 1458 1741 Christum
1485 1702 1619 1741 Domi-

85 1781 176 1806 num
204 1766 420 1805 hauddubie
447 1767 641 1805 intuentur
668 1781 811 1813 omnes,
839 1767 919 1805 sine
947 1781 1020 1818 quo
1050 1780 1159 1805 nemo
1189 1767 1233 1805 ad
1256 1768 1403 1805 Patrem
1426 1766 1619 1818 pervenire

85 1835 222 1883 potest.
275 1832 401 1882 Atque
438 1831 536 1868 lianc
563 1831 749 1870 eiusmodi
778 1831 1080 1881 obsignationcm
1113 1832 1422 1870 sacramentalem
1450 1844 1619 1870 commu·

85 1897 236 1936 nionem
275 1896 440 1947 corporis
477 1900 513 1934 et
550 1897 746 1946 sanguinis
783 1897 923 1934 Christi
960 1897 1000 1934 in
1039 1910 1154 1935 coena
1181 1897 1349 1944 Domini,
1374 1897 1531 1935 Paulum
1561 1910 1618 1934 se-

87 1962 208 2013 quuti,
234 1975 423 2007 vocamus,
451 1961 766 2012 quemadmodum
793 1975 814 1999 a
844 1961 949 1999 Mose
978 1962 1212 2000 circumcisio
1233 1961 1344 2000 etiam
1356 1962 1494 2012 foedus
1512 1961 1618 1999 iuxta

87 2027 314 2065 sacramenti
348 2026 533 2064 rationem
571 2030 737 2072 vocatur,
771 2030 967 2077 propterea
994 2026 1096 2078 quod
1123 2027 1256 2065 foedus
1284 2027 1355 2065 Dei
1383 2040 1466 2065 cum
1493 2027 1619 2065 Abra-

86 2091 198 2129 hamo
235 2091 428 2142 aliquanto
465 2094 574 2128 antea
610 2091 738 2135 ictum,
771 2095 849 2129 tam
876 2091 916 2129 in
943 2091 1037 2142 ipso,
1066 2105 1176 2142 quam
1204 2092 1244 2129 in
1271 2091 1349 2129 eius
1377 2091 1520 2130 tamilla
1548 2092 1618 2129 ob·

89 2157 266 2205 signaret.
322 2155 510 2192 Vocamus
547 2155 665 2205 igitur
694 2169 847 2194 coenam
878 2156 1032 2194 Domini
1061 2169 1196 2207 corpus
1226 2157 1365 2194 Christi
1393 2170 1437 2194 ac
1464 2156 1618 2206 sangui-

87 2234 173 2259 nem
199 2218 330 2270 ipsius,
359 2219 675 2270 quemadmodum
702 2220 815 2258 verba
844 2233 980 2259 coenae
1009 2220 1158 2267 habent,
1187 2221 1223 2260 h.
1244 2234 1289 2267 e.,
1318 2220 1620 2259 communionem

87 2283 256 2335 corporis
285 2287 320 2322 et
350 2283 546 2332 sanguinis
576 2284 717 2322 Christi
745 2285 851 2322 iuxta
878 2285 986 2323 Pauli
1012 2285 1375 2336 interpretationem.
1427 2286 1620 2323 Vocamus

85 2352 122 2386 et
159 2361 295 2386 coenae
331 2348 502 2398 symbola
539 2361 621 2386 cum
657 2349 775 2387 Paulo
813 2352 1053 2401 σφραγῖδας,
1090 2350 1126 2388 h.
1155 2363 1201 2393 e.,
1239 2350 1364 2400 sigilla
1393 2350 1473 2388 eius
1500 2350 1619 2401 ipsius

87 2413 378 2457 communionis,
423 2426 516 2463 quae
563 2413 651 2451 dum
688 2413 753 2451 illa
790 2414 894 2452 iuxta
931 2414 1088 2453 Domini
1116 2415 1395 2453 institutionem
1425 2415 1621 2461 sumimus,

85 2480 304 2529 proponunt
339 2477 458 2514 oculis
497 2477 637 2515 nostris
675 2478 713 2515 in
741 2478 919 2527 mysterio
948 2492 1029 2517 eam
1056 2479 1176 2530 ipsam
1206 2479 1510 2517 communionem
1536 2479 1620 2516 ani-

85 2542 230 2593 misque
267 2541 405 2580 nostris
442 2545 638 2587 renovant,
674 2555 717 2579 ac
754 2555 823 2580 nos
858 2546 959 2581 totos
996 2543 1035 2580 in
1073 2547 1173 2581 certa
1200 2542 1303 2581 illius
1330 2543 1620 2594 indubitataque

87 2606 174 2652 fide,
202 2606 337 2657 spiritu
368 2611 498 2644 sancto
527 2606 564 2644 id
594 2610 784 2658 operante,
811 2609 896 2655 (64)
917 2607 1132 2657 obsignant,
1159 2607 1306 2645 etiamsi
1332 2607 1474 2645 nullam
1500 2608 1540 2644 in
1567 2607 1620 2645 eis

87 2670 283 2721 physicam
320 2674 385 2708 aut
422 2671 559 2708 realem
597 2671 766 2722 corporis
794 2675 859 2709 aut
887 2672 1083 2722 sanguinis
1111 2672 1253 2710 Christi
1280 2672 1526 2710 inclusionem
1551 2684 1621 2722 po-

88 2747 234 2774 namus.
287 2734 370 2772 Iam
407 2748 448 2772 ea
485 2735 567 2785 ipsa
605 2748 741 2774 coenae
779 2735 963 2786 symbola,
1000 2750 1095 2787 quae
1131 2749 1202 2775 nos
1240 2750 1323 2774 cum
1351 2736 1469 2774 Paulo
1495 2735 1621 2784 sigilla

88 2811 167 2836 esse
195 2799 370 2846 diximus,
398 2799 689 2850 Chrysostomus
717 2801 912 2852 mysteria,
937 2801 1103 2840 Basilius
1132 2805 1347 2849 ἀντίτυπα,
1377 2800 1618 2850 Augustinus

90 2863 211 2915 siqua,
238 2865 492 2904 Tertullianus
520 2869 556 2904 et
585 2865 770 2917 Origenes
799 2871 996 2919 σχήματα
1017 2868 1184 2920 corporis
1204 2872 1239 2907 et
1259 2866 1456 2917 sanguinis
1478 2865 1620 2907 Christi
