1818 3178
553 151 605 176 DE
629 151 794 177 cnnis'rl
823 150 1144 178 chuNA'rloNss.
1575 138 1619 173 11

97 256 200 304 puto.
255 251 404 290 Quodsi
439 263 523 288 vere
560 251 657 290 Deus
694 258 784 295 crat.
811 253 973 290 eiusdem
1003 265 1084 289 Cum
1113 252 1221 290 Patre
1248 249 1465 288 existentiae
1502 249 1620 285 haud-

97 317 210 355 dubie
252 319 351 362 erat3
397 315 498 353 Deus
541 316 640 354 enim
685 317 838 368 ipsemet
873 316 1103 368 apertissime
1149 329 1212 367 per
1257 315 1474 366 prophetam
1513 326 1620 351 suum

97 385 273 420 testatur:
310 380 427 417 Extra
456 393 493 417 se
521 393 596 417 non
623 394 701 418 esse
730 381 844 418 ullum
876 381 997 428 De-(B
1024 380 1151 428 ib)um.
1206 379 1253 417 Et
1281 379 1445 430 loquitur
1473 377 1551 415 illic
1578 377 1623 415 de

97 449 176 483 tota
204 443 424 482 Divinitatis
451 443 659 489 existentia,
687 450 725 482 ut
752 445 932 495 quidquid
961 445 1114 482 omnino
1142 450 1196 482 est
1217 457 1300 481 vere
1317 444 1427 488 Deus,
1444 442 1482 479 id
1501 446 1620 479 totum

98 510 208 548 unius
245 512 355 559 atque
389 508 553 547 eiusdem
581 510 799 547 existentiae
825 523 904 546 csse
930 509 1196 558 intelligamus,
1222 508 1322 546 unde
1349 514 1384 546 et
1411 521 1480 545 nos
1508 520 1623 545 unum

96 579 207 624 atque
232 573 391 610 eundem
417 572 538 610 Deum
565 573 604 610 in
631 574 753 611 tribus
779 573 947 624 personis
975 572 1185 610 adoramus.
1243 572 1369 610 Quare
1397 571 1428 609 si
1456 571 1622 608 Verbum

95 637 202 682 illud,
237 637 339 687 quod
367 649 452 674 earo
482 638 620 674 sactum
646 643 714 681 est,
741 650 825 674 vere
850 642 887 674 et
913 649 958 673 ex
985 636 1108 673 animo
1139 636 1265 673 fateris
1293 649 1372 673 esse
1399 635 1531 679 Deum,
1558 648 1625 673 ne-

95 714 184 750 gare
221 706 318 739 certe
345 714 421 738 non
449 701 600 752 poteris,
628 701 720 738 illud
748 700 859 738 unius
886 706 996 750 atque
1022 700 1185 738 eiusdem
1216 714 1298 738 cum
1326 701 1434 738 Patre
1461 700 1623 738 existen-

96 766 171 803 tiae
206 778 285 803 esse
322 770 503 816 oportere.
533 766 611 802 Aut
640 765 670 802 si
697 764 736 802 id
763 777 888 813 neges,
915 777 961 801 ne
989 764 1109 801 Deum
1136 764 1286 814 quidem
1315 777 1394 802 esse
1422 764 1529 801 fateri
1556 776 1623 814 po-

96 829 185 868 teris
223 829 426 880 (quidquid
462 829 616 866 omnino
644 828 705 865 hic
733 828 927 876 somnies),
954 840 1067 877 quum
1094 827 1197 864 Patri
1226 831 1424 877 ὁμοούσιος
1453 840 1528 865 non
1556 827 1622 874 sit3

46 937 51 942 .
97 907 217 944 neque
244 893 342 931 enim
371 893 550 931 mentitur
577 892 689 936 Deus,
716 892 780 942 qui
805 892 844 929 id
873 892 918 929 de
935 905 973 929 se
992 892 1073 942 ipso
1095 896 1265 930 testatur.
1301 892 1417 929 Porro
1438 891 1508 929 Dei
1526 892 1624 929 exis-

96 959 250 996 tentiam
283 957 393 995 nobis
422 958 613 1008 Scriptura
641 957 767 994 multis
795 956 887 993 locis
915 956 964 992 ob
993 956 1120 992 oculos
1147 956 1266 1006 ponit,
1292 961 1473 1006 quatenus
1495 969 1516 993 a
1536 969 1624 994 nos-

96 1026 153 1059 tra
179 1022 396 1059 infirmitate
423 1020 651 1072 apprehendi
678 1024 820 1071 potest3
850 1020 958 1057 docet
984 1019 1091 1057 illum
1117 1033 1197 1057 esse
1218 1020 1396 1070 Spiritum
1416 1025 1452 1057 et
1469 1020 1625 1070 proinde

99 1087 240 1137 Spiritu
287 1098 434 1136 quoque
469 1085 617 1122 adorari
654 1088 835 1135 oportere.
871 1084 971 1121 Deus
1010 1083 1160 1134 spiritus
1196 1089 1263 1126 est,
1289 1084 1412 1134 inquit
1441 1084 1624 1123 Christus.

96 1150 218 1188 Docet
253 1163 332 1188 esse
367 1149 650 1193 immutabilem,
688 1161 763 1185 non
800 1149 901 1199 quod
937 1149 983 1185 ad
1021 1148 1255 1186 existentiam
1283 1148 1407 1194 modo,
1434 1149 1497 1186 sed
1525 1149 1623 1199 quod

96 1215 143 1252 ad
181 1215 408 1252 voluntatem
445 1226 593 1264 quoque
619 1213 772 1250 attinet:
801 1213 882 1261 Ego
910 1225 1004 1253 sum.
1032 1213 1167 1263 inquit,
1194 1212 1294 1249 Deus
1323 1218 1358 1250 et
1386 1226 1461 1250 non
1491 1220 1623 1251 mutor.

97 1280 217 1317 Docet
252 1283 438 1330 praeterea
466 1290 545 1315 esse
573 1282 764 1315 sanctum:
795 1277 923 1314 Sancti
951 1278 1067 1321 eritis,
1094 1277 1228 1328 inquit,
1255 1277 1341 1327 quia
1371 1290 1439 1326 ego
1470 1282 1622 1315 sanctus

100 1357 194 1381 sum.
249 1342 369 1379 Docet
403 1355 483 1379 esse
519 1346 555 1378 et
590 1347 801 1378 aeternum:
830 1341 1014 1378 Dominus
1041 1341 1080 1378 in
1110 1347 1298 1379 aeternum
1328 1348 1529 1391 permanet.
1584 1342 1625 1378 Si

95 1408 211 1457 igitur
220 1411 261 1444 tu
271 1406 422 1444 verbum
433 1406 526 1443 illud
538 1410 814 1443 sacrosanctum
826 1407 996 1455 agno-(B
1008 1407 1144 1454 ii³)scis
1153 1419 1231 1444 esse
1244 1419 1367 1444 verum
1381 1406 1517 1444 Deum:
1531 1406 1625 1444 illud

97 1471 279 1508 concedas
307 1483 456 1508 necesse
483 1474 551 1515 est,
580 1476 618 1507 ut
647 1470 806 1520 Spiritus
834 1471 957 1513 fuerit,
984 1471 1197 1521 priusquam
1227 1483 1311 1507 caro
1338 1471 1461 1516 fieret3
1483 1476 1524 1508 ut
1543 1471 1623 1507 fne-

96 1536 145 1574 rit
181 1535 438 1580 immutabilis,
474 1542 626 1572 sanctus
653 1541 689 1572 et
716 1541 899 1580 aeternus,
925 1535 1227 1586 quandoquidem
1255 1540 1359 1573 extra
1387 1535 1486 1572 hunc
1512 1535 1623 1573 talem

95 1608 131 1640 et
161 1615 272 1640 unum
302 1602 419 1639 Deum
449 1615 526 1639 non
554 1606 609 1639 est
638 1602 733 1639 ullus
762 1602 917 1652 amplius
948 1602 1060 1640 Deus.
1108 1601 1255 1639 Quodsi
1284 1601 1436 1639 verbum
1466 1602 1626 1652 Spiritus

95 1672 186 1712 erat,
221 1672 256 1705 et
283 1667 432 1718 quidem
458 1666 716 1710 immutabilis,
742 1666 806 1717 qui
834 1667 915 1704 fieri
941 1666 980 1703 id
1008 1667 1143 1717 potuit,
1168 1671 1210 1704 ut
1238 1666 1276 1703 in
1306 1679 1452 1704 carnem
1483 1671 1625 1704 mutata

98 1744 163 1769 sua
191 1731 390 1769 existentia
417 1731 620 1768 transiret?
650 1730 690 1767 Si
717 1736 879 1775 sanctus,
906 1731 1094 1781 quomodo
1125 1731 1193 1768 sub
1221 1735 1413 1781 peccatum
1442 1731 1481 1768 in
1503 1731 1625 1768 Patris

96 1795 236 1833 iudicio
273 1795 567 1833 condemnatur?
622 1795 661 1831 Si
696 1800 878 1839 aeternus,
915 1806 988 1845 quo
1016 1800 1126 1845 pacto
1153 1795 1337 1832 moritur?
1392 1795 1478 1833 Quo
1508 1795 1625 1844 magis

97 1860 212 1909 igitur
248 1860 357 1897 nobis
392 1859 584 1897 assentiris
621 1859 774 1896 verbum
811 1873 894 1897 vere
927 1873 1006 1897 esse
1044 1859 1176 1905 Deum,
1211 1859 1282 1896 hoc
1318 1861 1437 1907 magis
1472 1859 1627 1910 ipsemet

97 1937 242 1975 pugnas
269 1923 445 1960 adversus
472 1928 573 1961 tuam
602 1924 811 1961 doctrinam
839 1924 883 1961 de
911 1924 1051 1961 Christi
1074 1923 1227 1961 Domini
1246 1924 1517 1965 incarnatione,
1537 1924 1625 1961 dum

99 1987 254 2026 verbum
289 1986 400 2030 illud,
427 1987 527 2037 quod
554 1986 653 2024 Deus
683 1993 749 2031 est,
778 1988 897 2025 facere
927 1988 1073 2025 conaris
1100 1988 1293 2033 mutabile,
1321 1988 1626 2026 condemnationi

97 2051 316 2096 obnoxium,
351 2056 386 2089 et
424 2051 594 2096 mortale,
629 2065 786 2102 quorum
821 2053 991 2103 equidem
1021 2053 1116 2090 nihil
1143 2053 1182 2091 in
1209 2054 1261 2099 id,
1287 2052 1387 2105 quod
1415 2067 1498 2092 vere
1524 2053 1625 2092 Deus

97 2122 165 2159 est,
202 2116 331 2154 cadere
358 2116 434 2153 ullo
462 2116 573 2153 modo
600 2121 735 2167 potest.
790 2117 870 2155 Nec
897 2122 953 2155 cst
980 2118 1080 2169 quod
1108 2131 1177 2156 nos
1207 2118 1269 2155 hic
1295 2119 1449 2156 rationis
1477 2122 1627 2157 nostrae

98 2181 239 2220 iudicio
276 2181 345 2218 niti
381 2180 578 2219 cavilleris.
633 2180 687 2218 Os
715 2181 785 2218 Dei
811 2182 1004 2232 loquutum
1033 2186 1089 2219 est
1117 2182 1160 2219 de
1189 2196 1254 2219 sua
1281 2182 1400 2233 ipsius
1429 2183 1624 2220 existentia

101 2259 206 2297 ,quae
233 2245 413 2283 recensui.
444 2245 571 2282 Quare
599 2245 670 2282 hoe
696 2245 767 2283 tibi
793 2246 866 2297 ipsi
894 2246 1105 2284 faciendum
1135 2247 1194 2283 hie
1221 2251 1330 2290 esset,
1356 2246 1457 2298 quod
1475 2261 1495 2284 a
1514 2247 1625 2285 nobis

98 2310 210 2348 toties
245 2310 324 2347 fieri
360 2309 538 2360 postulas,
575 2308 646 2346 hoe
679 2314 746 2355 est,
782 2314 822 2347 ut
859 2310 921 2348 des
955 2310 1112 2359 gloriam
1142 2310 1243 2348 Deo:
1272 2314 1382 2361 atque
1410 2311 1454 2349 de
1481 2311 1546 2348 illo
1574 2312 1626 2350 ita

100 2375 210 2426 plane
247 2374 399 2418 sentias,
435 2373 745 2424 quemadmodum
783 2388 820 2412 se
856 2375 1011 2426 ipsemet
1048 2375 1158 2412 nobis
1195 2375 1300 2413 verbi
1326 2375 1383 2413 sui
1410 2376 1625 2414 testimonio

99 2439 287 2490 patefecit.
323 2438 476 2475 Frustra
500 2441 622 2474 autem
650 2451 742 2487 quae
771 2438 848 2476 dixi
867 2439 918 2486 (B
938 2437 1002 2487 iib)
1022 2439 1068 2476 ad
1088 2439 1208 2477 Patris
1228 2439 1409 2478 duntaxat
1427 2453 1623 2491 personam

58 2492 61 2497 ³
100 2503 258 2540 referas:
286 2501 455 2539 absolute
484 2501 528 2538 de
555 2501 633 2538 Deo
662 2501 761 2538 dicta
780 2515 860 2539 esse
880 2502 969 2540 haec
987 2503 1112 2541 omnia
1131 2503 1299 2552 legimus,
1316 2508 1357 2542 ut
1377 2504 1445 2542 sub
1466 2504 1535 2542 Dei
1557 2517 1625 2541 no-

102 2566 202 2603 mine
237 2566 276 2603 id
312 2570 444 2610 totum,
471 2564 571 2615 quod
600 2563 698 2602 Deus
726 2569 793 2609 est,
819 2565 1093 2616 intelligamus:
1123 2580 1241 2617 neque
1267 2572 1371 2605 extra
1402 2568 1500 2605 hanc
1525 2568 1626 2605 illius

104 2631 339 2669 existentiam
365 2630 480 2667 ullum
494 2630 604 2667 nobis
615 2630 727 2666 alium
741 2629 859 2667 Deum
872 2631 1109 2676 somniemus,
1121 2632 1342 2683 quiquidem
1355 2646 1438 2670 vere
1452 2633 1499 2670 sit
1511 2632 1622 2671 Deus.

153 2695 234 2732 Iam
263 2699 299 2733 et
324 2695 416 2732 illud
445 2694 543 2745 quod
572 2694 681 2731 huius
709 2698 858 2732 nostrae
880 2696 1154 2733 controversiae
1172 2697 1410 2747 praecipuum
1432 2701 1540 2747 caput
1559 2701 1627 2741 est,

102 2759 238 2797 Paulus
267 2764 391 2809 aperte
419 2758 582 2795 discutit.
638 2757 719 2794 Nos
747 2757 904 2795 dicimus
928 2758 1093 2796 Verbum
1120 2764 1204 2810 post
1234 2773 1379 2797 carnem
1411 2765 1577 2797 nostram
1606 2774 1626 2799 e

106 2826 222 2859 matre
250 2821 394 2871 virgine
421 2825 647 2870 assumptam
675 2819 791 2869 (quod
820 2820 969 2870 quidem
996 2821 1042 2858 ad
1062 2821 1227 2860 divinam
1248 2828 1419 2860 naturam
1444 2835 1548 2860 suam
1567 2828 1625 2860 at·

105 2886 217 2933 tinet)
246 2886 418 2937 spiritum
445 2886 645 2923 etiamnum
663 2897 761 2922 esse:
781 2905 831 2912 —
850 2890 889 2922 tu
909 2898 994 2922 vero
1016 2885 1124 2924 doces
1144 2887 1182 2924 in
1199 2887 1327 2924 matris
1346 2887 1501 2936 virginis
1522 2893 1624 2925 utero
