1818 3178
763 104 821 132 ΕΡ.
849 104 993 136 DOCTR.
1579 96 1650 132 535

118 207 190 246 scit
216 207 355 246 Paulus
383 206 447 258 qui
475 205 554 244 Deo
583 205 726 257 aliquid
754 205 857 257 prior
884 204 1029 244 dederit
1063 208 1099 244 et
1126 219 1274 244 omnem
1304 208 1469 244 nostram
1492 205 1648 242 salutem

116 272 244 319 refert,
277 285 354 310 non
389 271 436 309 ad
465 271 726 309 mandatorum
755 270 1010 309 obedientiam
1039 271 1164 318 ullam,
1203 271 1267 309 sed
1295 271 1342 309 ad
1369 269 1573 320 gratuitam
1601 269 1648 306 il-

115 337 191 375 lius
217 336 523 384 misericordiam,
551 336 781 385 Euangelica
807 335 1056 387 promissione
1085 336 1177 374 citra
1213 337 1327 374 ullius
1355 334 1522 374 mandati
1549 334 1647 371 obli·

115 402 306 451 gationem
340 403 554 441 revelatam.
609 400 681 440 Cui
718 413 803 438 vero
840 400 1016 439 mandato
1053 415 1217 452 appensa
1253 406 1309 439 est
1345 399 1544 452 promissio
1581 400 1648 437 illa

117 466 324 518 serpentini
359 466 488 517 capitis
526 466 758 511 conterendi,
797 465 971 503 universo
999 466 1074 503 iam
1100 466 1190 503 inde
1216 465 1263 503 ab
1292 466 1402 503 initio
1430 464 1646 502 mortalium

114 531 244 581 generi
271 531 340 568 sub
369 530 474 568 Adae
503 530 654 568 nomine
682 529 902 581 proposita?
940 530 1009 567 Cui
1035 530 1125 567 item
1153 533 1189 567 et
1216 529 1445 579 Euangelica
1472 529 1535 566 illa
1562 532 1649 579 post

117 595 308 632 Christum
347 599 475 633 natum
514 595 649 641 cautio,
686 607 758 644 qua
794 593 853 630 illi
888 593 960 630 Dei
987 606 1075 643 erga
1105 593 1276 631 homines
1302 606 1442 644 pacem,
1470 593 1543 630 sibi
1569 592 1645 629 iam

115 658 154 696 in
192 659 303 696 nobis
338 672 402 709 per
440 658 629 696 Christum
663 657 858 709 placentis,
894 657 1068 695 universo
1103 658 1188 695 orbi
1216 657 1444 695 annuntiant
1472 657 1583 694 simul
1610 661 1646 693 et

115 723 367 773 promittunt?
396 723 540 761 Deinde
567 737 615 760 an
642 736 720 761 non
748 726 782 760 et
809 721 1001 760 Abraham
1030 723 1109 773 ipse
1135 723 1257 760 iustus
1285 722 1436 760 habitus
1462 726 1533 767 est,
1557 734 1646 758 mox

116 793 158 826 ut
190 787 296 826 audit
324 788 489 826 oblatam
516 788 817 839 promissionem,
845 788 996 825 etiamsi
1023 788 1170 825 nullum
1198 787 1322 825 adhuc
1358 787 1573 825 mandatum
1602 787 1647 823 de

117 852 401 890 circumcisione
428 852 657 903 accepisset?
695 852 745 890 Et
772 852 910 890 Paulus
938 865 984 890 an
1013 865 1090 890 non
1119 856 1204 904 apte
1232 866 1252 889 a
1279 853 1361 902 lege
1389 852 1548 889 salutem
1578 864 1646 888 no-

115 922 229 954 stram
265 917 444 954 transfert
477 917 524 954 ad
557 916 731 965 gratiam,
757 929 835 954 non
872 916 1003 967 utique
1039 917 1216 955 mandato
1254 917 1322 954 ulli
1350 917 1556 961 astrictam,
1584 915 1647 953 sed

117 980 431 1030 promissionibus
459 980 626 1030 gratuito
654 980 868 1026 revelatam,
894 980 994 1032 quod
1024 981 1165 1018 frustra
1194 995 1283 1019 sane
1310 986 1448 1030 ageret,
1468 980 1499 1017 si
1518 979 1651 1018 salutis

115 1050 265 1084 nostrae
299 1045 571 1096 promissiones
606 1058 626 1082 a
663 1045 926 1083 mandatorum
964 1045 1182 1084 conditione
1218 1046 1480 1097 dependerent,
1509 1045 1645 1082 nedum

116 1125 136 1149 a
159 1111 403 1149 sacramentis
443 1124 538 1161 quae
566 1115 603 1148 et
630 1111 839 1162 posteriora
868 1115 956 1149 sunt
985 1111 1077 1149 citra
1106 1111 1400 1149 controversiam
1428 1110 1649 1162 promissio-

119 1176 230 1214 nibus
267 1181 303 1213 et
339 1176 386 1213 ab
424 1176 499 1213 illis
537 1176 691 1212 omnino
728 1175 952 1226 dependent.
1009 1176 1137 1213 Quare
1174 1176 1226 1212 ita
1261 1175 1387 1226 potius
1428 1174 1647 1213 ratiocinari

120 1241 328 1279 debebant:
381 1241 442 1278 Ad
471 1253 715 1291 quoscunque
749 1240 938 1291 pertinent
964 1241 1246 1291 promissiones,
1281 1241 1327 1278 ad
1356 1240 1505 1278 eosdem
1534 1239 1647 1277 etiam

116 1305 408 1355 promissionum
437 1305 619 1354 symbola,
650 1306 686 1342 h.
715 1317 761 1350 e.,
787 1310 1020 1342 sacramenta
1047 1305 1246 1356 pertinere,
1273 1326 1324 1334 —
1352 1318 1427 1342 non
1449 1309 1573 1342 autem
1597 1305 1644 1341 ad

115 1383 178 1407 eos
214 1370 396 1408 duntaxat
432 1370 700 1421 promissiones
737 1369 924 1420 pertinere
959 1370 1024 1420 qui
1061 1374 1293 1408 sacramenta
1323 1370 1515 1408 haberent.
1569 1371 1647 1407 Aut

114 1433 212 1471 enim
250 1434 360 1471 nobis
396 1436 652 1471 assentiantur
681 1447 831 1472 necesse
858 1438 926 1477 est,
954 1447 1031 1472 non
1060 1448 1080 1471 a
1109 1434 1296 1472 mandatis
1325 1434 1531 1486 dependere
1558 1447 1646 1485 pro-

116 1498 314 1536 missiones
350 1499 414 1536 sed
450 1512 471 1536 a
505 1498 824 1549 promissionibus
860 1499 1035 1536 mandata
1070 1503 1105 1537 et
1141 1504 1222 1537 tum
1258 1499 1366 1537 aliter
1393 1498 1648 1549 argumentari

117 1577 193 1601 non
220 1567 409 1614 poterunt.
461 1566 539 1601 Aut
569 1568 665 1601 certe
699 1563 900 1609 docebunt,
928 1563 1076 1602 etiamsi
1103 1564 1373 1615 promissiones
1400 1564 1477 1601 sint
1503 1563 1646 1614 priores

115 1629 316 1675 mandatis,
352 1635 464 1679 atque
500 1628 592 1666 adeo
627 1628 814 1677 gratuitae
842 1642 991 1680 quoque
1021 1629 1303 1667 misericordiae
1329 1634 1455 1675 testes,
1480 1629 1645 1680 priorem

114 1693 361 1731 nihilominus
404 1699 529 1731 tamen
573 1693 697 1730 locum
734 1693 908 1731 mandata
945 1707 1057 1745 quam
1095 1694 1363 1745 promissiones
1398 1695 1570 1732 obtinere
1602 1693 1643 1732 in

115 1758 246 1796 salutis
282 1763 431 1796 nostrae
466 1758 624 1803 ratione,
660 1772 781 1809 neque
817 1758 1088 1810 promissiones
1125 1761 1221 1798 ullas
1257 1761 1422 1798 efficaces
1458 1760 1545 1797 esse
1565 1759 1646 1797 sine

115 1823 314 1862 mandatis.
342 1823 388 1860 Id
419 1836 504 1860 vero
535 1822 668 1860 callide
695 1823 772 1872 agit
799 1823 956 1868 Sathan,
986 1828 1025 1862 ut
1053 1825 1123 1862 sub
1153 1825 1351 1875 splendido
1378 1825 1530 1876 pietatis
1558 1824 1644 1861 fuco

115 1887 257 1925 Christi
283 1887 382 1938 apud
412 1900 480 1925 nos
510 1887 745 1932 beneficium,
773 1887 925 1925 unicum
954 1887 1210 1927 damnationis
1238 1894 1389 1927 nostrae
1416 1889 1646 1931 antidotum,

113 1953 231 1990 elevet
266 1957 377 2003 atque
413 1952 601 1990 obscuret.
655 1951 734 1989 Scit
770 1965 791 1989 a
818 1952 890 2002 piis
918 1952 1058 2003 requiri
1086 1953 1349 1991 mandatorum
1377 1953 1643 1999 obedientiam,

114 2017 211 2055 hanc
245 2017 369 2067 itaque
405 2016 456 2054 ita
493 2020 614 2065 urget,
649 2020 689 2054 ut
724 2016 770 2053 ad
806 2016 911 2054 illam
946 2017 1215 2068 promissiones
1243 2018 1314 2056 Dei
1341 2019 1537 2068 astringat,
1564 2031 1642 2056 nou

114 2081 215 2132 quod
249 2094 317 2119 nos
347 2081 425 2118 Deo
463 2081 615 2118 obedire
644 2081 746 2125 velit,
774 2081 838 2118 sed
867 2082 968 2132 quod
996 2081 1068 2119 hoc
1095 2095 1212 2120 unum
1241 2083 1406 2127 molitur,
1434 2087 1486 2128 ut,
1514 2096 1643 2133 quem-

113 2145 316 2183 admodum
353 2151 502 2183 nostrae
530 2144 767 2183 obedientiae
794 2145 907 2183 inniti
936 2149 1036 2184 certo
1065 2160 1143 2184 non
1170 2160 1369 2198 possumus
1396 2152 1547 2198 propter
1574 2147 1641 2184 ad-

113 2216 240 2249 natam
269 2211 378 2249 nobis
407 2208 611 2256 ἀπειθὶκν,
641 2211 691 2248 ita
719 2224 765 2248 ne
792 2210 903 2248 etiam
930 2211 1248 2262 promissionibus
1275 2213 1494 2259 innitamur,
1521 2226 1642 2264 quan-

115 2276 317 2326 do'quidem
344 2275 638 2326 promissionum
667 2275 930 2313 certitudinem
957 2276 1004 2313 ab
1024 2276 1240 2314 obedientia
1260 2277 1420 2328 pendere
1441 2278 1643 2329 oportebit,

114 2339 147 2378 si
185 2340 369 2377 mandatis
404 2339 672 2390 promissiones
709 2340 999 2389 adstringamus.
1053 2341 1169 2379 Quod
1198 2342 1371 2392 equidem
1399 2342 1488 2392 quid
1517 2355 1643 2380 seeum

113 2405 220 2448 ferat,
248 2403 416 2455 quisquis
446 2403 586 2441 Christi
620 2404 763 2453 gloriae
798 2405 945 2451 serviat,
974 2404 1039 2453 (ad
1068 2419 1178 2456 quam
1205 2411 1330 2444 tamen
1357 2407 1486 2444 referri
1515 2407 1642 2444 omnia

113 2471 290 2520 oportet‚)
318 2470 403 2519 pius
431 2469 587 2519 quisque
626 2470 790 2518 cogitare
826 2482 950 2507 secum
980 2475 1117 2521 potest.
1173 2473 1298 2523 Atque
1327 2472 1470 2510 utinam
1498 2487 1642 2518 omnes,

114 2533 429 2584 quemadmodum
467 2533 583 2570 videri
611 2534 794 2580 volumus,
823 2547 906 2571 vere
932 2541 968 2572 et
997 2548 1041 2572 ex
1069 2536 1194 2573 animo
1222 2537 1382 2586 gloriam
1412 2538 1554 2576 Christi
1582 2551 1639 2575 re·

109 2597 180 2647 gis,
210 2597 355 2635 domini
387 2602 422 2635 et
448 2598 648 2635 servatoris
677 2598 808 2644 nostri,
837 2611 1070 2649 quaeramus.
1101 2600 1273 2639 Ceterum
1302 2602 1451 2640 sublata,
1479 2602 1641 2653 promis-

113 2665 264 2700 sionum
299 2662 482 2711 dignitate
516 2676 560 2700 ac
595 2663 665 2700 sub
700 2663 963 2701 mandatorum
1000 2678 1128 2702 rursus
1163 2671 1289 2717 saepta
1326 2668 1516 2712 conclusa,
1545 2680 1639 2718 quae

113 2727 184 2764 erit
214 2727 421 2776 Euaugelii,
446 2727 618 2773 obsecro,
644 2727 691 2764 ad
719 2728 877 2766 salutem
907 2728 1025 2766 virtus
1054 2743 1119 2766 seu
1145 2731 1340 2780 potentia?
1395 2731 1510 2769 Quod
1538 2731 1641 2769 illius

115 2804 158 2828 ac
184 2791 277 2841 legis
307 2792 533 2830 discrimen?
558 2793 660 2843 quod
689 2793 860 2831 meritum
889 2794 1021 2832 mortis
1051 2793 1190 2832 Christi
1218 2795 1338 2847 (quod
1359 2800 1482 2834 tamen
1502 2796 1640 2834 Paulus

111 2855 254 2894 donum
273 2862 310 2895 et
329 2856 480 2907 quidem
499 2857 705 2907 gratuitum
725 2858 935 2908 appellem?
964 2872 1059 2910 quae
1077 2859 1179 2897 illius
1196 2860 1316 2909 gloria
1336 2873 1400 2898 seu
1418 2860 1643 2912 triumphuS‚
