1818 3178
622 122 837 150 RasroNsm
865 123 960 150 ADv.
991 123 1159 151 nosmM.
1569 116 1642 151 443

110 239 177 264 nos
213 226 370 264 liberare
404 238 556 276 prorsus
592 228 715 276 potest
749 229 785 263 et
820 225 914 262 alios
951 238 1074 263 secum
1113 229 1302 276 praeterea
1340 238 1482 262 errores
1511 225 1642 268 trahit,

108 289 218 326 nobis
253 289 357 326 illam
393 289 555 339 recipere
591 289 778 337 integrum
817 301 894 326 non
930 292 998 326 est.
1052 288 1233 326 Videmus
1261 292 1382 325 autem
1413 288 1486 324 vim
1516 287 1639 338 ipsam

108 367 151 391 ac
187 354 406 403 dignitatem
445 353 674 390 Sam-amenti
710 353 749 389 in
787 353 911 390 Coena
948 357 1085 390 sartam
1124 357 1260 390 tectam
1299 365 1462 397 manere,
1490 352 1636 390 etiamsi

107 419 263 455 reiectae
306 418 378 455 iam
425 417 563 455 Divino
608 418 787 455 beneficio
825 418 1033 469 Papisticae
1070 417 1484 454 Transubstantiationi
1530 416 1640 453 realis

109 483 198 519 haec
234 495 316 519 eum
347 483 493 519 Coenae
521 482 728 519 Elenientis
756 482 922 532 eorporis
951 487 986 519 et
1015 481 1211 530 sanguinis
1241 482 1523 529 Chri-(142)sti
1552 494 1642 518 con-

107 546 373 583 substantiatio
410 560 484 584 non
524 546 784 590 substituatur,
821 545 1137 596 quemadmodum
1176 559 1264 582 sane
1291 545 1476 596 Baptismi
1505 547 1640 582 Sacra·

107 615 233 648 mento
270 611 364 648 nihil
401 611 615 660 derogatur,
650 624 731 648 cum
763 611 955 660 utriusque
982 609 1092 646 huius
1121 609 1353 647 Sacramenti
1382 623 1494 646 unum
1528 617 1644 659 atque

107 675 202 712 idem
234 676 281 713 sit
309 676 450 727 alioqui
481 676 716 726 Mysteriuln,
745 674 890 713 etiamsi
921 675 1022 712 nulla
1050 674 1264 711 istiusmodi
1282 674 1646 717 consubstansiatio,

108 741 184 778 sive
222 741 384 791 Spiritus
423 742 565 786 Sancti,
601 741 678 778 sive
715 740 909 788 sanguinis
948 739 1088 776 Christi
1117 751 1198 776 cum
1229 739 1414 789 Baptismi
1444 739 1640 777 Elemento

107 806 368 843 constituatur.
424 806 507 843 Iino
546 818 630 842 vero
668 805 713 842 ad
752 818 862 855 quem
900 803 1052 841 modum
1081 816 1156 840 non
1187 803 1309 839 solum
1338 802 1432 839 nihil
1461 803 1650 840 efficaciae

105 882 149 905 ac
193 868 389 917 dignitatis
423 868 519 918 perit
556 868 703 904 Coenae
739 868 996 909 Sacramento,
1031 865 1093 902 sed
1142 865 1284 902 aceedit
1320 865 1458 915 potius,
1502 865 1640 902 reiecto

107 934 253 971 somnio
281 933 346 969 illo
374 932 584 983 Papisticae
612 931 1057 976 Transubstantiationis,
1084 930 1137 967 ita
1165 943 1283 980 neque
1311 934 1527 980 oppugnata
1551 943 1642 967 eon·

109 997 424 1035 substantiatione
461 996 663 1047 quicquam
700 996 853 1033 omnino
884 995 940 1033 vel
968 994 1148 1032 efficaciae
1177 994 1362 1039 salutaris,
1390 995 1447 1031 vel
1476 994 1642 1043 dignita-

108 1062 156 1099 tis
193 1062 289 1112 perit
327 1062 473 1098 Coenae
509 1062 764 1106 Sacramento,
800 1060 888 1110 quin
926 1059 1050 1110 potius
1087 1063 1122 1096 et
1158 1063 1291 1095 natura.
1326 1058 1407 1108 ipsa
1444 1062 1479 1095 et
1517 1058 1570 1095 vis
1610 1062 1646 1095 et

111 1126 277 1175 dignitas
316 1126 641 1162 Sacramentorum
680 1124 827 1161 sublata
865 1123 934 1160 hac
973 1123 1364 1160 consubstantiatione
1400 1122 1580 1159 asseritur
1608 1126 1645 1159 et

104 1190 326 1228 illustratur.
381 1189 571 1239 Quodque
606 1188 651 1225 ad
682 1187 917 1224 artolatriam
944 1186 984 1224 in
1012 1200 1053 1224 ea
1082 1186 1163 1236 ipsa
1194 1186 1360 1236 corporis
1385 1183 1530 1223 'Christi
1560 1199 1641 1222 cum

106 1268 201 1305 panc
230 1256 375 1291 Coenae
405 1252 798 1291 consubstantiatione
826 1252 973 1295 attinet,
1000 1251 1064 1302 qui
1092 1264 1173 1288 eam
1203 1251 1453 1294 constituunt,
1481 1252 1646 1288 fatentur

106 1319 308 1370 ipsummet
334 1331 468 1369 panem
499 1318 644 1355 Coenae
671 1316 950 1367 quodammodo
980 1315 1210 1352 adorabilem
1241 1328 1332 1359 esse,
1360 1315 1396 1351 id
1425 1315 1525 1365 quod
1548 1315 1644 1352 alio-

108 1383 172 1433 qui
209 1383 300 1420 editi
336 1383 503 1432 ipsorum
541 1381 658 1418 libelli
696 1381 818 1431 palam
847 1382 1180 1428 te-(143)stantur,
1207 1385 1243 1416 et
1270 1392 1328 1416 res
1356 1379 1436 1430 ipsa
1464 1379 1645 1430 loquitur,

107 1447 138 1485 si
174 1447 286 1484 verba
322 1448 469 1483 Coenae
505 1446 581 1486 illa,
619 1459 711 1496 quae
750 1444 1026 1482 consecratoria
1064 1448 1211 1487 vocant,
1240 1443 1336 1480 nude
1364 1448 1405 1480 ut
1433 1447 1569 1481 sonant
1597 1456 1640 1480 ae

108 1511 326 1562 simpliciter
364 1511 484 1562 accipi
526 1511 698 1553 debeant,
735 1511 854 1561 ipsam
890 1509 996 1560 panis
1033 1509 1072 1546 in
1114 1509 1259 1545 Coenae
1297 1521 1367 1545 usu
1396 1509 1644 1545 substantiam

109 1582 281 1626 oportere
319 1576 431 1613 simul
467 1575 577 1613 aliam
617 1588 696 1612 esse
731 1574 977 1612 substantiam
1016 1573 1182 1624 corporis
1220 1573 1374 1617 Christi,
1409 1586 1451 1610 ac
1489 1572 1648 1623 proinde

108 1640 343 1678 adorandum
380 1640 452 1676 iam
491 1640 631 1677 Christi
660 1639 815 1676 Domini
851 1652 986 1689 corpus
1024 1642 1195 1689 oportere
1223 1637 1333 1674 etiam
1363 1637 1400 1673 in
1428 1637 1509 1687 ipsa
1538 1640 1647 1687 panis

110 1707 256 1743 Coenae
293 1705 501 1742 substantia
540 1705 701 1742 adorari.
757 1704 843 1742 Qua
881 1703 1050 1754 equidem
1080 1716 1119 1740 re
1147 1702 1277 1739 offensi
1305 1702 1457 1752 quidam
1499 1701 1644 1752 plausi-

110 1771 278 1808 biliorem
315 1770 437 1807 adhuc
474 1783 553 1807 csse
579 1775 761 1820 putarunt
790 1769 999 1806 doctrinam
1028 1767 1477 1810 Transubstantiationis,
1505 1767 1535 1803 si
1565 1780 1638 1803 non

105 1836 139 1874 ei
174 1836 427 1873 abominanda
454 1836 519 1872 illa
547 1834 829 1886 propitiatoriac
857 1833 1062 1871 oblationis
1089 1833 1262 1883 impietas
1291 1832 1466 1869 adiuncta
1496 1832 1642 1869 fuisset.

108 1901 240 1950 Neque
276 1900 375 1937 enim
413 1899 450 1936 in
491 1898 912 1936 Transubstantiatione
948 1903 1034 1949 post
1068 1897 1176 1948 panis
1213 1897 1510 1934 evanescentium
1539 1901 1640 1933 arto-

106 1966 215 2003 latria
261 1965 335 2002 ulla
371 1969 493 2016 potest
531 1964 723 2008 constitui,
761 1977 831 2015 qua
868 1977 946 2001 sese
984 1961 1338 2000 Consubstantiatio
1374 1961 1454 2012 ipsa
1481 1961 1641 1998 liberare

109 2031 397 2081 haudquaquam
425 2034 560 2080 potest.
603 2029 691 2066 Non
720 2033 775 2066 est
804 2035 929 2065 autem
957 2028 1068 2065 huius
1097 2027 1170 2065 loci
1199 2039 1311 2071 nunc,
1339 2038 1483 2063 errores
1513 2038 1640 2062 omnes

70 2135 81 2143 ,
107 2108 297 2133 recensere
336 2095 440 2140 velle,
477 2108 572 2145 quos
611 2107 732 2131 secum
772 2093 888 2131 trahit
917 2092 1126 2130 necessario
1157 2091 1328 2128 doctrina
1359 2090 1448 2127 haec
1477 2090 1520 2127 de
1551 2103 1643 2127 con-

108 2159 438 2203 substantiatione,
475 2173 587 2209 quam
624 2158 767 2208 alioqui
802 2162 907 2195 vetus
944 2156 1113 2193 Ecclesia
1151 2169 1304 2206 prorsus
1340 2155 1540 2204 ignoravit,
1577 2154 1641 2192 sed

107 2229 182 2263 tres
211 2230 355 2261 tantum
397 2223 593 2272 attingam,
630 2231 670 2260 ut
707 2236 836 2260 omnes
875 2221 1102 2270 intelligant,
1137 2220 1363 2258 iustissimas
1400 2232 1468 2256 nos
1505 2219 1642 2257 habere

108 2302 250 2332 causaS,
276 2288 476 2338 quominus
505 2287 715 2325 doctrinam
745 2289 856 2334 (144)
885 2286 983 2323 hanc
1011 2285 1055 2323 de
1084 2284 1471 2322 consubstantiatione
1499 2284 1639 2334 recipe-

105 2366 144 2390 re
186 2351 384 2403 possimus.
440 2351 605 2388 Primum
651 2351 767 2398 igitur
812 2362 974 2387 errorem
1020 2362 1100 2386 esse
1144 2347 1303 2385 dicimus
1346 2347 1633 2385 immensitatem

106 2413 272 2467 corp'oris
309 2421 345 2454 et
382 2415 578 2465 sanguinis
617 2415 771 2459 Christi,
807 2427 902 2465 quae
930 2414 1009 2451 sola
1036 2413 1180 2464 alioqui
1206 2414 1359 2461 longam
1388 2426 1514 2450 rursus
1543 2413 1635 2450 alio-

103 2495 187 2519 rum
222 2494 389 2518 errorum
420 2480 616 2518 cathenam
653 2492 776 2517 secum
814 2479 929 2516 trahit
957 2482 992 2515 et
1020 2491 1040 2515 a
1070 2482 1191 2515 vetere
1218 2477 1373 2515 Patrum
1401 2477 1634 2514 orthodoxo-

104 2560 188 2584 rum
216 2546 384 2584 Ecclesia
412 2545 641 2583 unanimiter
668 2544 923 2595 impugnatur.
962 2544 1135 2581 Alterum
1162 2555 1323 2580 errorem
1353 2556 1433 2580 esse
1462 2543 1634 2586 dicimus,

105 2611 272 2662 corporis
318 2610 459 2648 Christi
505 2609 602 2660 apud
649 2609 785 2659 impios
825 2607 1116 2657 ignominiosam
1162 2608 1272 2658 plane
1316 2607 1632 2658 prostitutionem,

105 2687 271 2724 quaeque
313 2673 407 2710 illud
454 2678 604 2709 aeterno
650 2672 723 2708 iam
768 2683 995 2721 prorsusque
1031 2669 1228 2706 individuo
1276 2669 1444 2706 coelestis
1490 2668 1632 2718 gloriae

104 2738 299 2789 splendore
337 2737 626 2787 vivificandique
663 2736 797 2773 virtute
834 2735 968 2786 spoliet
995 2734 1162 2772 omnino.
1217 2733 1387 2771 Tertium
1416 2746 1501 2770 vero
1529 2746 1631 2770 erro-

102 2816 178 2841 rem
224 2816 302 2841 esse
345 2803 517 2848 dicimus,
553 2801 766 2839 Sacerdocii
808 2800 948 2838 Christi
986 2799 1140 2838 Domini
1177 2799 1490 2842 obscurationem,
1530 2798 1631 2842 dum,

100 2872 284 2918 quatenus
320 2868 443 2906 adhuc
470 2867 510 2905 in
539 2872 636 2905 terra
665 2866 908 2917 corporaliter
938 2868 1166 2910 versaretur,
1187 2877 1293 2903 verus
1321 2877 1410 2901 sane
1438 2863 1500 2899 ille
1529 2862 1630 2899 Pon-
