1818 3178
194 126 290 157 cxlv
825 116 1065 146 PRAEFATIO.

195 247 243 273 ex
284 230 450 272 ERASMI
483 227 650 268 ALssEm
682 224 713 277 ¹)
745 221 943 263 adversus
974 218 1310 261 Carlostadianos
1342 218 1485 261 libello
1524 220 1703 276 exscrip-

196 309 283 344 tum
325 308 365 342 et
399 298 519 340 certis
550 292 795 351 quibusdam
830 289 1018 332 articulis
1049 289 1271 346 digestum.
1335 289 1519 332 Videtur
1547 291 1702 346 scripto

194 373 273 415 hoc
303 367 588 425 compendium
620 366 662 405 in
694 362 871 404 Polonia
901 361 1168 417 divulgatum
1200 376 1287 402 esse
1316 367 1358 402 et
1388 361 1512 423 Lasci
1544 362 1700 403 autori-

193 443 266 484 tati
296 451 556 492 summopere
586 433 782 483 offecisse,
816 440 956 487 utpote
987 431 1096 486 quod
1126 446 1176 472 ex
1207 430 1434 472 adversarii
1466 432 1700 475 testimonio

193 511 418 554 doctrinam
459 508 546 548 eius
590 504 786 553 referens,
834 503 1004 544 seorsim
1049 517 1097 542 ea
1142 501 1433 543 tantummodo
1472 502 1700 553 exhiberet,

192 596 298 639 quae
329 580 465 621 minus
495 583 615 618 caute
647 574 712 615 hic
743 573 828 615 illic
858 573 899 614 in
923 571 1140 614 scribendo
1161 571 1296 613 obiter
1318 580 1540 615 monuerat
1559 574 1698 630 potius

189 667 312 710 quam
359 654 574 692 censuerat
616 652 781 687 noster:
829 643 1041 700 permulta
1087 644 1212 685 etiam
1258 645 1506 696 contineret,
1539 659 1645 700 quae
1675 660 1698 688 e

188 723 323 766 medio
362 727 556 763 contextu
587 718 730 759 vicinis
763 717 923 759 omissis
956 715 1173 771 desumpta
1205 715 1332 772 longe
1363 716 1493 760 alium
1525 717 1697 774 praebe·

189 795 288 837 bant
331 806 511 842 sensum,
555 805 678 845 quam
721 788 986 829 circumiecta
1027 787 1076 827 iis
1106 785 1374 829 tribuendum
1415 803 1502 830 esse
1539 788 1700 844 flagita-

187 873 303 908 rent:
350 862 459 905 haud
505 875 630 902 unam
676 859 855 914 denique
900 859 937 899 ei
982 856 1223 899 obtruderet
1261 861 1522 911 sententiam,
1574 859 1696 901 euius

186 937 344 980 Lascus
373 947 600 986 numquam
634 930 848 972 exstitisset
878 936 1092 985 patronuS,
1125 929 1195 970 sed
1227 944 1327 971 vero
1357 930 1593 986 saepissime
1623 930 1695 974 ad-

185 1006 414 1050 versarium
452 1019 540 1046 sese
584 1001 824 1044 ostendisset
855 999 1181 1042 acerbissimum.
1241 1000 1397 1042 Paucis
1437 1002 1517 1043 hoc
1555 1002 1641 1057 ipse
1670 1002 1694 1044 a

181 1078 318 1120 Lasco
361 1077 420 1118 sic
459 1081 600 1116 narrat
646 1073 685 1114 in
730 1071 916 1127 Epistola
958 1071 1009 1113 ad
1054 1071 1262 1114 Comitem
1303 1072 1326 1113 ὲ.
1357 1072 1539 1114 Tarnow
1570 1072 1691 1115 data:

186 1172 207 1198 η
231 1147 375 1205 Sparsi
419 1154 516 1189 sunt
555 1151 650 1186 ante
692 1159 820 1184 unum
856 1150 928 1184 aut
958 1142 1138 1184 alterum
1173 1159 1356 1185 mensem
1387 1151 1514 1202 atque
1544 1145 1595 1186 ad
1627 1160 1694 1187 me

186 1244 206 1269 η
231 1220 396 1261 demum
429 1219 551 1259 etiam
583 1215 696 1257 allati
729 1214 915 1256 Articuli
947 1214 1112 1268 quidam
1143 1214 1193 1256 de
1215 1230 1281 1256 me
1304 1230 1482 1271 meaque
1503 1216 1692 1258 doctrina

185 1315 205 1340 's
230 1306 304 1347 per
344 1290 521 1332 Hosium
563 1302 611 1328 ex
653 1286 830 1327 Erasmo
864 1284 1037 1337 Albero,
1071 1295 1117 1326 ut
1150 1286 1296 1327 titulus
1327 1287 1463 1338 habet,
1497 1287 1692 1344 exscripti

185 1387 204 1412 u
229 1371 269 1404 et
309 1362 388 1403 huc
419 1360 583 1402 tandem
616 1360 656 1400 in
688 1357 910 1399 Poloniam
943 1357 994 1399 ad
1027 1358 1333 1400 traducendum
1364 1374 1517 1401 nomen
1550 1375 1690 1402 meum

184 1456 204 1481 ῃ
230 1430 496 1475 transmissi.'’
529 1432 560 1486 2)
622 1430 732 1472 Tum
766 1428 916 1471 Albe-ri
946 1428 1134 1470 articulis
1165 1436 1253 1471 tum
1286 1430 1406 1472 Hosii
1437 1430 1579 1472 libello
1613 1433 1694 1479 nde

181 1519 356 1558 eaepresso
401 1504 509 1545 verbo
555 1501 673 1552 Dein
716 1500 827 1557 quod
866 1499 943 1541 sub
974 1500 1096 1541 Hosii
1127 1501 1297 1542 nomine
1327 1509 1556 1558 utrumque
1587 1517 1693 1558 opus

178 1578 218 1619 in
249 1576 425 1619 Polonia
456 1575 677 1622 ferebatur,
709 1588 793 1615 una
824 1573 1090 1627 responsione
1111 1587 1335 1615 occurrere
1355 1582 1499 1616 nostro
1519 1574 1689 1630 placuit,

179 1648 384 1704 ediditque
414 1661 502 1688 eam
534 1661 570 1688 a.
604 1646 712 1687 1559
745 1644 821 1686 sub
852 1645 930 1686 hoc
962 1644 1102 1687 titulo:

237 1720 379 1762 Brevis
409 1734 455 1760 ae
485 1718 778 1772 compendiaria
818 1718 1018 1770 responsio
1051 1718 1107 1758 ad
1139 1718 1327 1759 Collectos
1356 1721 1478 1759 certos
1507 1719 1691 1773 quosdam

179 1806 225 1832 ex
268 1792 434 1832 Erasmo
468 1791 609 1830 Albero
643 1803 717 1842 per
762 1789 1011 1830 Stam'slazmz
1041 1790 1222 1839 Hosium,
1257 1789 1376 1830 titulo
1423 1789 1689 1831 Varmc'ensem

180 1863 423 1917 Episcopum,
461 1863 650 1903 articulos
693 1863 739 1903 de
785 1861 965 1902 doctrina
1003 1862 1171 1902 Ioannis
1215 1861 1240 1902 ὰ
1279 1862 1426 1903 Lusco.-
1467 1866 1586 1918 atque
1615 1864 1690 1905 huo

179 1935 328 1976 demum
367 1935 408 1975 in
447 1934 654 1974 Polom'am
687 1934 947 1985 transmissos,
977 1933 1172 1988 simulque
1205 1939 1242 1974 et
1274 1935 1329 1975 ad
1356 1934 1532 1975 libellum
1563 1935 1690 1988 ipsius

180 2021 305 2058 nuper
336 2005 484 2046 editum
515 2006 560 2045 de
591 2019 769 2057 oppresso
799 2005 933 2046 verius
963 2020 1082 2060 quam
1114 2019 1292 2058 eassresso
1321 2006 1432 2047 verbo
1462 2004 1558 2048 Dei.
1607 2006 1690 2048 Per

179 2077 384 2130 ipsummet
423 2076 612 2117 Ioannem
643 2075 667 2116 ἰι
701 2075 836 2117 Lusco.
869 2077 1083 2118 Perentiat
1114 2084 1150 2117 te
1181 2077 1388 2127 Dominus,
1414 2077 1553 2131 paries
1582 2078 1690 2120 deal-

179 2150 289 2191 bate!
320 2151 409 2190 Aet.
445 2148 509 2189 23.
542 2145 586 2190 S.
616 2163 651 2189 a.
684 2146 710 2188 l.
743 2155 782 2189 et
812 2154 979 2204 typogr.
1013 2149 1072 2192 80.
1110 2148 1274 2206 [1559J.

239 2218 440 2260 Dedicata
484 2225 542 2260 est
587 2216 741 2259 Coi-niti
780 2218 802 2260 a
848 2219 1044 2269 Tarnow‚
1085 2228 1125 2261 et
1166 2228 1334 2262 centum
1375 2219 1523 2276 viginti
1552 2219 1686 2262 tribus

183 2290 359 2347 pagellis
398 2291 438 2332 in
478 2297 591 2331 recto
621 2296 662 2331 et
692 2290 732 2331 in
764 2304 882 2332 verso
913 2299 1084 2335 constat.
1145 2291 1325 2334 Miserat
1354 2292 1442 2333 eius
1472 2291 1686 2348 exemplar

182 2369 321 2405 noster
361 2361 410 2403 ad
442 2360 733 2412 Elisabetham,
775 2362 960 2417 Angliae
997 2364 1199 2419 reginam,
1241 2364 1304 2406 his
1334 2364 1486 2406 verbis:
1521 2387 1542 2413 ῃ
1561 2364 1688 2407 Mitto

187 2456 208 2481 n
232 2432 442 2474 Maiestati
491 2431 607 2473 Tuae
652 2447 786 2473 meam
833 2432 1160 2489 Responsionem
1214 2435 1412 2477 adversus
1457 2436 1687 2480 calumnias

186 2529 206 2554 n
236 2505 406 2562 [H]osii‚
439 2503 558 2544 titulo
588 2502 849 2546 Variniensis
880 2505 1117 2562 Episcopi.''
1140 2507 1172 2564 3)
1236 2508 1345 2550 Data
1376 2515 1437 2550 est
1467 2508 1571 2551 haec
1600 2509 1687 2565 epi-

183 2577 287 2620 stola
316 2592 372 2620 m.
405 2574 638 2632 Septembri
669 2591 705 2617 a.
730 2576 853 2626 1559,
886 2592 1014 2633 quare
1045 2579 1173 2635 ipsam
1208 2595 1374 2637 quoque
1403 2580 1527 2624 huius
1555 2579 1687 2624 libelli

223 2767 250 2806 ¹)
272 2767 431 2798 EnAsnus
453 2764 608 2794 Amnnws
630 2763 890 2805 superintendens
912 2764 1227 2808 Brandenburgeusis
1251 2768 1313 2799 fuit
1335 2771 1366 2798 ‹aet
1389 2768 1469 2800 obiit
1491 2778 1518 2801 a.
1542 2767 1633 2800 1553.

222 2822 250 2860 ²)
272 2822 298 2853 Ι.
321 2821 339 2852 ξι
361 2819 479 2856 ΙιΛεοο,
505 2818 614 2858 Opera,
638 2818 707 2850 Vol.
728 2819 754 2851 J.
777 2830 806 2860 p.
830 2820 900 2852 393.

222 2876 249 2918 ³)
271 2875 404 2914 Ibidem,
428 2873 497 2906 Vol.
519 2873 563 2904 11.
586 2884 616 2914 p.
638 2871 708 2906 765.
