1818 3178
164 141 211 174 52
616 130 666 167 ni:
694 134 855 165 cnms'rI
883 127 1201 163 1N0ARNA'rIo‘Na2

164 248 237 284 lum
276 245 498 293 contigisset,
536 241 606 278 nisi
642 252 790 290 peceare
817 238 1021 288 potuisset?
1047 236 1122 272 imo
1151 242 1236 274 vero
1270 247 1447 286 quorsum
1474 234 1666 278 attineret,

165 311 348 347 hominem
384 309 517 343 factum
556 316 649 347 esse,
682 303 754 340 nisi
790 314 942 352 peceare
975 299 1183 350 potuisset?
1237 299 1348 337 quta
1376 298 1539 336 divinam
1566 298 1666 336 enim

166 373 265 410 verbi
294 375 455 407 naturam
484 379 634 417 peccare
671 378 860 415 nunquam
889 364 1023 415 potuit,
1050 363 1113 400 sed
1140 363 1243 401 iuxta
1270 363 1470 400 humanam
1497 365 1669 400 naturam

166 436 274 471 verbo
313 433 542 469 coniunctam
571 441 645 466 non
673 428 850 479 peccavit,
878 441 995 478 neque
1021 428 1172 465 inventa
1199 431 1254 465 est
1279 428 1382 465 labes
1410 428 1484 465 ulla
1510 426 1547 464 in
1576 426 1675 477 ipso,

164 497 303 534 etiamsi
338 507 485 545 peceare
511 497 645 543 posset.
675 494 756 529 Stat
783 504 871 540 ergo
897 492 1119 528 inconcussa
1147 490 1354 541 syllogismi
1380 491 1501 529 nostri
1528 490 1572 528 de
1597 490 1670 527 im-

164 559 331 597 mutabili
373 558 518 594 divinae
565 556 732 605 justitiae
772 569 870 593 nexu
906 568 948 592 ae
985 555 1130 592 decreto
1165 554 1414 598 ratiocinatio,
1457 558 1567 605 atque
1600 554 1671 592 hoe

166 623 266 659 Pauli
294 623 374 657 loeo
403 622 640 657 confirmatur
665 620 788 664 etiam,
817 632 892 657 non
921 623 1042 656 autem
1066 619 1316 669 impugnatur.

213 686 332 722 Locus
358 685 417 720 ille
444 684 521 721 Col.
542 684 581 722 ii.
600 683 791 734 aliquanto
810 683 892 734 plus
910 682 1133 721 difficultatis
1153 682 1265 720 habet
1283 686 1432 733 propter
1448 682 1669 721 Latinorum

166 750 200 785 <St
218 747 475 797 exemplarium
495 747 531 784 et
547 747 788 798 interpretum
806 747 845 784 in
863 746 932 784 hae
949 751 1051 797 parte
1070 759 1304 792 consensum,
1323 745 1387 797 qui
1405 746 1672 797 propemodum

165 825 300 855 omnes,
317 814 429 848 Deum
445 825 514 860 per
532 815 772 860 semetipsum,
784 824 847 849 seu
862 813 899 848 in
919 813 1101 859 semz'tipso
1120 811 1364 860 triumphasse
1381 810 1674 861 legunt,Deique

164 889 296 913 nomen
315 876 360 912 ad
379 876 446 911 filii
464 888 672 925 personam,
689 875 759 912 hoe
779 879 847 921 est,
866 875 912 912 ad
932 875 1120 912 Christum
1138 875 1272 925 ipsum,
1293 874 1351 923 (H
1368 875 1468 922 viiia)
1487 875 1673 920 referunt3

162 940 340 985 videlieet,
375 940 474 989 quod
515 940 683 977 Christus
719 941 796 990 ipse
831 940 936 977 iuxta
971 939 1190 976 Divinitatis
1219 952 1306 976 suae
1333 942 1505 976 naturam
1531 938 1673 989 prinei-

160 1009 265 1054 patus
300 1016 342 1039 ae
376 1007 574 1053 potestates
611 1008 757 1040 nostrae
786 1003 1108 1041 condemnationis
1135 1002 1410 1053 triumphasset.
1467 1004 1592 1053 Atque
1617 1007 1673 1040 est

161 1068 306 1117 quidem
340 1068 399 1116 pia
426 1068 463 1104 in
493 1081 542 1112 se,
576 1072 612 1104 et
648 1067 871 1112 Christiana,
898 1067 987 1105 haec
1015 1068 1210 1112 sententia,
1248 1068 1279 1105 si
1305 1072 1408 1119 recte.
1431 1068 1676 1117 intelligatur,

163 1131 224 1167 sed
252 1144 270 1167 a
298 1131 401 1167 Pauli
429 1135 550 1168 mente
577 1131 648 1167 hoe
675 1132 889 1181 praesertim
917 1133 1000 1169 loeo
1027 1144 1177 1182 prorsus
1196 1131 1329 1171 aliena.
1358 1132 1534 1170 Praebuit
1552 1136 1673 1170 autem

163 1194 249 1230 huie
284 1194 578 1244 interpretationi
614 1196 848 1233 occasionem
884 1195 1018 1233 Latina
1052 1196 1172 1233 versio
1199 1196 1361 1233 maxima
1388 1196 1464 1233 fere
1489 1209 1534 1234 ex
1561 1200 1677 1247 parte,

164 1258 259 1307 quod
296 1258 332 1293 in
370 1257 513 1294 Latinis
550 1258 724 1295 omnibus
752 1260 827 1296 fere
853 1258 1126 1310 exemplaribus
1154 1260 1309 1309 legatur,
1336 1261 1567 1309 triumphans
1595 1263 1676 1298 illos

162 1323 200 1358 in
235 1324 433 1369 semetipso,
469 1322 545 1358 sive
578 1335 647 1369 per
673 1325 914 1371 semetipsum.
969 1323 1062 1360 Cum
1090 1323 1188 1360 enim
1217 1327 1322 1361 extra
1349 1337 1495 1361 omnem
1524 1328 1675 1361 contro—

163 1385 317 1422 versiam
346 1385 403 1430 sit,
430 1397 506 1422 non
534 1385 692 1431 Patrem,
719 1386 781 1423 sed
808 1386 939 1431 filium,
958 1399 1049 1437 opus
1070 1390 1218 1425 nostrae
1237 1387 1514 1438 redemptionis,
1532 1400 1676 1425 assum·

162 1454 224 1498 pta
260 1449 420 1485 hominis
457 1452 600 1492 natura,
635 1449 737 1487 iuxta
772 1463 883 1504 quarn
919 1454 954 1487 et
981 1455 1151 1488 mortuus
1179 1456 1246 1496 est,
1274 1451 1471 1502 peregisse,
1498 1451 1678 1489 nolebant

165 1514 351 1563 proprium
387 1513 455 1550 filii
491 1526 582 1563 opus
616 1514 661 1551 ad
696 1515 842 1551 Patrem
878 1516 1092 1558 transferre,
1129 1515 1192 1553 sed
1219 1516 1458 1567 triumphum,
1486 1517 1588 1554 euius
1617 1516 1678 1554 hic

168 1577 331 1614 meminit
375 1577 521 1621 Paulus,
565 1578 642 1615 filio
689 1577 950 1628 ascripserunt,
995 1579 1112 1629 deque
1149 1579 1296 1618 Christo
1323 1580 1556 1631 interpretati
1592 1585 1679 1618 sunt

165 1640 270 1677 Pauli
297 1640 419 1684 verba,
445 1641 577 1690 quibus
606 1641 726 1678 Deum
753 1641 797 1679 de
822 1642 1093 1693 principatibus
1113 1647 1147 1680 et
1165 1643 1413 1694 potestatibus
1431 1643 1678 1694 triumphasse

166 1717 229 1754 per
257 1704 503 1754 semetipsum,
530 1705 664 1742 Paulus
691 1709 859 1744 testatur.
896 1709 946 1744 At
974 1720 1059 1744 vero
1087 1707 1184 1758 apud
1212 1707 1376 1745 Graecos
1404 1709 1504 1745 varia
1524 1712 1579 1746 est
1602 1708 1678 1746 lec-

166 1767 231 1812 tio,
266 1771 301 1804 et
340 1771 424 1805 sunt
451 1768 513 1818 qui
541 1769 679 1818 legant,
706 1772 938 1819 triumphans
966 1772 1045 1808 illos
1071 1785 1140 1820 per
1166 1774 1409 1820 semetipsum,
1435 1772 1677 1823 quemadmo-

169 1831 253 1868 dum
281 1832 394 1869 latina
423 1833 531 1869 lectio
559 1834 694 1883 passim
724 1834 854 1879 habet;
885 1839 970 1872 sunt
990 1834 1088 1879 item,
1103 1836 1167 1886 qui
1186 1835 1324 1885 legant,
1343 1839 1576 1886 triumphans
1597 1839 1678 1875 illos

163 1910 234 1943 per
260 1898 388 1944 ipsam,
416 1901 454 1933 ut
481 1897 656 1948 triumphi
683 1898 808 1946 au-(H
831 1899 1050 1946 viiib)t0rem
1078 1900 1219 1938 faciant
1245 1901 1390 1938 Patrem
1418 1901 1549 1947 Deum,
1570 1901 1678 1939 Chri-

170 1964 263 1995 stum
293 1972 377 1996 vero
406 1973 482 1996 esse
509 1961 719 2004 ostendant,
745 1975 809 2013 per
829 1976 936 2013 quem
956 1964 1064 2001 Pater
1083 1964 1183 2002 Deus
1202 1965 1479 2016 triumphasset.
1508 1965 1678 2004 Varietas

170 2035 277 2071 porro
314 2023 422 2060 huius
450 2025 545 2074 apud
576 2025 737 2063 Graecos
764 2026 935 2064 lectionis
961 2040 1039 2065 non
1065 2029 1231 2066 nascitur
1257 2043 1276 2067 e
1305 2030 1480 2068 dictionis
1506 2034 1569 2068 aut
1594 2030 1678 2069 lite-

170 2098 229 2122 rae
264 2087 371 2124 ullius
407 2088 621 2134 mutatione,
657 2089 719 2126 sed
747 2103 790 2127 ex
818 2095 991 2129 accentus
1019 2091 1201 2130 duntaxat
1228 2094 1359 2140 forma,
1387 2094 1474 2132 dum
1501 2095 1566 2132 alii
1591 2107 1678 2146 pro-

172 2162 302 2186 nomen
339 2151 526 2188 relativum
556 2152 712 2203 (ipsum)
739 2154 865 2192 addito
893 2155 1054 2206 aspirato
1083 2161 1251 2203 accentu,
1277 2158 1341 2196 alii
1368 2172 1454 2196 vero
1481 2159 1585 2197 tenui
1611 2159 1678 2197 ad-

173 2212 247 2248 dito
276 2213 422 2261 legunt;
453 2215 482 2251 si
510 2216 605 2253 enim
636 2229 719 2254 cum
746 2218 970 2268 aspiratione
998 2219 1141 2269 legatur
1169 2224 1208 2262 ἐν
1236 2226 1355 2275 αὐτῷ,
1381 2226 1460 2260 tum
1488 2227 1585 2261 reete
1611 2223 1678 2261 ha-

174 2275 232 2311 bet
261 2276 392 2313 Latina
420 2279 548 2316 lectio:
576 2282 614 2316 in
640 2284 842 2330 semetipso,
868 2283 925 2320 vel
946 2298 1018 2332 per
1045 2288 1298 2335 semetipsmm
1327 2287 1403 2329 sed,
1430 2287 1461 2325 si
1481 2288 1560 2325 sine
1578 2288 1679 2338 aspi-

172 2339 313 2376 ratione
340 2342 480 2389 lcgatur
508 2343 547 2383 ἐν
577 2347 694 2397 αὐτῷ,
720 2349 797 2383 tum
826 2359 913 2385 sane
939 2347 1095 2386 Latinus
1122 2350 1302 2401 interpres
1329 2364 1406 2389 non
1433 2355 1531 2389 recte
1558 2353 1680 2399 vertit,

174 2402 209 2439 in
240 2405 443 2455 semetipse,
470 2408 521 2443 vel
550 2422 614 2458 per
641 2411 885 2460 semetipsum,
913 2412 976 2449 sed
1004 2414 1220 2464 simpliciter
1237 2415 1432 2464 legendum
1454 2420 1528 2454 est:
1548 2419 1678 2454 trium-

168 2468 291 2513 phans
329 2471 407 2505 illos
442 2472 474 2505 in
511 2474 588 2518 ipso
627 2475 679 2509 rel
708 2488 781 2522 per
816 2477 947 2523 ipsum,
975 2481 1014 2514 ut
1041 2478 1088 2515 sit
1118 2491 1261 2526 sensus,
1287 2480 1431 2517 Patrem
1460 2479 1591 2525 Deum,
1620 2482 1679 2519 cui

172 2536 320 2581 accepta
360 2534 484 2570 referri
523 2540 665 2585 oportet
702 2539 838 2584 omnia,
866 2540 1111 2591 triumphasse
1137 2543 1370 2594 principatus
1396 2556 1439 2581 ac
1466 2548 1679 2594 potestates,

175 2595 235 2631 sed
264 2609 326 2645 per
353 2597 480 2641 filiuni,
506 2611 568 2648 per
596 2613 701 2650 quem
730 2602 865 2648 omnia,
890 2603 1001 2654 idque
1028 2606 1065 2643 in
1094 2612 1251 2645 mortem
1276 2620 1344 2658 pro
1364 2608 1474 2646 nobis
1490 2608 1680 2656 traditum,

177 2659 276 2695 cuius
313 2660 441 2697 merito
478 2661 513 2698 et
550 2665 685 2712 peceati
722 2667 839 2703 nostri
877 2668 1161 2720 chirographum
1197 2671 1237 2709 in
1265 2684 1371 2709 eruce
1397 2671 1578 2710 abolitum
1604 2672 1677 2711 iam

177 2727 282 2767 esset,
318 2723 354 2759 et
391 2726 555 2775 captivae
591 2728 688 2764 velut
722 2729 760 2766 in
794 2731 1021 2782 triumphum
1059 2739 1163 2772 actae
1198 2747 1326 2773 omnes
1358 2736 1489 2774 mortis
1516 2749 1559 2774 ae
1586 2749 1677 2775 eon-

177 2785 422 2825 dcmnationis
459 2793 605 2827 nostrae
639 2795 835 2839 potestates
871 2799 906 2832 et
941 2797 1185 2848 Principatus.
1239 2799 1320 2837 Iam
1347 2812 1429 2838 cum
1456 2800 1680 2851 aspirati6ne
