1818 3178
1585 108 1657 148 285

135 225 257 264 verbis
283 224 387 269 meis,
414 236 507 275 quae
535 236 622 262 sane
649 222 687 261 in
716 223 865 274 scriptis
894 222 984 260 meis
1012 220 1196 260 eiusmodi
1224 233 1408 272 nusquam
1435 220 1538 269 legit.
1575 220 1658 257 Imo

136 305 223 329 vero
260 291 399 342 scripta
433 303 513 328 mea
549 289 843 328 luculentissime
869 292 1067 335 testantur,
1093 301 1152 326 me
1177 289 1217 326 in
1246 288 1390 325 Coenae
1418 287 1538 325 verbis
1567 286 1662 324 nihil

138 354 291 392 omnino
330 352 538 391 desiderare
573 366 692 404 neque
726 353 820 390 lucis
866 365 986 403 neque
1021 351 1185 390 veritatis
1221 364 1340 402 neque
1376 349 1597 395 autoritatis,
1632 349 1664 386 si

132 419 240 456 iuxta
275 417 492 455 familiarem
533 418 736 468 scripturae
770 418 809 454 in
838 416 1133 454 Sacramentario
1161 419 1380 465 argumento
1408 427 1529 460 usum,
1556 427 1664 465 quem

138 489 174 521 et
202 490 341 520 veteres
369 482 511 532 alioqui
540 495 667 519 omnes
695 485 782 519 sunt
810 481 968 531 sequuti,
987 484 1232 530 exponantur.
1263 480 1451 517 Nimirum
1472 479 1524 525 sic
1543 479 1606 516 lux
1626 478 1665 516 in

139 547 221 584 luce
254 546 445 596 quaeritur
481 550 516 583 ct
552 545 708 591 videtur,
744 544 1057 595 quemadmodum
1093 544 1243 581 Profeta
1281 544 1399 588 docet,
1436 547 1471 580 et
1498 543 1665 592 exemplo

139 609 356 648 tentationis
394 609 612 646 Dominicae
650 609 836 654 docemur,
867 607 1101 644 Diabolicum
1129 621 1218 653 essc,
1246 608 1358 645 unius
1387 608 1567 645 duntaxat
1594 606 1668 643 loci

141 673 251 712 verba
289 674 334 711 ad
371 673 623 711 inducendam
661 686 797 710 novam
834 673 994 722 aliquam
1023 672 1230 709 doctrinam
1259 671 1498 722 pertinaciter
1526 682 1669 719 urgere,

142 744 270 776 contra
309 751 393 776 vero
425 738 667 776 certissimam
697 750 775 774 esse
803 736 994 773 doctrinae
1021 736 1226 780 veritatem,
1253 749 1348 786 quae
1374 736 1539 784 legitima
1565 736 1670 772 loco-

140 816 222 840 rum
255 803 456 840 collatione
494 802 532 840 in
572 801 766 852 scripturis
803 800 1043 851 approbatur.
1097 800 1186 837 Non
1214 800 1329 849 igitur
1357 801 1529 838 tenebrae
1557 800 1669 837 verbo

143 868 212 906 Dei
246 869 366 906 lucem
406 868 570 905 inferunt
608 867 726 917 tropis
755 866 842 911 suis,
869 878 888 902 e
914 866 1084 902 locorum
1112 865 1310 902 collatione
1336 865 1375 903 in
1403 865 1532 903 eodem
1559 878 1671 914 argu-

142 937 268 970 mento
303 932 508 984 productis,
542 936 585 969 ut
621 931 682 969 hic
715 934 877 980 nugatur
914 929 1164 980 Westphalus‚
1201 930 1264 967 sed
1291 931 1410 968 lucem
1438 930 1562 980 potius
1589 943 1672 980 per·

145 997 452 1048 spicuitatemque
491 996 691 1034 verborum
730 995 871 1033 Christi
907 999 942 1032 et
968 998 1087 1032 totam
1115 995 1206 1031 adeo
1237 1007 1384 1031 causam
1413 996 1672 1032 Sacramenta·

143 1062 237 1100 riam
272 1062 447 1099 obseurat
485 1065 595 1111 atque
630 1060 790 1098 involvit
825 1058 1065 1109 Westphalus
1104 1071 1185 1095 cum
1224 1058 1300 1095 suis
1336 1058 1567 1109 (etquidem
1596 1071 1672 1095 non

145 1140 221 1165 non
259 1127 338 1164 sine
375 1125 517 1164 Christi
558 1125 709 1163 Domini
738 1124 981 1171 contumelia)
1010 1122 1116 1161 novis
1144 1123 1367 1174 quibusdam
1395 1123 1674 1174 interpretatio-

145 1205 236 1230 num
274 1205 422 1229 suarum
451 1191 653 1239 figmentis,
681 1203 867 1240 nusquam
896 1202 984 1226 sane
1011 1188 1048 1225 in
1078 1188 1149 1225 hoc
1175 1192 1395 1238 argumento
1423 1189 1611 1239 usurpatis
1639 1192 1674 1226 ct

145 1269 290 1307 pugnas
317 1255 458 1306 alioqui
483 1255 523 1292 in
553 1254 755 1305 Scripturis
785 1253 1007 1299 serentibus,
1034 1253 1080 1290 ad
1109 1253 1200 1291 haec
1227 1258 1262 1290 et
1290 1267 1310 1290 a
1336 1253 1471 1304 prioris
1490 1252 1677 1292 Ecclesiae

146 1321 365 1359 doctoribus
395 1320 641 1358 dissentaneis
669 1323 705 1357 et
732 1333 752 1357 a
780 1318 867 1356 fidei
896 1318 1082 1368 Analogia
1109 1331 1262 1369 prorsus
1289 1317 1433 1357 alienis.

1290 1382 1425 1421 Ioan.
1452 1381 1475 1420 a
1504 1382 1676 1422 Laseo.

657 1450 717 1487 13.
1326 1447 1410 1484 Imo
1439 1460 1524 1484 vero
1554 1447 1678 1485 West-

517 1512 852 1564 WestphaluS.
1266 1512 1412 1563 phalas,
1457 1513 1543 1564 quia
1585 1513 1681 1551 nihil

199 1579 375 1617 Fortasse
403 1579 441 1615 in
469 1591 542 1615 uno
570 1579 630 1616 illo
659 1579 805 1627 reponit
831 1578 1036 1622 victoriam,
1062 1583 1101 1614 ut
1130 1576 1215 1614 Cal·
1269 1577 1380 1615 habet
1415 1577 1514 1628 quod
1541 1578 1581 1615 in
1609 1590 1678 1616 nos

146 1645 264 1690 vinus,
293 1645 418 1691 frater
445 1644 534 1688 eius,
559 1644 660 1689 fecit.
715 1643 818 1680 Adeo
857 1641 943 1690 (fol.
972 1643 1038 1689 24)
1074 1644 1215 1691 respuit
1267 1642 1362 1679 serio
1382 1644 1500 1693 possit
1519 1642 1681 1681 scribere

150 1707 334 1744 hominum
370 1707 629 1744 authoritatem
667 1713 700 1744 et
739 1707 854 1743 solius
889 1707 1099 1755 scripturae
1134 1712 1207 1744 stat
1258 1709 1294 1743 et
1350 1709 1470 1744 tacere
1525 1707 1677 1745 *interim

148 1771 381 1808 authoritate.
1261 1782 1339 1807 non
1356 1770 1432 1808 vult
1451 1771 1491 1808 in
1512 1769 1676 1822 Erinnys

151 1847 238 1871 suae
281 1833 441 1883 gratiam
495 1832 704 1882 nugacibus
758 1832 971 1870 istiusmodi
1016 1832 1144 1871 sannis
1200 1833 1353 1871 miseras
1399 1847 1483 1872 suas
1530 1835 1676 1874 chartas

149 1898 297 1950 explere
343 1898 505 1948 cogitur.
577 1899 701 1949 Atque
764 1898 809 1935 de
845 1897 891 1936 D.
939 1898 1095 1936 Calvino
1142 1911 1207 1936 suo
1253 1898 1337 1936 loco
1381 1903 1522 1950 postea,
1567 1913 1677 1950 quem

151 1974 240 1998 sane
275 1974 351 1999 non
389 1962 511 1999 solum
545 1974 613 2011 pro
651 1962 765 1998 fratre
801 1974 963 2010 agnosco
1001 1962 1119 1999 multo
1157 1962 1413 2009 libentissime,
1450 1964 1512 2001 sed
1540 1963 1585 2001 dc
1611 1965 1676 2001 illo

152 2025 245 2063 mihi
281 2026 391 2063 etiam
422 2025 565 2076 totique
592 2025 684 2062 adeo
713 2025 853 2062 Christi
879 2025 1069 2063 Ecclesiae
1096 2026 1274 2076 majorem
1302 2026 1339 2063 in
1367 2027 1519 2064 modum
1547 2033 1677 2076 gratu-

151 2091 221 2129 lor.
275 2090 388 2128 Nunc
422 2089 716 2140 Westphalicum
753 2102 908 2127 acumen
945 2090 1169 2128 intueamur.
1222 2089 1331 2127 Unus
1367 2090 1459 2128 mihi
1486 2090 1679 2142 Philippus

151 2154 285 2204 placet,
322 2153 353 2190 si
393 2152 607 2204 Westphalo
646 2153 842 2200 credimus,
879 2153 965 2204 quia
1001 2154 1040 2191 in
1078 2166 1152 2191 uno
1189 2153 1255 2190 illo
1285 2167 1386 2204 spem
1415 2154 1592 2192 victoriae
1619 2169 1678 2193 re-

153 2232 267 2270 pono,
320 2218 434 2256 Unde
478 2231 563 2256 vero
599 2218 744 2267 colligit
780 2222 974 2267 argutator
1009 2218 1090 2264 iste,
1131 2231 1190 2255 me
1226 2218 1264 2255 in
1303 2218 1474 2269 Philippo
1502 2232 1680 2270 reponere

155 2296 257 2334 spem
285 2283 489 2321 victoriae?
543 2283 749 2321 Prudenter
776 2283 890 2332 igitur
918 2282 1022 2320 addit
1049 2295 1177 2320 vocem
1205 2282 1413 2320 dubitantis
1445 2285 1680 2328 afortasse'',

155 2362 202 2388 ne
236 2347 503 2399 Propheticum
539 2360 646 2385 suum
683 2348 856 2398 spiritum
882 2361 946 2398 per
974 2351 1111 2385 certam
1138 2348 1446 2385 asseverationem
1475 2349 1682 2399 impudenti

156 2428 200 2453 ac
224 2414 423 2452 manifesto
450 2412 646 2451 mendacio
674 2413 841 2451 infamet.
876 2413 956 2462 Ego
986 2413 1096 2456 enim,
1123 2412 1193 2450 etsi
1220 2412 1266 2451 D.
1296 2413 1508 2464 Philippum
1535 2427 1576 2452 ex
1599 2415 1681 2452 ani-

157 2492 218 2518 mo
255 2491 411 2517 veneror
447 2482 484 2515 et
519 2477 658 2526 magni,
694 2484 734 2514 ut
772 2477 900 2523 debeo,
937 2477 1046 2521 facio,
1080 2480 1228 2514 tantum
1263 2477 1368 2514 abest
1404 2483 1539 2522 tamen,
1574 2479 1682 2516 utin

156 2543 234 2580 ullo
268 2555 434 2593 unquam
471 2554 572 2592 spem
602 2540 777 2578 victoriae
803 2541 916 2578 ullam
943 2540 982 2577 in
1012 2541 1305 2579 Sacramentaria
1334 2541 1403 2579 hac
1431 2543 1683 2580 controversia

158 2606 388 2658 reposuerim
415 2605 581 2650 omnino,
609 2611 672 2642 aut
699 2605 903 2642 etiamnum
930 2617 1119 2655 reponam,
1146 2608 1187 2642 ut
1215 2618 1261 2643 ne
1290 2606 1496 2656 Apologiae
1523 2606 1683 2657 quidem,

158 2673 297 2711 nedum
330 2673 418 2710 ullis
454 2672 535 2709 aliis
573 2671 687 2722 ipsius
724 2671 883 2722 scriptis,
920 2671 1093 2708 standum
1121 2684 1212 2716 esse,
1238 2672 1275 2709 in
1304 2672 1530 2721 Purgatione
1556 2677 1685 2710 nostra

161 2738 296 2775 diserte
322 2738 512 2788 profitear,
539 2735 683 2773 etiamsi
711 2736 912 2773 Caesareae
942 2734 1130 2784 Majestati
1155 2735 1304 2786 publice
1332 2735 1456 2773 oblata
1485 2741 1591 2782 esset,
1612 2736 1685 2773 nisi

162 2806 262 2840 certo
300 2805 499 2848 constaret,
532 2814 610 2839 esse
648 2806 934 2839 consentaneam
974 2799 1136 2850 primum
1171 2800 1283 2838 verbo
1320 2800 1400 2846 Dei,
1437 2800 1570 2838 deinde
1598 2814 1682 2839 vero

159 2867 232 2919 ipsi
276 2867 386 2906 etiam
433 2868 676 2916 Augustanac
721 2864 974 2912 confessioni,
1009 2865 1159 2916 publico
1197 2865 1337 2916 alioqui
1372 2865 1484 2903 totius
1532 2865 1686 2918 Imperii
