1818 3178
204 73 278 110 552
853 79 914 106 ΕΡ.
941 77 1088 107 Doc'rn.

203 195 249 220 ne
286 181 407 219 dicam
442 180 705 230 impugnatum
740 191 820 217 esse
846 192 867 216 a
894 178 1059 216 Domino
1087 179 1171 230 ipso
1201 179 1380 220 videmus,
1434 179 1632 218 Decertent
1657 194 1726 232 pro

203 247 287 284 istis
314 246 379 296 qui
408 244 547 289 volent,
576 255 644 281 nos
672 243 711 280 id
739 243 861 281 solum
888 242 1070 280 Ecclesiis
1099 243 1238 280 nostris
1265 245 1458 289 tradimus,
1485 244 1582 295 quod
1603 257 1648 283 ex
1665 258 1729 284 ore

206 308 362 347 Domini
396 308 586 353 habemus,
614 310 650 345 et
678 306 725 344 ad
754 306 955 344 salutarem
984 307 1107 344 carnis
1135 320 1222 344 suae
1248 309 1573 347 manducationem
1599 322 1727 347 neces·

206 373 344 412 sarium
380 385 458 410 esse
495 371 645 409 scimus.
700 370 779 409 Qui
812 369 854 408 in
891 383 1027 408 coenae
1064 371 1245 421 symbolis
1282 383 1415 423 corpus
1442 377 1477 412 et
1505 373 1728 423 sanguinem

207 437 348 476 Christi
392 437 540 475 realiter
583 440 625 473 ut
670 439 806 472 vocant
852 435 1036 473 contineri
1073 435 1209 473 docent
1245 439 1357 486 atque
1392 437 1729 483 etiamdistribui,

206 503 245 540 hi
272 507 308 540 et
336 514 544 553 pronomen
571 499 906 537 demonstrativum
936 504 1056 540 τοῦτο
1086 503 1120 537 et
1147 500 1318 549 corporis
1342 512 1476 538 nomen
1497 501 1730 540 substantive

205 566 324 618 accipi
352 567 482 604 volunt
509 578 577 617 pro
606 564 714 616 panis
741 568 776 602 et
805 563 971 615 corporis
999 563 1222 610 substantia,
1248 568 1285 602 et
1310 563 1350 602 in
1376 564 1528 615 paulina
1553 566 1640 604 item
1668 566 1729 604 in-

204 629 469 680 terpretatione
505 627 782 666 communionem
818 626 939 663 active
973 639 1041 677 pro
1069 626 1340 664 distribubione
1367 627 1622 677 exponendam
1649 641 1730 666 esse

204 697 350 742 putant.
389 692 461 730 Sed
490 692 628 729 Paulus
657 690 793 728 diserte
822 690 930 728 docet
957 702 1166 744 pronomen
1194 692 1281 739 (50)
1311 695 1429 732 τοῦτο
1460 703 1536 728 non
1564 691 1611 728 ad
1638 692 1729 729 sub·

205 758 382 795 stantiam
420 756 483 795 sed
519 756 566 793 ad
603 755 827 793 fractionem
861 754 982 806 panis,
1020 754 1055 792 h.
1085 768 1131 798 e..
1158 755 1204 792 ad
1231 755 1352 805 ipsam
1381 767 1516 793 coenae
1545 755 1729 793 actionem

203 821 333 859 referri
367 821 493 872 potius
532 824 716 871 oportere,
744 832 821 857 non
850 819 948 856 enim
978 818 1091 856 alium
1120 831 1231 870 quam
1259 819 1420 856 fractum
1446 832 1593 870 panem,
1621 819 1656 857 h.
1684 832 1731 865 e.‚

203 887 242 924 in
279 886 404 924 cibum
442 885 517 922 iam
557 884 785 930 exhibitum,
822 888 932 921 vocat
968 883 1271 921 communionem
1309 884 1477 935 corporis
1516 884 1669 930 Christi,
1693 889 1731 923 et

201 950 360 989 eundem
397 951 560 987 fractum
594 962 729 1000 panem
765 961 853 986 mox
880 960 1047 985 mensam
1076 947 1230 985 Domini
1258 948 1432 999 appellat,
1459 952 1500 986 ut
1528 948 1636 986 facile
1663 963 1730 1000 ap-

201 1019 327 1066 pareat
354 1027 430 1052 non
459 1014 504 1051 de
532 1012 743 1050 substantia
772 1012 836 1050 sed
864 1011 909 1049 de
936 1012 1121 1049 fractione
1147 1011 1267 1062 panis,
1294 1012 1392 1057 h‚e.,
1420 1011 1465 1049 de
1485 1011 1566 1062 ipsa
1594 1025 1730 1051 coenae

203 1080 352 1117 actione
377 1079 577 1130 loquutum
605 1091 699 1120 esse,
735 1077 824 1114 dum
854 1076 976 1123 docet,
1003 1090 1136 1127 panem
1166 1090 1245 1114 esse
1274 1077 1440 1127 corporis
1469 1076 1608 1114 Christi
1628 1090 1730 1114 com-

202 1144 431 1182 munionem.
462 1142 642 1193 Corporis
670 1142 760 1179 item
789 1154 927 1179 nomen
956 1153 1033 1178 non
1061 1153 1130 1192 pro
1159 1140 1372 1178 substantia
1401 1141 1567 1192 corporis
1595 1141 1730 1192 accipit

199 1208 349 1251 Paulus,
377 1207 439 1244 sed
469 1219 536 1257 pro
566 1206 734 1257 corporis
764 1205 1042 1249 communione,
1072 1204 1107 1241 h.
1125 1218 1156 1242 e.
1176 1204 1476 1255 participatione,
1495 1205 1607 1256 idque
1624 1205 1730 1243 iuxta

198 1271 422 1309 sacramenti
457 1270 657 1315 rationem,
693 1269 730 1308 h.
760 1282 805 1313 e.‚
840 1282 908 1320 pro
938 1269 1215 1306 communionis
1244 1269 1523 1318 obsignatione,
1550 1269 1730 1320 quemad-

200 1336 348 1374 modum
387 1340 424 1374 et
460 1334 695 1372 circumcisio
733 1334 866 1372 foedus
894 1334 1042 1375 dicitur,
1071 1334 1279 1384 baptismus
1306 1338 1543 1385 peccatorum
1571 1334 1730 1380 ablutio,

197 1415 317 1452 agnus
352 1401 538 1452 paschalis
573 1401 729 1445 Phasae,
765 1412 848 1437 cum
885 1403 1010 1437 tamen
1047 1399 1196 1450 proprie
1232 1399 1307 1437 sint
1344 1402 1555 1450 σφραγῖδες
1593 1400 1727 1437 horum

199 1465 382 1504 omnium.
434 1465 516 1502 Iam
553 1468 590 1502 et
626 1463 842 1501 communio
880 1463 978 1514 apud
1007 1463 1162 1500 Paulum
1191 1462 1311 1500 active
1338 1463 1476 1514 exponi
1502 1476 1579 1501 non
1606 1468 1729 1514 potest

201 1543 269 1581 pro
297 1528 463 1580 corporis
493 1527 675 1566 dominici
703 1527 971 1564 distributione
999 1526 1076 1564 sive
1102 1526 1352 1577 porrectione,
1379 1540 1499 1578 neque
1526 1527 1624 1564 enim
1661 1527 1729 1564 do-

202 1598 259 1632 cet
294 1594 432 1632 Paulus
471 1592 730 1642 symbolorum
766 1591 806 1629 in
844 1603 959 1628 coena
995 1590 1233 1641 porrectione
1270 1590 1343 1627 hoc
1378 1590 1483 1636 effici,
1509 1595 1552 1628 ut
1580 1591 1727 1642 corpori

200 1659 340 1697 Christi
376 1662 458 1696 tum
491 1657 653 1708 primum
689 1655 969 1707 participemus,
1004 1655 1110 1706 quasi
1146 1668 1222 1692 non
1259 1660 1368 1693 antea
1404 1655 1571 1692 membra
1611 1655 1728 1706 ipsius

201 1724 413 1763 fuissemus.
442 1723 525 1760 Imo
553 1735 640 1760 vero
671 1721 780 1759 docet
807 1720 973 1771 corporis
999 1720 1139 1758 Christi
1159 1719 1462 1757 communionem
1480 1720 1670 1757 exstitisse
1688 1719 1729 1757 in

201 1788 315 1826 veteri
344 1787 513 1825 Ecclesia
540 1786 756 1837 priusquam
785 1785 897 1823 etiam
927 1785 1097 1822 Christus
1127 1784 1311 1822 Dominus
1341 1797 1489 1821 carnem
1520 1784 1633 1822 ullam
1662 1784 1729 1822 ha·

200 1853 316 1897 beret,
342 1856 378 1889 et
404 1864 576 1902 expresse
602 1850 720 1894 addit,
748 1863 816 1887 nos
842 1862 923 1887 esse
947 1849 1036 1893 iam,
1063 1861 1140 1886 non
1159 1853 1280 1886 autem
1301 1849 1398 1899 fleri
1418 1861 1552 1899 corpus
1572 1848 1727 1894 Christi,

201 1917 264 1968 qui
291 1916 508 1967 praesertim
537 1915 583 1952 de
609 1914 712 1952 illius
739 1927 834 1965 pane
861 1914 1141 1965 participamus.
1171 1913 1292 1952 Quid!
1322 1913 1423 1964 quod
1450 1914 1530 1964 ipsa
1557 1914 1664 1951 Pauli
1683 1928 1727 1952 eo

201 1983 284 2019 loco
322 1980 596 2030 argumentatio
633 1993 708 2016 non
736 1979 890 2030 patitur,
918 1983 957 2017 ut
986 1980 1288 2016 communionem
1324 1978 1443 2016 active
1470 1978 1548 2016 ullo
1577 1991 1728 2029 prorsus

201 2047 315 2084 modo
330 2058 571 2097 exponamus
602 2045 674 2082 Sed
696 2057 763 2082 nos
785 2044 846 2082 hic
864 2045 1077 2096 apologiam
1097 2057 1170 2094 non
1193 2043 1404 2089 scribimus,
1423 2048 1567 2081 tantum
1585 2047 1727 2092 (tamen

201 2112 241 2150 in
267 2124 312 2149 m.
342 2112 393 2158 ⁸.)
429 2113 579 2147 nostros
615 2109 857 2146 admonemus
883 2108 1027 2160 paucis,
1055 2108 1150 2145 nihil
1178 2108 1268 2145 effici
1296 2107 1366 2153 his,
1393 2121 1488 2158 quae
1515 2106 1561 2144 ad
1590 2110 1728 2145 confir-

201 2175 374 2214 mandam
394 2175 527 2212 realem
549 2187 630 2211 cum
652 2173 833 2224 symbolis
849 2173 888 2211 in
911 2174 1035 2211 Coena
1056 2173 1209 2210 Domini
1227 2173 1405 2211 unionem
1425 2186 1469 2211 ex
1491 2185 1625 2211 coenae
1645 2187 1728 2211 ver·

201 2239 259 2277 bis
288 2244 324 2278 et
352 2239 424 2276 hoc
449 2238 557 2276 Pauli
582 2239 666 2275 loco
685 2238 919 2276 adferuntur.
948 2238 1073 2287 Igitur
1093 2243 1136 2278 τῇ
1160 2240 1424 2288 σφραγιτικὸν
1446 2250 1582 2275 coenae
1605 2238 1726 2275 domi-

200 2305 305 2343 nicae
330 2308 386 2342 est
413 2309 542 2342 nostra
571 2316 653 2341 curn
683 2303 834 2341 Christo
863 2303 1027 2341 Domino
1055 2303 1094 2340 in
1123 2315 1278 2354 corpore
1306 2306 1340 2340 et
1370 2302 1551 2352 sanguine
1571 2316 1652 2349 suo,
1677 2303 1724 2341 ab

199 2370 281 2421 ipso
318 2381 435 2419 usque
461 2367 592 2405 mundi
618 2367 728 2405 initio
758 2367 869 2405 nobis
896 2380 961 2418 per
988 2367 1276 2418 promissionem
1305 2372 1491 2418 porrecto,
1518 2373 1724 2416 μετουσία.

200 2433 259 2472 Ab
289 2433 359 2470 hoc
387 2432 464 2470 fine
489 2431 699 2483 dependent
725 2444 853 2469 omnes
881 2431 946 2468 alii
972 2432 1065 2469 fines
1092 2431 1240 2482 aliaque
1267 2431 1442 2482 mysteria
1471 2444 1565 2481 quae
1584 2449 1724 2481 nuptu·

200 2503 338 2539 νετικιέ
367 2510 556 2537 vocamus,
582 2501 618 2534 et
645 2500 824 2548 petuntur
851 2496 909 2533 vel
937 2509 980 2533 ex
1000 2496 1046 2533 iis
1067 2509 1161 2546 quae
1179 2496 1259 2547 ipsa
1280 2496 1555 2534 communionis
1576 2499 1724 2533 nostrae

199 2576 282 2600 cum
313 2561 461 2599 Christo
489 2561 585 2598 ratio
613 2575 633 2598 a
661 2561 772 2599 nobis
799 2560 979 2611 exposcit,
1006 2561 1064 2598 vel
1092 2574 1110 2598 e
1139 2560 1397 2610 symbolorum
1423 2559 1626 2609 allegoriis,
1646 2572 1722 2598 non

199 2632 334 2665 temere
360 2626 502 2676 alioqui
529 2639 549 2664 a
586 2625 749 2663 Domino
786 2638 923 2663 coenae
948 2625 1021 2676 ipsi
1042 2625 1192 2664 add-itis.
1224 2625 1328 2664 Quid
1347 2629 1470 2663 autem
1487 2624 1721 2662 communio-

198 2693 257 2730 nis
292 2691 403 2729 huius
438 2695 588 2728 nostrae
623 2690 721 2728 ratio
757 2704 777 2727 a
813 2689 924 2727 nobis
959 2694 1146 2740 exposcat,
1183 2690 1221 2727 id
1259 2702 1328 2727 nos
1356 2694 1477 2727 totum
1503 2702 1578 2726 uno
1606 2689 1722 2728 verbo

197 2758 361 2795 Ioannes
397 2755 518 2799 docet,
545 2768 676 2806 nempe
711 2760 752 2792 ut
790 2755 982 2793 Christum
1011 2755 1229 2802 Dominum,
1259 2755 1318 2792 cui
1344 2754 1449 2792 insiti
1476 2766 1616 2799 sumus,
1642 2758 1721 2792 tota

199 2822 273 2860 vita
311 2824 452 2867 nostra,
488 2824 671 2871 quantum
707 2819 868 2858 maxime
905 2832 1119 2871 possumus,
1145 2819 1404 2870 exprimamus.
1460 2816 1537 2856 Qui
1565 2817 1655 2855 dicit
1683 2831 1721 2856 se
