1818 3178
160 123 232 158 160
510 131 560 156 nn
590 125 872 155 sACBAMENTIS
901 127 1116 154 110011131Αο
1143 128 1321 156 01101311.

157 231 273 282 ipsam
309 232 458 281 inquam
490 230 630 280 peccati
665 234 700 267 et
735 228 866 267 mortis
903 227 1128 274 servitutem,
1169 241 1244 266 non
1272 228 1420 279 quidem
1447 241 1468 265 a
1495 228 1605 265 nobis
1631 229 1669 266 in

157 295 233 333 vita
260 296 327 332 hac
356 298 479 332 nostra
506 293 637 330 tollere
664 293 817 331 omnino
846 294 940 339 (non
968 291 1067 328 enim
1095 292 1253 342 amplius
1282 293 1456 330 virtutem
1484 305 1588 330 suam
1615 292 1672 329 di·

157 361 280 397 vinam
314 359 352 395 in
389 364 513 395 nostra
547 357 761 395 infirmitate
795 355 1008 393 illustrandi
1045 355 1278 394 occasionem
1303 357 1418 394 ullam
1446 356 1670 404 habuisset),

158 423 218 460 scd
249 423 391 472 culpam
416 421 515 457 illius
540 434 685 458 omnem
714 420 844 458 merito
875 419 1040 470 corporis
1067 423 1103 457 et
1128 421 1324 469 sanguinis
1353 422 1410 459 sui
1435 421 1670 459 innocentis-

158 487 239 523 simi
272 487 311 523 in
347 485 472 523 eadem
505 485 586 536 ipsa
623 499 731 523 carne
767 488 894 523 nostra
940 484 1061 522 eluere
1105 485 1325 536 expiareque
1361 490 1508 536 posset:
1547 491 1672 536 posset

155 552 253 596 item,
280 550 423 600 expiata
450 549 496 586 ad
524 549 624 587 hunc
651 549 801 587 modum
831 549 937 599 culpa
964 548 1066 585 omni
1091 549 1262 599 propriae
1290 554 1440 589 nostrae
1467 551 1672 601 qualitatis,

155 627 233 652 eam
278 627 359 651 vere
395 613 540 650 demum
577 618 771 662 contegere
805 613 845 650 in
891 613 1006 663 patris
1042 612 1099 649 sui
1136 613 1305 651 coelestis
1341 613 1480 652 iudicio
1520 615 1669 665 propria

157 678 318 728 corporis
363 680 398 715 et
442 678 635 726 sanguinis
680 678 737 715 sui
780 677 978 728 qualitate,
1025 689 1155 726 nempe
1198 676 1415 715 innocentia
1457 678 1599 717 iustitia
1635 683 1671 717 et

155 743 359 788 sanctitate,
393 743 433 780 in
468 756 540 793 qua
576 756 693 793 neque
719 743 799 793 ipsa
826 743 935 779 etiam
963 741 1056 790 legis
1085 741 1231 779 divinae
1260 743 1434 780 severitas
1462 743 1671 782 desiderare

154 808 228 844 ullo
256 806 366 843 modo
393 806 533 856 aliquid
559 807 712 844 omnino
741 810 862 857 queat,
890 806 1011 844 delata
1037 805 1148 843 nobis
1175 807 1340 855 gratuito
1370 807 1480 857 plena
1506 808 1607 845 illius
1635 813 1670 846 et

154 871 304 908 salutari
332 870 664 917 communione,—
681 875 718 908 ut
744 871 893 921 inquam
924 870 1014 907 haec
1043 870 1168 908 omnia
1195 871 1294 908 filius
1317 870 1398 917 Dei,
1425 883 1502 908 nou
1531 872 1669 909 violato

154 934 302 971 interim
329 939 497 972 aeternae
523 934 639 985 patris
665 935 720 972 sui
747 934 913 971 iustitiae
942 934 1102 980 decreto,
1134 934 1294 972 fideliter
1319 940 1507 985 praestare
1533 940 1671 986 posset,

153 1003 391 1049 posteaquam
426 999 500 1036 vita
535 998 656 1036 adhuc
688 1002 837 1036 aeterna
873 999 912 1035 in
949 998 1030 1049 ipso
1068 999 1114 1036 ad
1147 1012 1230 1043 nos,
1266 1000 1377 1037 etiam
1415 1004 1498 1050 post
1524 1000 1669 1051 lapsum

154 1064 432 1114 progenitorum
469 1067 701 1109 nostrorum,
738 1064 843 1101 iuxta
876 1067 1062 1101 aeternam
1098 1063 1170 1101 Dei
1203 1064 1476 1114 providentiam
1509 1066 1669 1115 pertine-

155 1127 239 1169 bat,
276 1127 519 1166 substantiam
553 1128 631 1178 ipse
665 1127 847 1165 duntaxat
875 1128 997 1165 carnis
1026 1132 1173 1166 nostrae
1201 1142 1221 1166 a
1250 1129 1359 1166 nobis
1387 1142 1432 1167 ex
1458 1133 1577 1168 matre
1604 1143 1670 1167 sua

155 1191 296 1240 virgine
331 1192 369 1228 in
405 1205 470 1229 sua
507 1192 701 1229 nobiscum
738 1192 1000 1229 communione
1043 1193 1204 1242 accepit;
1249 1193 1360 1230 nobis
1397 1206 1483 1230 vero
1521 1193 1566 1231 de
1603 1206 1669 1231 suo

154 1256 314 1293 vicissim
351 1256 397 1293 ad
431 1256 582 1294 eandem
611 1257 726 1307 ipsam
769 1257 1069 1294 communionem
1099 1257 1232 1294 detulit
1259 1258 1449 1308 propriam
1477 1257 1550 1295 sibi
1577 1259 1670 1295 alio-

154 1319 217 1369 qui
254 1320 323 1356 3011
360 1320 522 1370 001Ρο113
558 1324 593 1358 et
629 1321 820 1369 sanguinis
855 1321 913 1358 sui
949 1321 1032 1369 (fol.
1064 1322 1145 1368 54²¹)
1182 1321 1412 1372 qualitatem,
1450 1321 1503 1358 310
1537 1324 1580 1358 ut
1606 1335 1672 1372 per

156 1384 251 1421 hanc
286 1389 449 1422 nostram
487 1398 569 1422 cum
604 1385 685 1436 ipso
721 1386 760 1423 in
797 1386 973 1436 qualitate
1003 1386 1167 1436 corporis
1195 1390 1230 1423 et
1260 1385 1454 1435 sanguinis
1482 1386 1540 1423 sui
1568 1399 1670 1423 com-

153 1449 366 1485 munionem
393 1453 468 1486 tam
495 1448 711 1487 innocentes
738 1449 828 1487 iusti
855 1453 890 1487 et
919 1450 1039 1487 sancti
1065 1462 1144 1487 esse
1170 1440 1386 1487 censeamur
1409 1450 1449 1487 in
1470 1454 1671 1500 conspectu

153 1513 272 1550 Patris
318 1512 399 1559 Dei,
444 1527 554 1564 quam
597 1514 753 1565 ipsemet
800 1514 970 1552 Christus
1015 1513 1199 1552 Dominus
1243 1515 1425 1553 innocens
1469 1514 1588 1552 iustus
1635 1519 1670 1552 et

154 1584 301 1615 sanctus
328 1578 367 1614 in
396 1591 503 1616 carne
532 1583 658 1616 nostra
686 1579 782 1630 apud
811 1579 959 1617 Patrem
988 1592 1093 1616 suum
1120 1579 1288 1624 habetur,
1316 1579 1460 1616 etiamsi
1486 1593 1555 1617 nos
1582 1593 1669 1630 pro-

152 1642 269 1691 priam
297 1642 417 1679 adhuc
444 1643 545 1680 illam
574 1644 695 1680 carnis
724 1648 874 1681 nostrae
901 1644 1129 1694 qualitatem,
1157 1644 1300 1694 peccati
1327 1644 1481 1694 inquam
1509 1647 1545 1681 et
1568 1657 1669 1681 mor-

152 1707 198 1743 tis
226 1707 452 1751 servitutem,
477 1708 517 1745 in
546 1709 654 1745 nobis
681 1708 906 1755 haerentem,
934 1710 1020 1746 dum
1049 1709 1109 1746 hic
1139 1709 1310 1753 vivimus,
1338 1709 1551 1748 habeamus.

205 1771 298 1809 Inde
337 1785 421 1810 vero
447 1772 521 1809 iam
549 1773 656 1810 facile
684 1777 719 1810 et
745 1774 935 1824 perspicue
964 1774 1141 1823 cognosci
1168 1774 1399 1825 perspicique
1425 1787 1534 1825 posse
1560 1778 1669 1824 puta-

153 1848 235 1872 mus
271 1835 307 1872 et
341 1839 463 1886 partes
489 1836 587 1887 ipsas
615 1836 650 1874 et
677 1841 795 1875 totam
822 1837 913 1875 adeo
943 1838 1125 1875 rationem
1153 1838 1284 1886 (verbo
1312 1838 1423 1875 nobis
1450 1837 1576 1875 divino
1603 1852 1669 1889 pa-

151 1901 342 1947 tefactam)
369 1901 445 1937 eius
474 1902 758 1947 communionis,
784 1915 876 1952 quae
904 1906 958 1940 est
983 1903 1081 1940 inter
1107 1915 1176 1940 nos
1202 1906 1238 1940 et
1258 1902 1448 1940 Christum
1467 1902 1670 1940 Dominum

152 1965 191 2002 in
226 1977 376 2015 corpore
409 1968 444 2002 et
481 1965 660 2014 sanguine
685 1966 815 2016 ipsius,
849 1980 979 2018 nempe
1005 1971 1045 2005 ut
1072 1967 1177 2005 iuxta
1204 1968 1386 2005 naturalis
1415 1968 1473 2005 sui
1502 1967 1668 2018 corporis

154 2033 190 2066 et
226 2029 417 2078 sanguinis
452 2030 710 2075 substantiam,
746 2044 858 2081 quam
884 2031 947 2069 ille
975 2045 1049 2069 non
1079 2031 1251 2082 equidem
1280 2032 1324 2070 de
1351 2045 1418 2069 suo
1448 2032 1557 2070 nobis
1586 2045 1669 2069 cor-

154 2105 241 2141 pore
276 2092 322 2129 ad
356 2106 435 2130 eam
473 2094 770 2131 communionem
806 2096 976 2140 contulit,
1013 2096 1075 2133 sed
1118 2109 1138 2133 a
1175 2096 1285 2134 nobis
1321 2096 1444 2147 potius
1481 2109 1525 2134 ex
1552 2100 1670 2134 matre

156 2168 218 2192 sua
255 2156 396 2205 virgine
429 2158 626 2207 purissima
661 2159 824 2209 accepit,
859 2159 937 2209 ipse
982 2160 1028 2197 sit
1066 2172 1149 2197 caro
1188 2173 1231 2198 ex
1272 2173 1381 2198 carne
1417 2164 1545 2198 nostra
1583 2174 1669 2198 san-

154 2220 309 2269 guisque
343 2233 361 2257 0
398 2225 525 2258 nostro
562 2223 742 2271 sanguine
777 2227 812 2260 et
839 2236 879 2260 os
907 2236 952 2260 ex
980 2224 1128 2261 ossibus
1157 2224 1295 2262 nostris
1321 2238 1386 2275 per
1414 2237 1518 2262 suam
1545 2224 1669 2262 incar-

155 2283 355 2323 nationem.
408 2285 517 2322 quta
555 2299 639 2324 vero
669 2287 839 2324 collatam
867 2287 905 2324 in
934 2301 1002 2326 nos
1029 2288 1192 2338 gratuito
1222 2289 1388 2339 corporis
1415 2292 1450 2326 et
1479 2288 1669 2337 sanguinis

157 2347 226 2393 sui,
259 2348 347 2385 alias
385 2349 454 2386 soli
482 2350 536 2386 illi
563 2352 764 2401 propriam,
800 2352 1038 2401 qualitatem,
1064 2366 1133 2390 nos
1162 2353 1328 2391 vicissim
1355 2352 1469 2390 simus
1497 2352 1669 2390 hauddu-

156 2411 227 2456 bie,
253 2412 370 2459 gratia
398 2413 442 2450 sit
471 2414 553 2460 (fol.
583 2416 667 2463 541³)
696 2415 808 2461 Deo!‚
836 2429 920 2453 caro
949 2430 993 2455 ex
1022 2431 1143 2462 carne,
1172 2418 1325 2467 sanguis
1352 2419 1405 2455 ex*
1425 2417 1605 2467 sanguine
1633 2422 1668 2455 et

157 2487 239 2512 ossa
276 2487 319 2511 ex
356 2476 501 2513 ossibus
534 2477 667 2528 ipsius,
703 2479 915 2530 quicunque
951 2482 1203 2520 membrorum
1239 2481 1297 2519 ius
1337 2481 1487 2532 aliquod
1523 2481 1562 2518 in
1589 2481 1667 2519 eius

156 2538 323 2576 Ecclesia
350 2538 544 2587 habemus3
582 2546 619 2579 ut
656 2556 773 2594 neque
809 2557 876 2582 nos
912 2545 985 2582 iam
1024 2546 1096 2583 nisi
1132 2546 1242 2584 simul
1279 2559 1362 2583 cum
1388 2546 1470 2597 ipso
1500 2546 1668 2584 damnari

156 2603 362 2653 possimus,
397 2616 513 2653 neque
548 2605 624 2654 ipse
661 2607 732 2644 nisi
771 2608 880 2646 simul
916 2610 988 2647 iam
1017 2611 1214 2649 nobiscum
1242 2610 1352 2648 etiam
1381 2624 1535 2660 regnare
1563 2610 1668 2648 dein-

158 2679 254 2717 ceps,
291 2666 337 2703 ad
373 2665 611 2717 dextramque
647 2670 765 2707 Patris
803 2672 859 2709 sui
896 2673 934 2710 in
973 2675 1122 2712 coelesti
1155 2675 1274 2724 gloria
1312 2675 1505 2713 considere
1529 2675 1648 2726 possit
1660 2691 1670 2721 3

156 2743 266 2780 quam
302 2729 469 2780 equidem
507 2732 798 2772 consolationem
831 2735 867 2773 in
907 2743 1033 2775 nostra
1061 2738 1273 2776 istiusmodi
1300 2752 1382 2776 cum
1413 2739 1560 2776 Christo
1589 2738 1669 2776 Do-

155 2794 256 2831 mino
303 2793 563 2831 communione
608 2808 724 2845 neque
769 2799 894 2845 Satan,
930 2814 1048 2851 neque
1080 2803 1255 2848 mundus,
1290 2816 1410 2853 neque
1451 2815 1552 2840 mors
1588 2803 1667 2852 ipsa

155 2857 293 2907 eripere
328 2856 436 2894 nobis
472 2857 548 2894 ullo
582 2858 691 2895 modo
719 2865 858 2910 potest3
893 2867 929 2900 et
964 2865 1029 2914 qui
1060 2865 1163 2902 illam
1191 2867 1229 2904 in
1258 2867 1368 2904 corde
1396 2879 1462 2904 suo
1491 2866 1670 2911 sentiunt,

157 2921 201 2959 dc
227 2921 308 2958 aliis
335 2922 657 2959 sacramentorum
686 2926 946 2963 controversiis
975 2940 1049 2965 non
1076 2942 1300 2980 magnopere
1327 2930 1565 2969 contendent.
