1818 3178
196 140 265 177 368

194 249 310 299 igitur
345 248 417 286 sibi
445 246 570 284 deberi
597 246 645 284 ab
673 247 861 294 omnibus,
886 251 968 285 tum
995 247 1174 297 Regibus,
1199 252 1282 287 tum
1307 249 1467 301 populiS,
1494 263 1578 289 eum
1604 251 1716 290 timo·

162 352 164 359 s
193 327 272 352 rem
306 317 415 363 atque
443 312 638 358 honorem,
676 325 784 363 quem
811 312 995 363 Propheta
1024 313 1098 350 hoc
1121 313 1205 351 loco
1234 314 1401 365 Regibus
1427 316 1717 368 proceribusque

192 378 342 415 illorum
385 376 560 414 omnibus
595 376 829 427 praescribit.
882 376 1028 415 Deinde
1064 377 1162 416 hanc
1197 392 1344 430 quoque
1380 394 1459 419 esse
1493 383 1718 432 pronunciat

192 444 434 489 voluntatem,
469 442 540 479 hoc
577 441 787 489 consilium,
822 441 894 479 hoc
931 442 1089 492 denique
1126 441 1312 481 decretum
1340 444 1411 482 Dei
1438 446 1554 496 patris
1581 447 1650 491 sui,
1677 450 1716 485 ut

191 509 270 558 ipse
296 507 336 544 in
363 519 478 556 regno
507 506 578 543 hoc
604 506 672 543 tali
699 520 765 544 suo
795 506 1037 557 Regibusque
1062 506 1145 544 aliis
1174 508 1361 554 omnibus,
1389 510 1453 560 qui
1473 510 1594 561 ipsum
1611 511 1716 549 iuxta

191 571 399 622 Prophetae
436 571 646 609 doctrinam
681 571 838 609 timeant
874 575 983 621 atque
1019 571 1218 616 honorent,
1245 574 1401 611 salutern
1428 575 1548 625 ipsam
1575 576 1716 614 tribuat

191 649 322 686 resque
356 635 668 687 illorum=omnes
703 639 893 686 prosperet
929 647 971 672 ac
1008 635 1187 707 forssrnet,
1222 637 1532 687 quemadmodum
1559 638 1597 676 id
1624 638 1715 676 alibi

190 700 237 737 ab
273 699 402 737 eodem
429 700 513 747 (54)
542 699 621 749 ipso
649 699 836 750 Propheta
862 699 1156 737 luculentissnne
1184 699 1360 747 docetur3
1388 701 1453 738 sed
1481 715 1543 739 eos
1572 707 1715 749 contra,

192 763 255 814 qui
290 763 331 800 id
365 767 536 800 recusent
572 763 704 808 facere,
740 766 803 801 aut
831 763 1061 813 hypocritice
1088 763 1229 814 alioqui
1257 765 1536 813 negligenterve
1562 766 1717 809 faciant,

189 832 230 865 ut
266 827 368 877 virga
405 828 521 865 ferrea
558 831 749 878 sceptrove
784 827 903 864 ferreo
940 827 1130 864 adoriatur
1165 832 1276 878 atque
1311 828 1351 865 in
1387 829 1589 879 pulverem,
1616 831 1716 868 velut
1758 827 1761 830 ¹

190 892 330 935 fictilia,
366 892 534 929 redactos
569 892 712 942 perdat.
766 891 880 929 Recte
915 905 1002 940 ergo
1039 891 1183 929 moneri
1211 891 1332 941 Reges
1360 905 1602 944 proceresque
1628 894 1715 931 illo—

189 969 284 1001 rum,
319 960 358 993 ut
395 956 579 1006 sapienter
617 968 658 992 ac
692 955 892 1006 prudenter
921 968 985 993 sua
1014 955 1139 993 omnia
1165 955 1378 1001 instituant,
1405 957 1478 994 nisi
1505 958 1624 1008 perire
1653 971 1715 995 ve-

188 1019 271 1057 lint.
305 1019 492 1070 ,Exponit
527 1022 646 1056 autem
685 1018 854 1056 Christus
891 1018 1089 1064 Dominus,
1125 1032 1188 1056 cur
1224 1019 1258 1057 ei
1284 1023 1411 1057 tantus
1439 1020 1560 1058 honor
1586 1035 1606 1058 a
1635 1021 1714 1059 Deo

188 1087 293 1133 patre
329 1083 470 1121 delatus
507 1083 566 1128 sit,
611 1096 740 1133 nempe
775 1096 816 1120 eo
855 1083 953 1133 quod
990 1082 1029 1120 in
1073 1096 1182 1120 carne
1209 1088 1337 1121 nostra
1367 1084 1414 1122 sit
1439 1085 1577 1135 pariter
1603 1086 1714 1123 etiam

189 1149 288 1186 filius
333 1148 546 1197 unigenitus
592 1147 662 1185 Dei
697 1161 833 1198 perque
869 1161 973 1185 suam
1008 1147 1303 1186 incarnationem
1341 1162 1507 1198 regnum·
1533 1150 1594 1187 hic
1630 1151 1716 1195 sibi,

189 1213 372 1263 nobisque
398 1212 438 1249 in
467 1226 504 1250 se
531 1211 716 1257 omnibus,
744 1225 764 1249 a
792 1212 900 1249 Patre
929 1225 995 1249 suo
1025 1212 1175 1250 coelesti
1202 1226 1269 1263 pro
1297 1213 1458 1262 gratuita
1487 1227 1552 1251 sua
1569 1214 1715 1252 miseri-

189 1277 315 1314 cordia
351 1276 626 1327 quodammodo
662 1275 872 1326 postularit.
927 1274 998 1314 Est
1032 1277 1131 1314 enim
1167 1277 1236 1314 filii
1264 1276 1334 1314 Dei
1360 1278 1570 1316 incarnatio
1601 1279 1714 1316 veluti

189 1341 370 1392 quaedam
406 1340 513 1389 regni
548 1340 656 1378 istius
691 1340 908 1390 postulatio,
944 1353 1054 1390 quam
1090 1345 1238 1378 aeterno
1275 1341 1415 1392 alioqui
1451 1342 1521 1380 Dei
1558 1343 1714 1381 consilio

190 1406 431 1444 constitutam
459 1405 584 1450 fuisse,
612 1405 723 1442 verba
752 1404 842 1442 haec
871 1405 990 1442 Patris
1017 1405 1062 1442 ad
1091 1405 1228 1442 Filium
1257 1405 1404 1450 docent,
1432 1407 1519 1444 dum
1547 1407 1665 1445 Filius
1693 1422 1713 1446 a

188 1475 291 1521 patre
317 1483 475 1518 regnum
502 1469 573 1506 hoc
601 1481 709 1506 suum
734 1469 923 1519 postulare
949 1469 1171 1519 Prophetico
1199 1470 1412 1508 testimonio
1429 1471 1589 1510 iubetur.
1620 1472 1712 1509 Cum

187 1536 302 1584 igitur
337 1534 506 1571 Christus
541 1533 744 1577 Dominus,
781 1533 850 1570 Dei
885 1534 1018 1571 summi
1054 1538 1164 1584 atque
1200 1535 1341 1573 aeterni
1376 1535 1488 1582 filius,
1525 1541 1713 1587 assumpta

189 1612 298 1636 carne
334 1601 476 1643 nostra,
511 1597 616 1635 iuxta
654 1596 880 1634 destinatum
918 1597 965 1634 ab
1002 1599 1086 1646 (55)
1123 1601 1274 1636 aeterno
1311 1599 1428 1650 patris
1458 1600 1515 1637 sui
1544 1601 1712 1638 coelestis

188 1663 399 1707 consilium,
433 1675 591 1712 regnum
627 1661 698 1698 hoc
739 1661 811 1698 sibi
838 1660 1087 1712 universoque
1114 1663 1153 1700 in
1183 1676 1220 1700 se
1248 1663 1463 1701 mortalium
1490 1665 1617 1713 generi
1644 1678 1713 1716 po·

189 1728 349 1774 stularit,
388 1727 536 1778 sintque
572 1727 627 1764 illi
662 1727 738 1764 iam
776 1727 882 1764 datae
918 1741 938 1764 a
976 1727 1055 1764 Deo
1092 1732 1194 1778 patre
1231 1741 1358 1766 omnes
1395 1729 1497 1766 orbis
1533 1733 1712 1768 terrarum

189 1797 317 1843 gentes
353 1797 389 1830 et
425 1806 553 1830 omnes
590 1793 682 1830 fines
710 1791 814 1829 orbis
840 1796 1033 1835 terrarum,
1062 1797 1102 1830 ut
1130 1793 1204 1831 sint
1232 1793 1439 1831 haereditas
1466 1798 1501 1832 et
1528 1795 1712 1845 possessio

187 1858 318 1908 ipsius,
353 1860 539 1907 atque-ea
576 1856 729 1907 insuper
765 1856 845 1905 lege
882 1856 958 1894 sint
992 1856 1048 1893 illi
1077 1856 1184 1894 datae
1219 1871 1239 1894 a
1268 1857 1347 1894 Deo
1374 1862 1491 1908 patre,
1519 1862 1559 1896 ut
1586 1872 1714 1897 omnes

188 1922 308 1970 Reges
346 1934 389 1958 ac
423 1934 537 1969 regna
565 1923 684 1957 servet
711 1924 903 1971 prosperet
931 1933 973 1957 ac
1000 1920 1182 1965 fortunet,
1209 1934 1303 1972 quae
1329 1921 1450 1972 ipsum
1479 1922 1645 1970 timeant,
1675 1928 1712 1962 ut

190 1987 329 2024 dictum
356 1990 422 2031 est,
449 1989 485 2023 et
511 1984 708 2032 honorent,
726 2006 776 2013 —
805 1985 1036 2023 adversarios
1065 1999 1151 2024 vero
1178 1999 1222 2024 ac
1249 1986 1476 2037 hypocritas,
1504 1987 1661 2039 denique
1680 1992 1715 2026 et

190 2057 391 2089 cessatores
425 2064 567 2095 omnes,
604 2050 717 2088 veluti
755 2050 883 2087 fictilia
913 2050 1076 2096 collisos,
1101 2050 1141 2088 in
1171 2050 1312 2088 cineres
1338 2050 1483 2100 redigat
1510 2055 1546 2089 et
1572 2052 1715 2103 perdat,

188 2120 411 2168 repenteque
455 2114 573 2152 instar
617 2114 738 2151 exorti
776 2113 900 2151 subito
938 2113 1104 2151 incendii
1139 2126 1290 2164 prorsus
1325 2114 1508 2161 absumat,
1551 2119 1714 2165 praeter-

189 2196 299 2233 quam
337 2182 380 2227 si,
406 2181 674 2221 inclarescente
700 2192 815 2228 regno
842 2178 971 2230 ipsius,
996 2179 1168 2230 protinus
1196 2179 1429 2230 resipiscant,
1454 2201 1504 2208 --
1533 2180 1714 2230 equidem,

188 2251 228 2284 ut
264 2245 355 2283 mihi
393 2249 492 2282 certo
527 2243 744 2294 persuadeo,
780 2256 844 2280 vos
873 2242 968 2280 nihil
993 2242 1118 2281 minus
1147 2243 1320 2292 cogitare,
1347 2257 1457 2294 quam
1484 2248 1525 2281 ut
1552 2244 1712 2295 Spiritus

187 2311 307 2348 sancti
342 2310 381 2347 in
419 2308 542 2347 verbis
570 2307 777 2358 Prophetae
805 2307 1099 2345 admonitionem
1127 2311 1190 2345 aut
1219 2307 1340 2345 velitis
1369 2312 1604 2346 contemnere
1631 2321 1710 2345 om-

187 2376 291 2419 nino,
319 2379 382 2412 aut
409 2374 455 2411 ad
484 2386 548 2410 vos
576 2373 672 2410 nihil
699 2372 839 2423 alioqui
866 2372 1051 2422 pertinere
1077 2372 1227 2423 putetiS,
1253 2377 1364 2423 atque
1390 2373 1575 2423 publicam
1604 2373 1710 2410 vobis

187 2440 334 2476 demum
361 2442 397 2475 et
423 2438 493 2476 toti
519 2438 660 2488 patriae
689 2437 936 2474 calamitatem
964 2437 1172 2482 accersatis,
1191 2459 1242 2465 —
1269 2437 1320 2474 ita
1341 2450 1416 2475 non
1438 2437 1566 2474 dubito
1586 2437 1712 2482 etiam,

187 2503 257 2542 Dei
290 2503 330 2540 in
365 2503 494 2553 primis
532 2501 796 2543 misericordia,
825 2501 958 2538 deinde
988 2505 1108 2538 vestra
1136 2503 1391 2552 quo-(56)que
1418 2501 1553 2552 pietate
1581 2502 1709 2547 fretus,

186 2580 251 2605 vos
288 2567 516 2603 unanimiter
548 2579 676 2603 omnes
711 2565 758 2602 ad
794 2578 886 2611 eam,
922 2578 1032 2616 quam
1070 2579 1090 2602 a
1127 2565 1311 2616 Propheta
1339 2565 1601 2616 praescriptam
1630 2579 1709 2604 esse

186 2633 331 2678 videtis,
366 2633 597 2682 sapientiam,
632 2630 930 2681 praestandaque
966 2644 1033 2681 pro
1064 2634 1183 2668 vestra
1214 2631 1312 2668 virili
1337 2631 1438 2669 illius
1466 2631 1596 2675 officia,
1625 2632 1706 2669 ani-

187 2710 268 2735 mos
296 2703 436 2734 vestros
465 2709 565 2732 nunc
593 2695 829 2745 potissimum
858 2694 1068 2732 adiecturos
1098 2708 1188 2740 esse,
1217 2708 1297 2732 curn
1327 2695 1433 2743 regni
1461 2695 1601 2733 Christi
1629 2696 1707 2733 Do·

186 2763 279 2800 mini
305 2764 489 2811 sceptrum
515 2760 555 2796 in
584 2760 754 2797 doctrina
782 2759 838 2796 sui
865 2758 1076 2808 Euangelii,
1105 2764 1143 2797 ut
1170 2773 1358 2810 nunquam
1387 2763 1506 2805 antea,
1527 2773 1604 2797 sese
1623 2761 1708 2799 istic

187 2839 333 2865 exerere
377 2828 486 2874 atque
528 2827 634 2860 tanto
671 2823 836 2860 omnium
873 2836 1056 2861 consensu
1092 2824 1239 2874 publice
1275 2823 1406 2874 expeti,
1458 2812 1592 2873 negare
1630 2839 1706 2863 non

184 2891 347 2946 possitis.
404 2888 488 2926 Scio
525 2887 612 2940 quid
649 2887 710 2925 hic
751 2892 878 2926 contra
915 2901 934 2925 a
971 2888 1112 2934 multis,
1146 2889 1378 2939 potissimum
1419 2902 1502 2927 vero
1539 2903 1560 2927 a
1587 2891 1704 2928 nostri
