1818 3178
185 72 259 108 504
836 82 895 109 BP.
925 82 1069 109 noent.

189 193 313 226 autem
347 187 628 241 promissiones,
664 193 704 226 ut
743 188 836 237 legis
874 202 943 226 usu
979 190 1090 227 nobis
1126 190 1307 237 indicato,
1342 195 1462 229 certos
1507 192 1615 229 etiam
1643 206 1713 231 nos

189 251 348 289 reddant
373 251 420 288 de
448 251 576 289 divina
602 251 643 289 in
670 264 739 289 nos
767 251 1036 297 misericordia,
1062 244 1156 303 quae
1183 267 1251 291 nos
1278 255 1323 292 ad
1353 256 1509 293 salutem
1527 260 1713 294 aeternam

190 328 256 365 per
282 314 467 352 Adamum
496 318 688 366 parentem
717 320 887 353 nostrum
914 316 1089 354 amissam
1116 329 1185 367 pro
1213 317 1446 369 beneplacito
1467 331 1535 357 suo
1553 319 1716 358 reduxit.

192 378 270 417 Qui
305 378 404 415 enim
440 378 527 416 data
562 379 645 428 lege
679 392 744 417 seu
780 380 958 418 mandato
996 380 1184 418 declarare
1221 382 1354 428 voluit,
1381 397 1420 421 se
1445 382 1651 421 Dominum
1678 387 1716 421 et

192 455 276 480 vere
312 456 393 481 esse
426 447 464 480 et
500 443 658 492 agnosci
694 443 806 482 etiam
841 444 948 490 velle,
983 444 1082 482 idem
1119 458 1267 496 quoque
1301 447 1430 486 addita
1464 448 1715 499 promissione

191 506 388 543 manifeste
432 507 609 552 ostendit,
658 521 697 545 se
732 520 808 545 non
845 507 928 546 ideo
965 508 1086 557 legem
1124 522 1189 547 seu
1223 510 1441 549 mandatum
1482 512 1638 559 dedisse,
1674 516 1715 549 ut

192 569 380 620 quaelibet
422 570 539 623 ipsius
589 571 842 620 transgressio
879 572 926 609 ad
959 572 1171 621 gehennam
1210 574 1532 622 condemnaretur,
1565 577 1605 614 in
1641 589 1714 627 qua

192 635 317 672 nullus
343 635 485 686 alioqui
512 635 643 673 veniae
670 636 776 673 locus
804 649 884 673 esse
912 636 1087 688 deinceps
1117 650 1279 688 unquam
1307 642 1443 689 potest,
1470 640 1533 677 sed
1560 644 1602 677 ut
1619 640 1714 689 legis

189 699 387 738 occasione
414 712 517 737 suam
546 699 585 737 in
614 712 683 737 nos
707 699 1003 737 misericordiam
1023 705 1128 739 tanto
1149 701 1357 740 evidentius
1376 707 1554 748 exereret,
1573 708 1713 754 quanto

192 764 342 813 longius
377 778 397 801 a
427 765 500 801 vita
529 764 603 801 iam
631 769 783 801 aeterna
810 777 875 815 per
902 765 1068 815 parentis
1097 766 1219 804 nostri
1245 766 1538 805 inobedientiam
1566 769 1716 806 abesse·

190 841 288 874 mus,
321 828 517 878 palamque
553 828 704 873 faceret,
739 841 778 864 se
813 828 1000 878 lapsorum
1039 842 1187 880 quoque
1216 834 1441 869 servatorem
1468 845 1559 876 esse,
1584 832 1648 882 qui
1676 845 1714 869 se

192 892 302 929 modo
340 905 417 929 non
454 896 752 936 contemnerent,
789 892 850 929 scd
888 894 1016 942 agnita
1052 907 1117 931 sua
1150 894 1315 944 ipsorum
1344 896 1489 933 miseria
1518 896 1564 933 ad
1593 896 1713 947 ipsum

190 957 436 1005 confugerent
469 969 651 1006 opemque
686 956 765 993 cius
802 957 986 1007 supplices
1021 957 1278 1007 implorarent.
1332 959 1414 1008 Ego
1459 961 1541 1006 feci,
1579 960 1716 1011 inquit,

188 1033 257 1069 ego
285 1026 321 1059 et
348 1021 478 1066 feram,
505 1033 574 1068 ego
602 1019 760 1070 portabo
788 1023 824 1057 et
851 1022 937 1067 (16)
966 1021 1136 1061 servabo,
1190 1023 1386 1061 Quatenus
1412 1022 1528 1072 igitur
1553 1025 1714 1074 promis-

189 1086 312 1122 siones
346 1085 495 1122 divinae
521 1084 568 1121 ad
605 1097 674 1121 nos
710 1084 900 1134 pertinent
934 1089 970 1122 et
997 1098 1066 1123 nos
1094 1086 1140 1123 ad
1170 1086 1374 1133 Christum,
1402 1088 1579 1125 hactenus
1605 1102 1625 1125 a
1651 1102 1715 1137 ge-

188 1149 310 1186 henna
355 1161 498 1198 semper
539 1147 742 1193 absuimus,
777 1148 923 1186 etiamsi
957 1149 1062 1186 illam
1102 1151 1351 1200 proculdubio
1388 1153 1713 1202 promeruerimus,

188 1217 299 1263 atque
334 1213 373 1250 in
410 1213 513 1250 illam
540 1212 614 1249 toti
642 1212 735 1249 adeo
765 1210 875 1250 etiarn
903 1214 1213 1264 propendeamus‚
1243 1229 1362 1266 neque
1389 1216 1494 1254 aliter
1522 1218 1592 1255 sub
1618 1218 1714 1265 legis

185 1277 384 1316 maledicto
422 1277 630 1321 haeremuS‚
667 1276 740 1314 nisi
775 1281 959 1327 quatenus
994 1278 1042 1315 ab
1079 1279 1145 1315 illo
1183 1293 1246 1330 per
1275 1280 1420 1318 divinas
1447 1282 1712 1331 promissiones

186 1342 226 1379 in
264 1341 415 1378 Christo
446 1340 597 1378 liberati
633 1340 798 1377 nondum
839 1353 980 1379 sumus.
1036 1342 1122 1380 Qua
1148 1348 1255 1393 parte
1283 1357 1369 1381 vero
1396 1345 1544 1383 liberati
1573 1359 1715 1392 sumus,

187 1419 262 1443 non
299 1406 372 1443 iam
408 1405 566 1455 amplius
603 1405 673 1442 sub
701 1405 822 1453 legem
851 1402 1122 1452 concludimur,
1150 1407 1213 1444 sed
1242 1409 1310 1445 sub
1337 1408 1497 1456 gratiam
1527 1410 1714 1455 translati,

186 1483 250 1520 per
276 1469 380 1506 illam
410 1469 583 1513 vivimus,
610 1481 731 1518 neque
759 1472 835 1505 tam
863 1473 918 1506 est
947 1469 1008 1506 hic
1035 1469 1256 1509 intuendum
1283 1473 1394 1509 nobis
1420 1474 1564 1523 peccati
1591 1475 1712 1512 nostri

186 1533 345 1584 pondus,
364 1546 475 1584 quam
489 1531 636 1571 divinae
655 1531 780 1582 potius
800 1532 1056 1582 providentiae
1075 1533 1297 1572 admirabile
1317 1536 1527 1582 consilium,
1549 1551 1621 1588 quo
1639 1537 1713 1588 piis

187 1598 406 1636 adiumento
442 1601 531 1634 sunt
565 1597 689 1634 omnia
724 1596 764 1633 in
802 1597 955 1643 bonum,
992 1597 1128 1635 nedum
1164 1605 1204 1636 ut
1239 1599 1283 1636 ad
1322 1601 1533 1648 gehennam
1559 1607 1711 1652 propter

186 1674 314 1698 eorum
351 1659 606 1702 infirmitatem
638 1660 947 1698 condamnentur.
975 1661 1057 1698 Iam
1085 1661 1116 1699 si
1143 1662 1261 1711 legem
1292 1676 1356 1700 seu
1381 1664 1599 1702 mandatum
1627 1678 1711 1703 eum

185 1724 500 1775 promissionibus
538 1724 786 1769 conferamus,
824 1724 1141 1774 quemadmodum
1176 1727 1305 1764 eodem
1343 1732 1510 1778 spectare
1537 1728 1712 1767 videntur

186 1802 280 1839 quae
316 1787 428 1826 nobis
464 1792 499 1825 et
532 1787 708 1825 mandato
747 1787 869 1837 primo
906 1787 974 1824 illo
1009 1793 1045 1826 et
1080 1790 1162 1839 lege
1198 1789 1347 1828 demum
1374 1792 1489 1829 etiam
1516 1799 1714 1845 praecepta

186 1857 286 1898 sunt,
312 1851 365 1890 ita
394 1852 493 1889 idem
519 1851 632 1902 plane
659 1850 772 1888 nobis
803 1864 954 1902 quoque
981 1852 1158 1891 omnibus
1185 1853 1257 1891 Dei
1284 1856 1601 1904 promissionibus
1628 1870 1715 1908 pro-

184 1916 350 1967 ponitur,
385 1916 461 1954 nisi
495 1914 810 1967 quemadmodum
845 1928 912 1965 per
952 1916 1072 1965 legem
1110 1917 1166 1955 vis
1202 1918 1339 1968 prioris
1375 1919 1544 1958 mandati
1574 1920 1711 1960 clarius

185 1979 405 2029 explicatur,
439 1979 493 2016 ita
528 1983 564 2016 et
599 1978 828 2029 posteriores
854 1979 1138 2029 promissiones,
1172 1981 1331 2032 primam
1359 1983 1464 2021 illam
1491 1983 1597 2021 Adae
1624 1998 1713 2035 pro-

185 2043 347 2094 positam
374 2042 564 2093 explicant
589 2046 625 2080 et
651 2042 856 2081 illustrant.
885 2042 1000 2081 Quod
1029 2044 1127 2082 enim
1157 2045 1261 2083 Adae
1288 2047 1521 2097 prohibitum
1548 2054 1637 2093 erat,
1666 2062 1712 2087 ne

186 2110 312 2145 fructu
346 2108 494 2146 arboris
527 2106 706 2145 scientiae
741 2107 832 2144 boni
868 2112 904 2145 et
939 2108 1028 2145 mali
1064 2115 1284 2156 vesceretur,
1314 2110 1351 2148 h.
1386 2124 1506 2158 e.„ne
1531 2111 1571 2149 in
1598 2112 1712 2149 aesti-

181 2172 334 2210 mandis
368 2172 483 2210 rebus
517 2175 596 2209 tam
633 2171 774 2209 divinis
800 2185 911 2222 quam
939 2172 1114 2211 humanis
1139 2174 1318 2213 omnibus
1346 2176 1509 2214 rationis
1538 2189 1626 2214 suae
1653 2177 1712 2214 iu-

184 2237 323 2276 dicium
360 2240 586 2287 sequeretur,
626 2235 691 2273 sed
727 2236 799 2273 soli
835 2236 950 2274 verbo
985 2237 1240 2289 mandatoque
1276 2239 1347 2277 Dei
1384 2240 1505 2278 modis
1533 2242 1710 2279 omnibus

184 2302 413 2348 adhaereret,
446 2301 485 2338 id
512 2301 630 2339 multo
658 2301 871 2351 expressius
900 2301 1011 2340 nobis
1041 2303 1121 2352 lege
1149 2304 1236 2341 data
1263 2304 1486 2355 explicatur,
1513 2319 1645 2357 nempe
1674 2312 1713 2345 ut

185 2366 295 2403 nobis
321 2366 416 2403 alios
443 2378 688 2417 quoscunque
717 2365 806 2402 deos
833 2378 902 2415 pro
930 2370 1061 2404 nostra
1089 2367 1276 2405 industria
1303 2369 1410 2406 nullo
1437 2374 1547 2420 pacto
1575 2372 1710 2407 torme-

183 2444 277 2475 mus,
311 2435 423 2480 atque
460 2430 599 2467 nullam
635 2429 706 2467 Dei
743 2429 1029 2468 similitudinem
1067 2445 1187 2482 neque
1223 2445 1351 2470 eorum
1390 2447 1483 2483 quae
1519 2435 1558 2471 in
1596 2434 1708 2471 coelis

183 2507 302 2543 neque
335 2507 429 2543 quae
457 2494 496 2531 in
523 2494 633 2531 terris
663 2499 751 2531 sunt
779 2495 1058 2545 comparatione
1094 2502 1314 2542 statuamus,
1342 2498 1515 2545 breviter,
1542 2513 1589 2536 ne
1615 2499 1704 2549 quid

182 2557 337 2594 omuino
373 2557 556 2595 faciamus
593 2556 693 2607 quod
731 2557 841 2594 nobis
877 2563 1020 2596 rectum
1047 2559 1209 2605 videtur,
1237 2561 1301 2598 sed
1328 2565 1370 2599 ut
1397 2562 1436 2599 in
1465 2563 1640 2600 omnibus
1668 2563 1706 2599 id

180 2621 419 2672 potissimum
448 2633 657 2670 sequamur,
684 2620 786 2670 quod
815 2621 919 2658 verbi
947 2622 1068 2660 divini
1094 2623 1314 2662 testimonio
1342 2624 1454 2663 nobis
1472 2629 1708 2675 praeceptum

181 2685 375 2723 habemus.
429 2684 571 2734 Estque
606 2689 799 2722 aeternum
827 2685 899 2722 hoe
925 2685 995 2723 Dei
1021 2686 1254 2734 mandatum,
1282 2688 1474 2739 pertinens
1502 2688 1548 2726 ad
1576 2701 1706 2727 omnes

179 2749 347 2787 omnium
374 2752 538 2786 aetatum
566 2748 751 2794 homines,
777 2754 813 2787 et
840 2756 898 2789 cst
925 2763 1069 2801 semper
1097 2751 1221 2789 letalis
1249 2752 1424 2789 omnibus
1452 2751 1555 2789 illius
1583 2756 1706 2790 trans-

176 2813 334 2862 gressio,
370 2811 441 2852 uisi
478 2811 579 2864 quod
619 2812 814 2864 scriptura,
851 2817 891 2851 ut
916 2813 966 2864 :se
1001 2818 1152 2853 nostrae
1188 2815 1397 2855 infirmitati
1434 2819 1706 2867 attemperaret,
