1818 3178
424 131 475 157 DE
505 131 787 160 sAanMExrrs
818 131 1028 159 accmsmss
1056 129 1232 158 cnulsn.
1513 118 1584 158 117

67 232 336 279 testimonium,
373 233 474 284 quod
513 233 660 284 quidem
697 235 808 272 fallax
847 247 921 272 non
958 235 1066 278 esset,
1099 243 1207 270 nemo
1245 229 1354 268 nobis
1381 228 1475 266 alius
1504 228 1590 265 dare

65 298 199 349 potuit,
235 299 319 343 nisi,
353 298 418 349 qui
454 299 554 335 solus
594 313 703 337 verax
739 304 808 344 est,
842 300 997 350 ipsemet
1033 297 1145 335 Deus.
1199 296 1292 333 Cum
1319 294 1434 343 igitur
1461 292 1590 330 Divini

67 363 176 401 huius
213 377 300 412 erga
338 376 405 400 nos
434 362 472 399 in
502 363 649 401 Christo
678 364 798 415 operis
827 364 929 402 nulla
957 363 1153 413 quisquam
1178 360 1272 398 alius
1300 359 1418 408 signa,
1445 356 1588 395 veracia

63 427 292 476 praesertim,
327 426 520 464 instituere
555 433 692 477 posset,
726 427 798 465 nisi
832 427 987 478 ipsemet
1023 425 1144 471 Deus;
1181 429 1291 474 atque
1318 423 1351 460 is
1378 435 1442 473 per
1468 422 1587 458 filium

64 503 173 528 suum
216 490 397 540 quaedam
432 490 597 528 instituit
633 491 671 528 in
710 504 774 528 sua
809 490 990 535 Ecclesia,
1025 489 1157 526 merito
1193 500 1234 525 ea
1271 499 1358 524 sane
1385 485 1588 529 observari,

63 558 176 605 atque
201 554 249 591 ab
278 554 453 592 omnibus
480 555 563 592 aliis
592 556 785 604 signorum
812 554 1012 604 generibus
1039 553 1200 590 discerni
1227 551 1424 589 debebant.

117 618 308 655 Caeterum
337 618 377 655 in
405 619 602 656 statuendo
633 619 704 656 hoc
732 619 811 669 ipso
841 618 1056 655 discrimine
1083 617 1172 654 satis
1199 629 1277 653 non
1304 619 1381 652 erat
1399 614 1593 659 omnibus,

63 695 145 720 eam
180 681 398 720 adhibuisse
435 683 551 731 signis
589 684 914 721 Sacramentorum
942 680 1229 730 significationis
1256 679 1435 729 mysticae
1462 691 1587 715 acces-

63 746 218 790 sionem,
261 759 372 796 quam
410 747 538 785 Pafres
574 747 663 784 olim
701 747 944 784 mutationem
983 745 1181 783 vocabant.
1235 744 1424 781 Nimirum
1462 743 1586 780 omnia

61 809 172 847 etiam
228 810 334 859 signa
387 811 459 848 alia
496 812 571 848 vim
618 810 858 860 significandi
903 809 1103 852 habebant,
1139 814 1174 846 et
1211 808 1289 845 sola
1326 807 1489 856 sig-(fol.
1528 808 1585 854 321)

62 873 288 912 nificationis
324 875 501 920 accessio,
528 875 766 925 quantumvis
794 887 834 911 ea
862 874 902 911 in
930 873 1047 922 signis
1076 873 1401 909 sacramentorum
1428 871 1587 909 aliorum

62 938 254 987 signorum
292 939 603 987 significationem
644 939 755 986 longe
791 942 991 988 superaret,
1026 949 1104 974 nou
1139 939 1260 973 tamen
1303 935 1505 973 sufficiebat
1540 935 1587 972 ad

61 1001 277 1051 erigendam
314 1016 406 1047 eam,
443 1016 553 1053 quam
583 1003 699 1039 Satan
726 1001 986 1046 meditabatur,
1011 999 1276 1044 idololatriam,
1304 999 1587 1049 quaerendaque

61 1067 183 1104 adhuc
219 1071 297 1105 erat
331 1068 402 1105 alia
443 1067 501 1104 via
539 1066 586 1104 ad
622 1065 891 1103 instituendam
927 1064 1191 1108 idololatriam,
1217 1063 1264 1101 ad
1292 1077 1401 1114 quam
1428 1064 1588 1101 mutatio

61 1131 126 1168 illa
169 1131 208 1168 in
251 1131 443 1170 elementis
483 1132 810 1169 sacramentorum
844 1144 865 1167 a
902 1130 1077 1168 Patribus
1113 1128 1339 1180 quibusdam
1384 1128 1588 1166 constituta

64 1197 226 1234 sufficere
254 1209 330 1234 non
358 1196 575 1242 videbatur3
603 1194 750 1232 tametsi
779 1207 824 1232 ne
849 1194 914 1231 illa
942 1194 1092 1245 quidem
1119 1193 1273 1231 inducta
1300 1207 1321 1230 a
1348 1193 1522 1230 Patribus
1548 1193 1589 1231 in

65 1261 388 1297 Sacramentorum
424 1259 614 1297 elementis
652 1258 807 1296 mutatio
845 1258 892 1295 ad
929 1271 1076 1296 eausam
1103 1258 1223 1309 ipsam
1253 1258 1587 1295 Sacramentariam

63 1337 288 1374 magnopere
324 1323 490 1361 videatur
517 1322 714 1374 pertinere,
741 1322 1057 1373 quemadmodum
1083 1321 1121 1359 id
1152 1334 1219 1360 suo
1246 1322 1330 1358 loco
1359 1321 1497 1359 clarius
1523 1334 1589 1372 ap-

63 1388 219 1439 parebit.

115 1452 244 1503 Coepit
277 1452 392 1502 igitur
429 1452 547 1501 signis
586 1453 911 1490 Saeramentorum
953 1451 1070 1490 tribui
1098 1452 1153 1490 vis
1181 1452 1374 1502 quaedam,
1402 1464 1478 1489 non
1505 1455 1590 1489 tan-

62 1522 143 1555 tum
181 1516 419 1566 significandi
454 1516 775 1567 adumbrandique
803 1530 860 1553 res
889 1515 1059 1560 Divinas,
1086 1516 1150 1554 sed
1177 1516 1290 1553 etiam
1316 1515 1518 1553 exhibendi
1544 1528 1588 1552 u-

60 1581 242 1627 tentibus,
278 1581 460 1631 siquidem
489 1581 567 1618 sola
595 1580 836 1630 significandi
864 1580 918 1618 vis
946 1580 1091 1617 nullum
1119 1579 1272 1617 omnino
1301 1579 1501 1617 discrimen
1528 1579 1587 1616 in-

63 1650 119 1683 ter
157 1645 447 1683 Sacramentalia
484 1650 519 1682 et
557 1645 630 1682 alia
666 1644 817 1695 quaevis
845 1644 951 1694 signa
979 1645 1100 1682 facere
1128 1644 1333 1683 videbatur.
1389 1643 1451 1690 Et,
1476 1649 1517 1682 ut
1544 1644 1590 1682 ad

63 1708 299 1746 tribuendam
327 1708 511 1746 eiusmodi
540 1708 615 1746 vim
643 1708 760 1757 signis
789 1708 891 1746 hisce
920 1709 1261 1746 Sacramentalibus
1287 1709 1494 1760 probabilis
1521 1709 1591 1747 ali-

63 1785 134 1823 qua
177 1773 273 1810 ratio
319 1772 473 1823 reperiri
519 1777 656 1822 posset,
694 1773 781 1810 unio
819 1772 1001 1823 quaedam
1038 1773 1077 1810 in
1114 1773 1232 1823 signis
1269 1774 1591 1811 Saeramentorum

63 1836 330 1887 elementisque
377 1836 527 1874 illorum
571 1837 692 1887 coepit
730 1837 920 1883 constitui,
955 1850 1070 1888 eaque
1106 1837 1253 1875 demum
1291 1837 1391 1876 varie
1425 1838 1593 1888 exposita

62 1900 272 1946 omni-(fol.
315 1901 461 1948 3b)bus,
498 1913 592 1950 quae
630 1913 729 1938 nune
766 1900 945 1946 videmus,
974 1901 1138 1939 dissidiis
1164 1902 1205 1939 in
1231 1914 1271 1940 re
1299 1902 1592 1940 Sacramentaria

63 1964 301 2002 occasionem
331 1964 444 2003 dedit.

112 2030 238 2079 Atque
273 2043 361 2067 sane
396 2029 550 2067 dubium
589 2043 664 2068 non
700 2036 767 2075 est,
806 2036 903 2069 reete
938 2031 978 2069 in
1016 2031 1268 2070 Sacramentis
1295 2031 1385 2082 ipsis
1411 2031 1588 2071 unionem

63 2093 253 2143 quandam
282 2093 473 2138 constitui,
501 2107 594 2144 quae
620 2093 696 2131 illis
725 2094 813 2132 solis
842 2095 890 2132 sit
916 2095 1078 2146 propria,
1104 2099 1287 2145 quatenus
1315 2094 1465 2146 quidem
1485 2096 1592 2144 signa

65 2159 394 2195 Sacramentorum
434 2158 511 2195 sola
550 2162 636 2195 sunt
673 2159 829 2208 mystica
866 2159 973 2208 signa
1009 2159 1138 2198 salutis
1175 2163 1325 2198 nostrae
1360 2159 1399 2196 in
1429 2159 1591 2199 Christo.

69 2222 266 2259 Caeterum
307 2222 346 2258 in
384 2222 603 2272 exponenda
640 2223 719 2259 cius
753 2223 870 2273 ipsius
900 2223 1047 2261 unionis
1075 2224 1219 2261 ratione
1253 2223 1305 2261 ita
1334 2223 1513 2261 variatum
1540 2230 1596 2262 est

65 2286 257 2331 hactenus,
296 2291 333 2322 ut
372 2299 429 2323 res
468 2286 614 2323 demum
642 2287 681 2323 in
711 2287 988 2325 contentionem
1017 2288 1158 2334 exierit,
1185 2300 1278 2338 quae
1305 2287 1524 2333 Ecclesiam,
1553 2294 1594 2326 ut

68 2349 249 2395 videmus,
276 2349 495 2398 gravissime
522 2350 764 2400 perturbavit.

113 2416 237 2465 Atque
271 2415 335 2451 alii
371 2414 520 2464 quidem
558 2427 637 2451 eam
666 2414 783 2465 ipsam
821 2415 996 2453 unionem
1033 2416 1072 2453 in
1109 2415 1226 2465 signis
1256 2417 1593 2463 Sacramentorum,

71 2479 142 2515 hoc
179 2484 246 2524 est,
283 2479 320 2516 in
358 2487 509 2516 externa
539 2479 686 2516 actione
713 2479 875 2517 ministri
905 2494 968 2518 seu
997 2480 1218 2525 ceremonia,
1246 2484 1284 2518 ut
1312 2486 1366 2519 est
1393 2495 1414 2519 a
1443 2482 1594 2520 Christo

68 2542 233 2580 Domino
272 2542 464 2589 instituta3
503 2543 565 2580 alii
604 2555 688 2580 vero
727 2542 766 2580 in
794 2543 884 2594 ipsis
912 2544 1106 2593 signorum
1134 2544 1337 2590 elementis,
1364 2545 1435 2582 hoe
1462 2552 1528 2589 est,
1556 2547 1594 2584 in

69 2606 191 2653 rebus,
219 2620 314 2657 quae
341 2607 482 2645 actioni
510 2606 749 2651 adhibentur,
778 2607 1005 2645 constituere
1033 2609 1243 2647 voluerunt.
1299 2609 1347 2647 Et
1375 2610 1439 2660 qui
1465 2610 1505 2647 in
1533 2624 1593 2648 ac-

62 2670 164 2708 tione
204 2671 304 2708 illam
334 2672 536 2722 ponebant,
565 2671 610 2708 ad
640 2671 800 2708 ministri
828 2684 920 2722 opus
948 2685 1027 2709 eam
1056 2673 1285 2710 referendam
1315 2687 1393 2711 esse
1420 2678 1595 2724 putarunt

65 2740 216 2785 propter
245 2736 441 2773 ministerii
471 2735 726 2772 Ecclesiastici
755 2735 951 2772 efficaciam
980 2741 1015 2773 et
1045 2736 1276 2786 dignitatem.
1331 2739 1409 2776 Qui
1437 2752 1520 2776 vero
1550 2739 1595 2776 il-

67 2798 141 2836 lam
169 2799 207 2836 in
237 2800 440 2838 Elementis
467 2800 559 2851 ipsis
588 2800 878 2845 constituebant,
905 2799 1038 2838 horum
1066 2801 1129 2839 alii
1145 2803 1599 2855 transubstannationem‚

60 2863 125 2902 alii
169 2865 464 2904 evanescentiam
509 2878 552 2903 ac
590 2865 735 2905 demum
773 2865 1061 2913 successionem,
1098 2866 1162 2908 alii
1198 2880 1284 2907 vero
1329 2867 1600 2910 connexionem
