1818 3178
1594 122 1665 157 343

134 232 234 270 enim
273 232 413 270 nullius
449 230 511 269 hic
540 232 628 269 novi
656 232 842 281 dogmatis
868 236 1017 270 autores
1045 245 1186 279 sumus,
1214 231 1277 270 sed
1303 232 1450 270 invecta
1476 243 1541 282 per
1567 231 1662 269 alios

135 310 233 335 nova
270 297 444 345 dogmata
480 296 797 347 reprehendimus,
833 310 876 335 eo
905 297 1006 348 quod
1034 297 1218 348 optimum
1245 301 1280 335 et
1308 297 1469 335 salutare
1494 296 1662 334 triticum

134 361 328 399 doctrinae
363 361 614 412 Apostolicae,
650 361 820 399 unanimi
856 375 999 413 semper
1029 362 1233 400 catholicae
1259 361 1449 400 Ecclesiae
1477 373 1661 398 consensu

133 426 379 471 adservatum,
404 439 541 475 magna
568 439 614 463 ex
640 430 745 477 parte
769 426 1007 465 labefactent.
1056 427 1184 465 Quare
1210 430 1246 464 et
1272 440 1341 464 nos
1366 426 1497 464 iisdem
1526 425 1661 471 verbis,

134 489 197 526 sed
231 489 344 538 longe
379 489 450 526 alia
487 495 622 533 mente.
657 503 863 540 precamur,
900 497 939 528 ut
974 490 1160 528 Dominus
1183 491 1314 537 'Iesus‚
1342 496 1489 528 aeterna
1516 489 1659 540 alioqui

131 553 280 600 veritas,
304 554 470 591 triticum
499 568 605 592 suum
632 554 672 592 in
701 555 995 592 Sacramentaria
1022 555 1092 592 hac
1112 555 1376 599 controversia,
1395 553 1660 605 Westphalicis

131 618 213 655 istis
249 622 284 655 et
326 618 511 656 similibus
547 619 706 656 aliorum
740 619 893 656 zizaniis
919 619 1110 670 ssimpurari
1145 619 1438 669 labefactarique
1472 631 1520 656 ne
1547 618 1659 662 sinat,

131 688 242 733 atque
286 683 514 721 evulsionem
549 683 669 734 ipsam
705 683 934 721 zizaniorum
969 683 1004 721 ei
1037 683 1299 733 permittimus,
1346 684 1433 720 dum
1479 683 1577 720 volet
1621 688 1658 720 et

130 759 197 797 pro
234 760 277 784 eo
305 760 348 784 ac
384 748 493 792 volet,
536 747 648 785 modo
686 752 725 785 ut
760 747 926 785 triticum
965 746 1076 785 nobis
1112 747 1152 784 in
1180 747 1258 784 eius
1286 746 1454 784 Ecclesia
1482 759 1588 784 verae
1614 759 1658 783 ac

131 811 302 849 salutaris
331 811 521 850 doctrinae
547 825 634 849 suae
675 812 845 849 illaesum
871 824 1020 848 manere
1045 811 1175 861 possit.
1216 811 1330 848 Quod
1357 810 1540 861 equidem,
1569 823 1656 861 pro-

130 877 373 915 missionibus
409 878 488 915 eius
515 877 613 922 freti,
639 877 691 914 ita
719 878 885 914 futurum
924 889 1003 913 esse
1037 888 1102 926 per
1139 875 1217 912 eius
1252 875 1412 924 gratiam
1439 887 1516 912 non
1544 874 1655 911 dubi-

129 947 264 986 tamus,
299 946 410 993 atque
446 942 515 980 hac
543 955 606 993 spe
643 942 846 979 certissima
873 941 958 989 (fol.
989 942 1080 988 123)
1109 953 1177 977 nos
1211 940 1253 976 in
1280 939 1443 976 Domino
1479 939 1655 976 adversus

132 1007 256 1044 omnia
283 1007 414 1044 mundi
439 1006 557 1044 totius
583 1006 810 1057 praeiudicia
851 1006 1101 1043 consolamur.
1157 1004 1283 1042 Quam
1312 1018 1400 1042 sane
1427 1005 1654 1041 consolatio-

131 1085 215 1108 nem
251 1071 385 1109 animis
422 1072 560 1109 nostris
597 1084 704 1108 nemo
733 1083 898 1121 unquam
926 1070 1087 1107 eximere
1112 1069 1248 1120 poterit
1280 1081 1344 1119 per
1379 1069 1537 1118 gratiam
1574 1068 1657 1112 Dei,

130 1135 276 1172 etiamsi
303 1134 555 1185 Westphalus,
582 1135 690 1172 furiis
718 1135 793 1171 suis
823 1133 996 1170 omnibus
1016 1133 1325 1178 succenturiatus,
1343 1133 1460 1169 maria
1481 1145 1523 1169 ac
1540 1137 1657 1169 terras

132 1199 233 1235 coelo
270 1199 424 1235 miscere
460 1203 624 1236 conetur.
680 1197 779 1234 Certi
815 1210 956 1240 sumus,
982 1209 1052 1234 nos
1079 1196 1237 1244 gloriam
1266 1195 1337 1232 Dei
1377 1201 1411 1233 et
1440 1200 1658 1233 controver-

130 1263 269 1300 siarum
312 1263 352 1300 in
396 1262 563 1300 Ecclesia
606 1261 904 1313 pacificationem
948 1261 1054 1298 iuxta
1096 1261 1253 1298 verbum
1288 1260 1358 1298 Dei
1392 1274 1580 1311 quaerere,
1616 1274 1658 1298 ac

130 1327 285 1378 proinde
312 1327 407 1365 nihil
435 1327 663 1370 dubitamus,
688 1326 808 1364 Deum
835 1326 916 1363 fore
945 1325 1136 1363 custodem
1164 1330 1198 1363 et
1228 1330 1455 1363 servatorem
1475 1330 1659 1370 nostrum,

131 1391 219 1428 dum
245 1390 541 1442 pacificationem
571 1391 771 1437 Ecclesiae,
800 1391 1038 1428 coniunctam
1067 1403 1149 1427 cum
1177 1389 1247 1428 Dei
1273 1390 1407 1439 gloria,
1434 1391 1659 1440 quaerimus,

129 1460 165 1493 et
201 1455 349 1501 scimus,
384 1455 587 1493 Dominum
626 1455 836 1492 abominari
863 1468 1003 1499 omneS,
1030 1455 1094 1505 qui
1121 1455 1218 1492 inter
1245 1455 1380 1492 fratres
1409 1454 1562 1492 dissidia
1591 1468 1656 1491 ex-

130 1519 258 1565 citant,
300 1519 466 1571 adeoque
502 1529 537 1557 et
572 1520 754 1557 iudicium
790 1523 1005 1570 portaturos
1044 1520 1123 1557 sine
1159 1519 1376 1570 exceptione
1412 1532 1553 1563 omnes,
1590 1519 1655 1569 qui

130 1589 268 1623 temere
294 1585 472 1623 scindunt
498 1599 541 1622 ac
568 1586 789 1636 perturbant
817 1585 1121 1622 Ecclesiasticam
1150 1585 1377 1623 societatem.
1432 1584 1510 1622 Deo
1539 1584 1655 1633 igitur

132 1663 200 1687 nos
234 1653 270 1687 et
306 1654 434 1687 nostra
461 1650 711 1700 permittimus
740 1650 885 1696 omnia3
921 1650 1176 1700 westphalum
1203 1663 1303 1696 ver0,
1333 1650 1421 1687 dum
1448 1649 1550 1687 aliud
1579 1661 1656 1686 non

132 1728 341 1765 possumus,
368 1716 501 1759 furere,
529 1715 618 1753 dum
645 1715 756 1761 volet,
783 1715 956 1766 deinceps
983 1715 1180 1766 patiemur.

660 2217 1120 2256 APPENDIX.

184 2437 394 2473 Statueram
431 2432 476 2469 ad
514 2444 658 2482 sparsas
694 2431 733 2467 in
770 2443 827 2467 me
861 2428 1069 2479 Wcstphali
1104 2427 1263 2479 ineptias
1290 2428 1567 2466 nihilomnino
1596 2443 1652 2467 rc-

133 2500 325 2552 spondere,
361 2503 396 2535 ct
431 2498 540 2548 plane
566 2496 604 2533 id
632 2495 815 2540 fecissem,
853 2494 883 2531 si
910 2507 968 2531 me
997 2494 1118 2531 solum
1146 2493 1376 2531 adlatrasset.
1433 2495 1527 2531 Cum
1553 2494 1651 2531 enim

133 2578 207 2603 non
252 2570 328 2601 tam
376 2561 546 2612 equidem
584 2560 791 2597 doctrinam
829 2563 993 2595 nostram
1032 2560 1306 2608 (praeterquam
1335 2571 1409 2594 uno
1438 2562 1502 2594 aut
1537 2559 1653 2595 altero

133 2631 246 2675 1000),
273 2641 381 2678 quam
412 2639 494 2663 suas
523 2625 639 2675 ipsius
670 2623 873 2660 calumnias
901 2622 1026 2673 potius
1054 2626 1245 2672 oppugnet
1266 2643 1315 2650 —-
1332 2621 1372 2658 id
1391 2621 1493 2673 quod
1514 2621 1650 2671 scripta

132 2693 271 2743 alioqui
298 2696 426 2729 nostra
454 2690 573 2741 palam
602 2692 787 2726 testantur
813 2708 863 2714 —
890 2691 925 2724 ct
953 2700 1046 2736 quae
1065 2692 1193 2723 nostra
1214 2693 1489 2737 oppugnantur,
1507 2685 1558 2722 ita
1579 2685 1654 2722 sint

135 2758 409 2808 Scripturarum
445 2755 643 2792 autoritate
680 2751 917 2796 communita,
952 2756 993 2788 ut
1021 2764 1065 2788 ne
1091 2751 1314 2808 in‘dubium
1342 2751 1489 2801 quidem
1517 2750 1655 2795 vocari,

135 2820 270 2857 nedum
306 2818 424 2855 refelli
460 2831 504 2855 ex
540 2816 653 2853 verbo
691 2815 760 2852 Dei
815 2814 890 2852 ullo
936 2813 1047 2851 modo
1091 2813 1249 2864 possint,
1294 2813 1517 2862 cogitabam,
1551 2813 1653 2850 nulla

134 2885 225 2923 mihi
261 2897 353 2935 opus
389 2884 469 2920 fore
495 2882 593 2933 apud
621 2881 701 2932 pios
729 2886 764 2918 et
792 2880 962 2917 cordatos
989 2879 1089 2917 viros
1119 2879 1333 2916 defensione
1368 2877 1542 2915 adversus
1577 2882 1652 2915 tam
