1818 3178
165 111 273 140 Lxxx
789 104 863 131 PRA
871 102 1028 132 EFATIO.

163 215 268 257 hanc
297 211 516 254 editionem
546 208 597 251 ab
626 208 737 250 omni
767 213 884 264 parte
912 204 1087 248 similem
1120 202 1428 253 fuisse,idcirco
1457 201 1653 257 opinarer

161 282 270 339 quod
312 279 512 323 eiusmodi
551 277 753 320 duntaxat
792 277 834 318 in
873 275 996 317 tertia
1035 272 1214 314 editione
1251 272 1390 315 variae
1433 277 1658 312 occurrant

161 353 368 402 lectiones,
409 364 510 406 quas
546 354 705 389 mutata
745 345 957 389 Ecclesiae
998 342 1177 386 conditio
1221 341 1463 398 postularet.
1526 340 1658 383 Anno

162 425 271 467 1553
309 430 447 465 autem
487 420 672 463 Ecclesia
716 419 1036 475 peregrinorum
1076 415 1250 457 eandem
1278 415 1422 469 utique
1452 412 1659 455 referebat

160 494 384 549 imaginem
414 498 535 546 atque
566 506 614 532 eo
644 498 828 546 tempore
860 504 941 544 quo
973 487 1107 544 prima
1136 500 1291 527 excusa
1319 485 1398 526 fuit
1428 483 1566 527 editio.

216 565 356 606 Tertia
385 562 561 617 denique
590 561 712 603 editio
743 561 801 602 sic
831 558 1096 602 inscribitur:

217 637 300 678 Een
328 636 414 677 kort
443 635 593 690 beyrq'jp
624 634 693 674 der
725 632 923 684 Zeerinsslze
952 645 1028 671 van
1059 630 1106 670 de
1136 627 1403 681 waaraektiqe
1432 627 1529 669 ende
1559 627 1661 668 eenz'-

156 710 231 761 ylze
264 709 498 762 Glzemegmte
532 704 638 747 Gods
668 705 763 746 ende
797 703 958 752 Christi,
991 702 1086 742 ende
1115 714 1193 741 van
1222 700 1319 741 haer
1344 700 1534 752 ybelooue
1564 699 1661 740 ende

160 778 399 832 oprecbtiybe
438 777 672 833 belijdinqke
720 775 836 831 (tunc
874 772 1063 828 sequitur
1104 777 1278 813 stemma
1323 769 1531 822 Ctematii,
1581 770 1660 812 hoc

161 850 341 890 cinctum
383 847 604 888 lemmate:
649 847 731 887 Het
767 845 851 886 rike
891 846 960 885 der
989 843 1163 884 hamelen
1192 842 1230 882 is
1260 842 1323 882 als
1355 856 1423 882 een
1454 842 1660 894 verborqen

160 922 270 962 schot
298 919 340 960 in
370 919 443 960 den
473 919 598 960 acker.
629 918 760 959 Mam.
795 916 864 971 13)
898 915 1063 957 Roman.
1100 914 1152 955 10
1174 915 1208 955 b.
1232 914 1298 962 10,
1339 914 1489 955 Metter
1518 915 1662 955 herten

157 992 397 1046 yelooftmen
429 994 490 1030 ter
514 987 819 1042 yereebbiqke'yffi
851 986 945 1026 ende
984 988 1127 1025 metten
1158 984 1292 1024 monde
1321 984 1409 1024 doet
1439 997 1523 1024 men
1553 984 1665 1039 66Ζῇ-

161 1064 276 1116 (ἷὲηρε
311 1067 371 1103 ter
400 1061 606 1117 salickeyt.
668 1058 717 1100 In
748 1058 829 1100 fine
859 1055 1041 1112 legitur:
1082 1055 1306 1097 Glzedruelct
1335 1059 1374 1096 te
1405 1056 1574 1096 Embden
1609 1056 1664 1111 b3'7'

165 1133 336 1174 Gellium
370 1129 617 1173 Ctematium.
650 1131 764 1170 Anno
795 1127 919 1169 1565.

216 1202 404 1244 Multum
446 1201 555 1243 hanc
585 1199 803 1241 editionem
836 1214 861 1239 a
891 1198 1040 1253 prima,
1071 1195 1184 1238 unde
1215 1196 1433 1252 desumpta
1466 1202 1539 1247 est,
1573 1210 1663 1238 mu-

161 1281 288 1316 tatam
318 1288 416 1323 esse,
449 1272 534 1327 ipse
565 1271 648 1312 iam
678 1269 821 1311 titulus
852 1267 969 1310 nobis
990 1266 1185 1310 ostendit.
1230 1266 1387 1309 Addita
1416 1272 1514 1308 sunt
1544 1280 1661 1308 voca-

161 1344 258 1386 bula
286 1345 380 1385 ende
409 1343 666 1398 opreclztz'ylce,
699 1341 822 1383 alium
856 1356 878 1380 e
908 1340 1034 1382 sacris
1064 1338 1281 1394 scripturis
1313 1336 1478 1379 exhibet
1504 1336 1659 1385 locum,

161 1421 203 1455 et
246 1420 389 1455 contra
433 1412 582 1461 omisit,
626 1426 731 1467 quae
775 1411 815 1451 in
857 1410 1017 1466 primae
1047 1409 1238 1451 editionis
1267 1407 1389 1450 titulo
1420 1408 1516 1450 inde
1546 1424 1570 1450 a
1600 1411 1664 1450 de-

162 1485 300 1526 welche
336 1486 425 1525 door
455 1498 584 1538 usque
615 1482 664 1524 ad
696 1483 866 1535 reyalem
898 1482 1154 1523 autoritatem
1186 1479 1478 1535 sequebantur.
1536 1478 1665 1531 Quod

162 1562 297 1596 tamen
338 1553 504 1596 maioris
545 1554 741 1595 momenti
780 1559 854 1604 est,
900 1552 941 1594 in
997 1552 1086 1608 ipso
1137 1566 1303 1607 quoque
1350 1549 1492 1593 libello
1540 1550 1666 1592 Lasci

163 1625 213 1668 ad
270 1625 521 1668 Edwardum
578 1624 834 1666 desideratur
891 1623 1065 1679 epistola
1115 1630 1155 1665 et
1204 1622 1340 1665 brevis
1388 1622 1666 1664 Londinensis

163 1696 375 1738 Ecclesiae
405 1695 603 1751 Liturgia
633 1710 715 1736 non
748 1694 928 1751 amplius
958 1695 1000 1736 in
1031 1694 1114 1736 fine
1145 1694 1369 1750 reperitur.
1402 1692 1522 1746 Quae
1538 1707 1666 1750 porro

164 1768 205 1809 in
242 1770 329 1823 ipsa
360 1766 610 1809 confessione
641 1766 690 1807 de
720 1766 922 1808 industria
952 1773 1112 1808 mutata
1144 1766 1238 1816 sint,
1271 1764 1439 1822 longius
1469 1772 1574 1807 esset
1604 1779 1667 1808 re·

164 1852 330 1880 censere
360 1844 399 1879 et
427 1837 513 1892 ipse
559 1836 783 1879 diiudicare
824 1837 975 1893 poterit
1006 1837 1149 1888 lector,
1183 1837 1255 1893 qui
1285 1836 1417 1878 obiter
1446 1838 1579 1879 varias
1609 1839 1669 1879 in·

165 1909 310 1965 spiciat
331 1907 536 1958 lectiones,
560 1923 661 1963 quas
682 1908 721 1948 in
744 1908 823 1949 fine
845 1908 1110 1950 confessionis
1132 1907 1182 1949 ad
1203 1908 1438 1964 marginem
1465 1907 1668 1951 dedimus.

221 1978 367 2020 Unum
406 1984 565 2020 tantum
614 1978 734 2019 huius
779 1979 965 2021 editionis
996 1978 1210 2035 exemplar
1250 1993 1477 2034 superesse,
1508 1980 1669 2022 censuit

167 2048 231 2092 Cl.
273 2048 426 2099 Vinke,
476 2048 515 2090 id
568 2049 766 2090 nimirum
825 2049 933 2104 quod
991 2049 1099 2091 Bibl.
1160 2049 1436 2091 Ultraiectina
1491 2050 1669 2106 possidet

168 2119 328 2177 (Theol.
360 2118 456 2163 Oet.
497 2135 537 2162 n.
571 2120 697 2176 711):
731 2119 907 2161 alterum
940 2120 1028 2162 eius
1057 2119 1272 2176 exemplar
1302 2136 1376 2162 nos
1406 2121 1538 2177 igitur
1567 2121 1668 2163 indi·

168 2206 262 2232 care
291 2205 423 2246 posse,
455 2196 517 2232 est
548 2190 654 2245 quod
687 2189 953 2232 vehementer
984 2191 1232 2247 gaudemus·
1290 2190 1668 2246 Exquisitissimum

167 2273 346 2312 namque
390 2266 430 2299 et
459 2273 556 2299 vere
597 2258 819 2313 pretiosum
863 2258 1063 2310 libellum,
1107 2259 1157 2300 de
1188 2274 1269 2315 quo
1300 2260 1383 2301 iam
1414 2261 1666 2312 monuimus,

167 2331 208 2371 in
238 2328 482 2370 bibliotheca
511 2329 894 2371 Remonstrantium
923 2329 1578 2386 Amstelodamensideprendisse
1599 2346 1671 2373 no-

168 2399 228 2440 bis
266 2398 450 2453 contigit.
512 2397 706 2456 Catalogi
737 2415 961 2441 numerum
994 2402 1250 2456 adscriptum
1284 2401 1359 2443 sibi
1391 2401 1512 2443 habet
1541 2408 1671 2444 cente-

167 2472 305 2511 simum
340 2470 525 2510 decimum
580 2470 759 2524 quintum
803 2476 843 2511 et
897 2478 1061 2526 praeter
1103 2473 1335 2514 versionem
1388 2470 1669 2514 confessionis

168 2538 454 2589 Londinensis‚
487 2540 624 2580 omnia
655 2539 740 2581 fere
770 2540 965 2596 liturgica
995 2548 1036 2582 et
1065 2543 1292 2599 symbolica
1323 2543 1503 2585 eiusdem
1526 2544 1669 2587 Eccle-

168 2612 249 2650 siae
288 2610 439 2664 scripta
469 2610 664 2651 continet.
726 2609 970 2664 Sequuntur
1002 2612 1101 2653 haec
1132 2614 1172 2654 in
1205 2613 1345 2655 libello
1375 2614 1499 2656 huius
1529 2601 1672 2657 biblio·

168 2680 308 2721 thecae
356 2678 499 2721 ordine
549 2694 669 2733 quem
704 2679 856 2722 dicam:
905 2682 963 2724 10.
999 2684 1262 2725 catechismus
1291 2685 1412 2726 Lond.
1444 2685 1569 2727 maior
1608 2685 1671 2726 ed.

167 2765 203 2792 a.
238 2751 345 2791 1558
377 2749 486 2805 apud
517 2748 781 2794 Ctematium.
820 2753 878 2793 20.
914 2750 1179 2795 Cateelaismus
1207 2754 1330 2796 Lond.
1375 2756 1512 2807 minor,
1546 2770 1670 2812 quem

167 2819 399 2861 Micronius
430 2820 684 2875 conscripsit,
716 2820 778 2864 ed.
811 2837 846 2864 a.
871 2822 980 2864 1558
1003 2823 1114 2879 apud
1142 2823 1412 2869 Gtematium.
1446 2826 1505 2868 30.
1530 2828 1671 2870 Brevis
