1818 3178
158 159 228 194 150
507 161 556 187 os
584 155 866 186 SACRAMENTIS
895 152 1109 180 ECCLESIAE
1122 162 1125 165 -
1137 152 1318 180 cnmsTI.

159 267 247 305 ralis
277 268 444 303 constare
470 260 732 308 intelligamus,
749 278 799 287 —-
825 256 871 294 ad
900 254 1058 293 eundem
1083 254 1331 305 proculdubio
1358 254 1510 291 modum
1531 258 1566 292 et
1584 254 1675 292 alte-

159 344 238 368 ram
271 330 373 366 illam
400 323 676 363 daemoniorum
705 319 1000 358 communionem
1039 317 1303 356 distributione
1342 319 1423 368 ipsa
1451 318 1675 355 daemonum

161 407 223 444 per
252 391 410 430 ministri
445 400 588 430 manus,
623 398 664 422 ac
701 397 848 421 rursum
886 381 1185 419 communionem
1219 382 1324 419 illam
1362 382 1513 419 sacrarii
1550 381 1679 427 divini,

161 470 255 507 quae
293 467 379 492 sane
414 457 447 489 ct
475 452 554 502 ipsa
583 449 882 486 communionem
912 446 1078 497 corporis
1106 445 1246 483 Christi
1271 447 1312 484 in
1339 460 1377 484 se
1406 447 1679 497 complecteba-

160 528 230 564 tur,
270 520 347 569 ipsa
382 517 491 554 etiam
529 514 791 552 distributione
826 525 889 563 per
924 524 1054 548 manus
1092 511 1254 548 ministri
1283 516 1452 549 constare
1479 510 1680 562 oportebit.

162 588 235 622 Aut
274 596 359 619 sane
393 581 431 617 in
470 580 590 617 verbis
628 579 671 615 de
708 590 841 615 caenae
868 575 1041 625 mysterio
1071 588 1143 612 vox
1171 576 1443 613 communionis
1471 576 1589 613 active
1616 588 1680 613 ex-

161 647 248 698 poni
284 647 329 682 ad
369 644 467 680 hunc
502 642 654 679 modum
691 655 765 678 non
794 640 941 691 poterit,
978 639 1009 676 si
1034 638 1074 675 in
1101 644 1258 688 utraque
1284 639 1397 676 altera
1423 640 1487 676 illa
1516 652 1681 676 commu-

161 710 271 746 nione
298 707 415 744 active
442 706 488 742 ad
515 705 673 742 eundem
702 703 854 740 modum
882 702 999 752 accipi
1026 714 1103 738 non
1130 707 1252 751 queat.

211 772 297 810 Quo
334 774 441 820 pacto
479 782 562 806 vero
600 772 661 805 aut
697 767 736 804 in
771 766 1021 803 immolatitiis
1059 765 1174 815 epulis
1223 765 1418 802 daemones
1463 765 1535 816 ipsi
1569 765 1681 802 mini-

167 842 326 874 strorum
364 833 550 877 manibus,
585 839 649 869 aut
677 844 823 868 rursum
851 830 891 867 in
918 829 1071 866 Israelis
1108 828 1302 866 sacrificiis
1338 828 1407 865 sub
1435 829 1586 865 sacrarii
1613 842 1682 866 no-

166 901 262 937 mine
299 898 397 935 Deus
432 897 522 947 ipse,
556 897 752 947 ipsumque
787 895 878 932 adeo
909 907 1045 944 corpus
1074 893 1226 938 Christi,
1252 893 1352 943 quod
1380 893 1548 930 nondum
1575 898 1683 930 exta-

166 965 238 1007 bat,
276 962 569 1004 distribueretur,
613 973 697 996 cum
733 971 851 1009 neque
879 958 1077 995 daemones
1104 957 1278 995 manibus
1305 958 1436 999 teneri,
1465 958 1600 994 nedum
1627 957 1685 995 di-

164 1029 298 1067 stribui
331 1032 496 1078 possent,
532 1029 591 1073 (ut
629 1025 672 1061 de
700 1024 825 1061 divina
853 1027 986 1060 natura
1012 1022 1200 1070 tace-(fol.
1229 1020 1396 1070 42¹’)a1n)
1424 1027 1459 1059 et
1486 1022 1586 1059 filius
1615 1021 1685 1058 Dci

164 1093 307 1130 nullum
342 1091 463 1128 adhuc
501 1102 632 1139 corpus
670 1088 832 1133 haberet,
859 1108 910 1115 —
937 1091 972 1124 et
1008 1085 1253 1124 nihilominus
1281 1091 1403 1124 tamen
1433 1085 1583 1123 Israelis
1611 1085 1685 1122 Ec-

165 1157 272 1194 clesia
308 1155 379 1206 ipsi
416 1154 559 1204 corpori
596 1166 638 1190 ac
675 1152 849 1201 sanguini
896 1151 1034 1189 Christi
1069 1151 1109 1187 in
1145 1150 1221 1188 suis
1256 1151 1331 1188 illis
1369 1150 1559 1188 sacrificiis
1604 1163 1686 1187 vere

164 1228 199 1258 ct
234 1219 278 1256 ad
315 1219 469 1256 salutem
506 1217 806 1261 communicaret,
850 1216 922 1253 nisi
957 1216 989 1252 si
1026 1228 1101 1252 non
1138 1215 1296 1252 eandem
1340 1215 1537 1252 nobiscum
1565 1227 1685 1251 escam

171 1284 370 1335 spiritalem
397 1283 561 1325 ederunt,
588 1281 758 1330 idemque
785 1280 960 1330 poculum
989 1279 1177 1323 biberunt,
1210 1292 1341 1329 nempe
1364 1279 1575 1324 Christum3
1597 1291 1686 1315 con-

166 1352 224 1385 tra
252 1361 362 1397 quam
392 1347 526 1383 Paulus
555 1345 674 1382 docet.

219 1411 329 1449 Quod
361 1411 391 1447 si
419 1423 536 1459 neque
563 1409 598 1446 in
629 1409 744 1459 epulis
772 1407 1030 1452 immolatitiis,
1059 1420 1176 1457 neque
1202 1407 1292 1444 item
1319 1407 1359 1443 in
1389 1406 1542 1443 Israelis
1571 1406 1686 1443 sacri-

165 1476 271 1519 ficiis,
301 1474 509 1511 communio
542 1473 622 1523 ipsa
656 1474 710 1510 vel
739 1473 974 1516 daemonum,
1009 1472 1065 1508 vel
1095 1471 1257 1515 sacrarii,
1284 1471 1323 1508 in
1352 1471 1475 1521 aliqua
1503 1471 1688 1508 eiusmodi

167 1537 440 1575 distributione·
484 1535 660 1573 constitui
704 1540 837 1585 potest,
883 1548 976 1585 quae
1019 1534 1194 1571 manibus
1237 1534 1399 1571 ministri
1442 1537 1689 1584 perageretur,

172 1601 484 1652 quemadmodum
521 1613 608 1637 sane
644 1599 821 1637 constitui
866 1599 968 1636 nulla
1014 1598 1158 1636 ratione
1192 1602 1327 1649 potest,
1353 1620 1404 1626 —
1439 1597 1622 1648 equidem.
1658 1597 1689 1635 si

173 1665 322 1702 collatio
359 1664 513 1701 Paulina
550 1664 668 1701 valere
706 1663 848 1709 debeat,
885 1676 931 1700 ne
955 1663 995 1700 in
1025 1675 1136 1700 caena
1162 1662 1313 1713 quidem
1341 1662 1494 1699 Domini
1523 1674 1688 1699 commu-

174 1729 235 1765 nio
264 1733 389 1765 nostra
416 1728 454 1764 in
484 1740 635 1778 corpore
663 1732 697 1764 et
727 1727 905 1774 sanguine
934 1726 1072 1764 Christi
1101 1726 1279 1764 constitui
1313 1727 1390 1763 ullo
1427 1727 1539 1763 modo
1566 1730 1690 1776 potest

170 1793 207 1829 in
245 1806 299 1836 ea,
334 1805 426 1842 (luae
452 1792 625 1828 manibus
652 1792 815 1830 ministri
841 1793 918 1836 fiat,
947 1791 1111 1842 corporis
1139 1795 1174 1829 ct
1203 1791 1396 1840 sanguinis
1425 1791 1482 1828 sui
1510 1791 1690 1828 naturalis

172 1856 434 1893 distributione
461 1860 523 1892 aut
549 1856 794 1906 porrectione.

224 1919 334 1957 Unde
361 1920 506 1957 demum
533 1920 641 1957 facile
669 1924 722 1957 est
751 1920 884 1962 videre,
914 1923 1043 1957 contra
1069 1923 1231 1957 mentem
1259 1920 1367 1957 Pauli
1394 1932 1463 1957 nos
1490 1920 1623 1965 facere,
1658 1919 1690 1957 si

175 1997 299 2021 vocem
337 1984 607 2022 communionis
642 1985 682 2022 in
719 1985 840 2022 verbis
877 1985 952 2022 suis
986 1985 1030 2023 de
1067 1998 1200 2023 caenae
1245 1985 1422 2036 mysterio
1467 1985 1587 2022 active
1621 1998 1688 2036 pro

174 2047 253 2097 ipsa
290 2047 562 2092 distributione,
600 2052 635 2086 et
670 2062 746 2086 non
782 2049 905 2099 potius
932 2050 1078 2099 passive
1104 2062 1172 2100 pro
1199 2049 1279 2100 ipsa
1307 2049 1591 2100 participatione
1627 2063 1689 2086 seu

177 2113 349 2150 societate
385 2113 535 2163 iureque
568 2117 603 2150 et
638 2127 707 2150 usu
739 2113 838 2150 illius
874 2113 1118 2164 accipiamus3
1155 2114 1194 2151 in
1231 2127 1301 2164 qua
1338 2113 1488 2164 quidem
1516 2113 1692 2151 societate

178 2190 260 2213 vere
296 2177 340 2213 ad
369 2177 522 2214 salutem
552 2184 718 2215 nostram
747 2178 914 2215 fruamur
943 2179 1027 2226 (fol.
1055 2180 1140 2226 43a)
1168 2179 1248 2229 ipso
1279 2192 1432 2229 corpore
1459 2183 1494 2215 et
1510 2178 1691 2228 sanguine

183 2240 331 2286 Christi,
375 2241 518 2279 etiamsi
545 2242 589 2279 de
615 2242 683 2279 tali
708 2242 808 2279 illius
837 2242 1112 2288 distributione,
1140 2257 1233 2294 quae
1259 2257 1322 2295 per
1352 2257 1486 2281 coenae
1513 2244 1691 2281 elementa

183 2304 343 2341 ministri
368 2305 538 2342 manibus
566 2307 641 2348 fiat,
670 2306 763 2342 nihil
792 2306 942 2344 omnino
970 2297 1228 2356 imaginemur.

233 2367 372 2417 Estque
405 2369 478 2405 iam
513 2370 759 2420 perspicuum,
795 2383 924 2408 vocem
961 2372 1233 2409 communionis
1269 2372 1307 2409 in
1351 2371 1459 2409 Pauli
1486 2371 1530 2408 de
1559 2384 1692 2408 caenae

185 2432 358 2480 mysterio
396 2433 515 2469 verbis
561 2447 635 2471 non
671 2435 788 2472 active
823 2448 890 2485 pro
929 2436 1191 2474 distributione
1226 2437 1505 2488 porrectioneve
1532 2449 1595 2486 per
1621 2435 1692 2472 mi*

186 2494 356 2540 nistrum,
391 2495 452 2532 sed
487 2498 629 2546 passive
665 2499 788 2549 potius
824 2512 891 2550 pro
920 2501 1094 2538 socictate
1119 2502 1270 2552 iureque
1296 2513 1339 2538 ac
1374 2513 1444 2538 usu
1462 2499 1693 2537 communio-

188 2557 245 2594 nis
272 2557 388 2608 accipi
414 2568 592 2609 oportere,
629 2575 721 2611 quae
749 2563 888 2599 nullam
915 2563 1127 2602 istiusmodi
1154 2564 1453 2602 distributionem
1483 2564 1657 2614 requirat.

239 2622 298 2665 Et,
327 2622 357 2659 si
384 2622 422 2659 in
450 2636 583 2661 cocnac
608 2627 781 2674 mysterio
811 2640 881 2664 vox
909 2629 1181 2667 communionis
1208 2629 1326 2666 active
1344 2641 1411 2679 pro
1431 2627 1695 2666 distributione

185 2686 321 2736 exponi
353 2699 427 2723 non
462 2692 596 2736 potest,
630 2688 674 2726 de
708 2703 780 2740 quo
817 2691 956 2742 alioqui
991 2693 1223 2743 potissimum
1260 2694 1480 2743 interpretes
1517 2692 1694 2729 dissidere

187 2750 370 2797 videntur,
406 2764 493 2788 sane
520 2764 566 2789 ne
591 2753 629 2789 in
657 2754 737 2791 aliis
765 2756 913 2805 quidem
942 2758 1189 2796 Sam-amentis
1216 2758 1335 2796 active
1362 2758 1498 2808 exponi
1524 2770 1694 2808 quoquo-

185 2815 295 2852 modo
324 2820 455 2866 potest,
489 2828 573 2852 cum
600 2817 646 2854 sit
672 2830 784 2856 unum
811 2826 919 2870 atque
944 2821 1043 2859 idem
1062 2823 1274 2872 mysterium
1292 2823 1459 2860 omnium
1479 2823 1694 2860 Sacramen-

190 2886 325 2924 tormn,
351 2879 662 2930 quemadmodum
689 2881 827 2920 dictum
853 2889 907 2921 cst
934 2884 1004 2922 iam
1033 2898 1078 2922 ex
1105 2891 1208 2936 parte
1235 2891 1270 2924 et
1299 2887 1420 2924 adhuc
1447 2886 1601 2924 dicetur.
