1818 3178
712 117 938 146 PRAEFATIO
944 136 953 146 .
1493 116 1593 144 CXXI

81 223 214 266 Deum
262 222 361 280 Opt.
407 222 525 264 Max.
567 222 725 264 dedisse
758 223 969 265 fortunam
1000 222 1041 265 in
1074 237 1198 264 causa
1228 221 1490 278 praesertim,
1522 220 1593 264 ubi

77 293 173 350 plus
204 294 371 336 fortuna
402 308 528 349 quam
561 293 781 335 consilium
813 293 961 337 valeat.

136 364 298 418 Quodsi
338 366 429 420 quis
467 364 572 406 forte
615 366 782 407 fortuna
812 364 940 407 Lasei
971 366 1126 421 scripta
1157 364 1220 406 vel
1253 364 1458 421 epistolaS,
1491 380 1592 421 quas

79 437 180 479 mihi
219 437 456 493 incognitas
486 453 573 479 esse
603 437 728 478 editio
759 444 901 478 nostra
932 445 1097 493 arguat,
1130 437 1214 478 sive
1245 437 1285 478 in
1320 437 1480 492 privata
1512 437 1596 480 col-

78 509 254 552 lectione
275 509 479 565 possideat
501 510 601 566 ipse,
626 509 711 551 sive
733 510 775 550 in
798 508 1074 560 Bibliotheca,
1100 524 1207 565 quae
1233 509 1400 566 publice
1422 517 1593 566 prostet,

78 578 250 621 ubilibet
280 579 410 621 latere
441 580 558 630 sciat,
591 579 704 621 hunc
735 579 1004 621 vehementer
1034 580 1159 621 etiam
1192 588 1317 636 atque
1338 582 1463 622 etiam
1486 596 1593 638 rogo

78 658 118 692 et
149 666 224 707 per
254 651 448 693 scientiae
479 651 589 692 alma
620 652 712 692 iura
737 665 894 706 perque
916 650 1044 706 ipsius
1065 650 1190 692 Lasci
1211 666 1354 693 manes
1375 666 1450 694 oro
1471 658 1594 707 atque

77 721 270 774 obtestor,
306 730 350 764 ut
371 722 472 764 haec
496 723 606 774 mihi,
630 722 937 778 qualiacunque
960 721 1125 763 tandem
1153 736 1199 764 ea
1221 723 1316 773 sint,
1346 724 1593 779 quantocius

78 793 262 836 indicare
294 793 405 844 velit,
438 794 682 850 priusquam
705 793 896 836 editionis
919 799 1088 835 nostrae
1110 800 1372 849 postremum
1396 794 1592 838 volumen

78 881 130 908 ex
161 866 325 908 officina
357 867 614 924 typographi
644 867 832 922 prodeat.

137 938 187 980 In
228 938 310 980 fine
351 937 529 993 denique
570 937 806 980 excusanda
852 937 950 979 mihi
982 944 1043 979 est
1074 938 1353 994 inscriptionis
1384 940 1424 982 in
1456 939 1592 983 tribus

78 1011 290 1067 opusculis
322 1011 497 1060 omissio,
533 1025 638 1065 quae
669 1025 735 1051 me
768 1025 947 1066 peregre
980 1010 1383 1067 circumvagantem,
1420 1020 1464 1054 ut
1483 1012 1529 1054 fit
1550 1014 1591 1055 in

77 1083 302 1132 itineribus,
325 1082 445 1139 fugit,
467 1082 598 1124 donec
618 1083 750 1124 serius
771 1083 898 1125 eheu!
931 1082 1042 1124 domi
1064 1098 1150 1124 sese
1166 1083 1374 1139 proderet.
1406 1083 1594 1128 Iudicem

80 1170 178 1196 vero
219 1169 362 1196 rerum
405 1162 528 1209 atque
573 1154 792 1196 nominum
836 1154 886 1195 de
927 1154 1132 1197 industria
1171 1155 1327 1197 idcirco
1367 1157 1511 1212 pressi,
1543 1157 1596 1200 ad

78 1227 234 1269 calcem
267 1227 375 1268 tertii
407 1227 632 1270 voluminis
662 1242 751 1269 eam
786 1226 1063 1277 exhibiturus,
1098 1228 1208 1282 quod
1240 1228 1430 1270 nondum
1460 1230 1594 1272 omnis

78 1299 246 1341 evanuit
287 1299 385 1340 mihi
426 1314 519 1354 spes
564 1307 687 1355 atque
719 1299 983 1356 exspectatio,
1019 1299 1108 1341 fore
1140 1307 1186 1341 ut
1218 1299 1421 1355 quaedam
1452 1300 1595 1342 etiam-

78 1382 180 1409 num
220 1365 420 1408 anecdota
460 1366 586 1409 Lasei
614 1375 886 1410 monumenta
917 1368 1155 1424 appendicis
1187 1368 1278 1410 loco
1308 1369 1349 1410 in
1382 1377 1593 1425 postremo

79 1436 291 1478 volumine
333 1435 586 1493 adspergere
634 1451 797 1491 queam,
841 1452 1022 1492 quorum
1069 1438 1201 1494 igitur
1247 1439 1439 1481 materies
1485 1439 1595 1482 haud

76 1507 224 1551 leviter
254 1507 434 1550 indicem
465 1521 607 1549 rerum
640 1507 920 1564 perturbaret,
953 1508 987 1550 si
1016 1523 1132 1550 nunc
1161 1509 1243 1551 iam
1271 1510 1379 1567 typis
1401 1525 1593 1563 excusus,

80 1580 366 1622 inordinatum
398 1580 569 1636 posthac
600 1581 809 1636 acciperet
837 1579 1182 1624 additamentum.

82 1723 326 1768 scribebam
357 1725 397 1766 in
430 1739 541 1781 pago
573 1725 711 1767 BEEs'r
743 1725 801 1781 (in
835 1724 983 1768 Gelria
1016 1725 1307 1783 Batavorum),

140 1797 270 1852 pridie
301 1811 431 1839 nonas
461 1796 718 1839 Decembres
749 1813 786 1840 a.
819 1811 1055 1842 MDCCCLXV.

1079 1944 1136 1986 A.
1166 1944 1363 1987 KUYPER.
