1818 3178
192 146 265 181 194
545 148 593 173 ni:
623 142 903 173 SAGRAMEN'Hs
934 141 1151 170 nocensne
1180 142 1366 172 cnms'rt.

197 267 295 292 esse:
330 252 508 291 Primum,
541 248 648 283 illum
687 259 821 296 panem
857 249 892 282 et
927 245 1105 295 poculum
1148 257 1211 282 suo
1250 245 1381 282 ordine
1408 245 1448 282 in
1477 257 1560 282 suas
1588 258 1722 282 manus

201 315 420 364 sumpsisse3
457 309 589 347 deinde
623 307 702 344 Deo
738 307 840 344 Patri
878 320 943 343 suo
981 319 1058 343 non
1087 307 1311 369 wilgar-ibus
1329 307 1578 358 proculdubio
1608 308 1728 345 verbis

199 378 336 426 gratias
363 375 493 422 egisse.
548 373 679 409 l'ostea
716 384 847 421 panem
885 371 1007 421 ipsum
1035 371 1191 420 fregisse
1218 376 1330 421 atquc
1357 372 1638 409 accumbentem
1667 383 1730 408 ac-

202 440 459 478 cumbentibus
498 435 701 486 Apostolis,
741 443 782 472 ut
817 436 1027 485 acciperent
1055 435 1206 472 ederent
1233 449 1276 472 ae
1305 436 1486 482 biberent,
1525 436 1732 486 porrexisse

200 515 234 542 ct
273 504 428 540 dixisse:
469 501 552 537 llec
581 503 635 536 est
664 512 796 549 eorpus
824 512 959 543 mcum,
987 499 1088 549 quod
1116 513 1182 549 pro
1213 500 1318 537 vobis
1348 500 1456 537 datur
1483 500 1560 547 (vel
1585 500 1730 549 frangi-

203 578 273 609 tur,
317 575 355 604 ut
391 566 527 603 Paulus
565 564 708 611 habet),
745 564 816 601 hoc
844 570 899 601 est
928 564 1080 612 sanguis
1109 577 1210 601 meus
1238 566 1320 612 (seu
1348 565 1419 601 hoe
1449 571 1504 602 est
1529 569 1731 602 testamen-

201 640 279 668 tum
307 630 346 666 in
374 641 454 665 meo
483 627 675 675 sanguine,
702 627 1014 676 quemadmodum
1042 626 1180 663 Paulus
1209 635 1244 664 et
1271 627 1393 665 Lucas
1421 630 1635 676 testantur),
1668 628 1731 678 qui

200 708 264 744 pro
302 692 418 736 vobis,
453 698 494 728 ut
530 690 650 727 Lucas
688 691 752 736 ait,
789 694 850 727 aut
877 703 944 741 pro
986 690 1065 740 ipsa
1092 690 1331 729 multitudine
1359 691 1573 735 effunditur,
1600 705 1730 742 quem·

202 757 402 795 admodum
434 755 621 792 Mattheus
649 760 685 792 ct
715 755 865 792 Marcus
896 755 1046 792 habent.

253 823 338 859 lloc
373 820 488 868 igitur
515 820 555 856 in
583 819 731 868 signum
761 833 897 856 coenae
925 833 1011 856 suae
1037 833 1060 856 a
1088 819 1251 856 Domino
1281 820 1529 857 constitutum
1558 834 1636 858 esse
1665 821 1730 858 ha-

205 888 352 930 bemus,
391 889 428 921 ut
465 884 632 933 exemplo
669 883 786 934 ipsius
825 897 958 934 panem
994 897 1036 921 ac
1073 885 1250 934 poculum
1279 897 1426 930 coenae,
1461 886 1592 936 quiin
1619 886 1732 923 mini·

202 951 312 989 sterio
353 948 539 986 Ecclesiae
578 948 720 985 Christi
756 949 837 984 loco
877 949 990 998 positi
1028 953 1127 996 sunt,
1162 949 1201 986 in
1240 962 1374 987 manus
1413 963 1497 987 suas
1534 950 1733 1001 accipiant,

204 1021 243 1052 ut
278 1014 417 1063 gratias
455 1019 568 1061 agant
603 1012 683 1049 Deo
718 1013 873 1063 pa-(fol.
913 1013 1047 1060 95³)tri
1080 1027 1148 1063 pro
1187 1014 1317 1051 delatis
1354 1014 1430 1051 suis
1465 1019 1558 1064 erga
1586 1028 1657 1052 nos
1690 1014 1732 1052 in

205 1078 352 1115 Christo
380 1076 541 1113 Domino
572 1076 773 1122 benefieiis,
801 1082 848 1120 et,
875 1077 968 1114 actis
990 1076 1067 1114 Deo
1096 1078 1194 1127 patri
1221 1091 1284 1128 per
1314 1078 1506 1115 Christum
1526 1077 1731 1115 Dominum

204 1142 358 1190 graffiis,
393 1154 526 1190 panem
565 1141 740 1188 frangant
779 1153 862 1177 cuni
897 1141 1082 1191 passionis
1124 1142 1333 1179 dominicae
1370 1142 1734 1184 commemoratione,

207 1209 436 1253 fractumque
474 1203 621 1240 deinum
658 1216 790 1253 panem
827 1210 937 1253 atque
975 1210 1192 1254 apparatum
1218 1205 1256 1242 in
1281 1205 1353 1242 hoc
1379 1206 1554 1255 poculum
1581 1218 1732 1242 accum-

210 1270 337 1305 bentes
383 1267 619 1304 accumbenti
664 1266 776 1304 ctiam
811 1266 1000 1306 Ecclesiae
1046 1269 1253 1317 porrigant,
1290 1273 1330 1306 ut
1368 1269 1525 1319 accipiat
1561 1270 1647 1307 edat
1690 1280 1733 1305 ac

209 1334 312 1370 bibat
339 1334 377 1369 in
408 1332 548 1369 Christi
576 1331 731 1368 Domini
757 1332 1067 1370 recordationem.

256 1398 341 1434 Hoc
376 1397 439 1441 ita,
475 1396 641 1446 iuquam,
668 1410 688 1432 a
718 1397 866 1433 Christo
896 1396 1060 1433 Domino
1091 1402 1126 1434 et
1155 1397 1233 1434 eius
1262 1398 1456 1448 Apostolis
1485 1399 1625 1435 factum
1653 1411 1733 1436 esse

207 1463 362 1510 legimus
397 1461 436 1497 in
473 1461 591 1511 prima
629 1473 763 1497 coenae
793 1461 1155 1512 suae-institutione.
1211 1461 1261 1498 Et
1300 1475 1382 1499 cuin
1418 1463 1456 1499 id
1483 1463 1605 1513 ipsum
1634 1476 1734 1508 sane,

208 1540 280 1564 mm
309 1530 432 1562 autem
461 1525 560 1561 aliud
592 1525 793 1575 quidquam
820 1525 940 1562 facere
967 1525 1159 1562 iubeanun·
1180 1526 1356 1563 mandato
1376 1527 1441 1564 illo
1473 1528 1566 1564 ahoe
1585 1527 1734 1573 facite’'‚

207 1591 428 1640 signumque
464 1591 501 1627 in
540 1596 771 1626 sacramento
807 1589 844 1626 id
881 1590 939 1636 sit,
975 1590 1077 1640 quod
1112 1591 1150 1627 in
1184 1597 1337 1636 externo
1367 1591 1555 1629 Ecclesiae
1582 1591 1734 1642 eiusque

207 1655 461 1692 ministrorum
491 1667 600 1704 opere
626 1654 731 1690 iuxta
767 1654 830 1691 Dei
858 1654 1079 1691 mandatum
1106 1656 1269 1705 positum
1299 1669 1378 1692 esse
1406 1660 1564 1702 constat,
1582 1669 1732 1707 —per-

204 1719 373 1769 spic-uum
411 1725 477 1764 cst,
514 1719 664 1767 signum
702 1731 836 1755 coenae
875 1719 1083 1756 dominicae
1118 1733 1197 1756 esse
1232 1720 1339 1770 panis
1375 1734 1418 1757 ac
1443 1721 1571 1771 poculi
1598 1734 1733 1759 coenae

206 1786 391 1835 publicani
427 1786 463 1822 in
495 1792 601 1822 coetu
630 1784 818 1822 Ecclesiae
845 1786 882 1821 in
911 1799 1044 1822 manus
1072 1785 1329 1835 ministrorum
1357 1787 1618 1836 sumptionem,
1645 1799 1732 1836 gra-

208 1849 341 1886 tiarum
369 1849 577 1891 aetioneino
604 1849 823 1886 fractionem
861 1848 968 1898 panis
1005 1850 1156 1899 eiusque
1186 1850 1346 1896 demum,
1372 1863 1416 1887 ac
1442 1856 1571 1901 postea
1597 1851 1734 1901 poculi,

202 1913 444 1949 accumbente
479 1895 646 1949 Ecclesia
683 1912 996 1956 distributionem,
1033 1914 1285 1963 acceptionem
1324 1919 1511 1964 praeterea
1541 1915 1732 1965 utriusque

203 1979 247 2014 ai)
284 1978 364 2027 ipsa
400 1977 567 2014 Ecclesia
595 1981 631 2015 et
660 1977 792 2015 deinde
820 1990 949 2015 corum
977 1979 1305 2029 participationem
1344 1992 1426 2017 cum
1464 1980 1632 2030 mysterii
1665 1994 1730 2031 per

199 2040 289 2077 haec
317 2041 441 2078 oinnia
471 2042 685 2079 adumbrati
712 2042 972 2092 explicatione.

247 2104 343 2150 Hoc,
378 2105 543 2156 inquam,
579 2107 727 2155 signum
756 2119 891 2144 coenae
921 2106 1128 2144 dominicae
1165 2121 1244 2145 esse
1271 2108 1356 2154 (fol.
1385 2105 1470 2156 95b)
1499 2109 1657 2146 dicimus
1683 2122 1729 2147 ex

198 2169 301 2206 Pauli
339 2171 511 2220 Apostoli
548 2175 583 2208 et
611 2171 941 2218 Euangelistarum
968 2173 1197 2216 narratione,
1224 2172 1326 2223 quod
1355 2172 1487 2210 ordine
1514 2186 1579 2223 per
1605 2164 1738 2223 partes

198 2233 362 2281 singulas
400 2234 472 2271 iam
510 2235 731 2282 intueamur,
766 2240 807 2272 ut
847 2235 1048 2282 videamus,
1076 2251 1147 2286 qua
1175 2243 1279 2287 parte
1309 2238 1445 2275 violata
1474 2238 1522 2275 sit
1550 2239 1729 2276 hactenus

204 2309 339 2333 coenae
374 2297 590 2336 Doniinieac
626 2299 815 2336 institutio
853 2300 889 2337 in
930 2301 1029 2349 signi
1057 2301 1173 2351 ipsius
1202 2301 1500 2339 consideratione
1525 2315 1591 2352 per
1618 2302 1729 2340 Anti·

205 2360 443 2398 christianam
470 2363 590 2413 Papae
619 2364 781 2401 Romani
806 2366 1046 2414 tyrannidem
1073 2371 1108 2403 et
1136 2366 1324 2403 simiarum
1354 2367 1483 2417 ipsius.

254 2427 375 2472 Atque
412 2439 498 2462 sanc
539 2428 593 2463 iel
629 2441 672 2464 cx
711 2428 789 2465 sola
829 2441 964 2466 coenae
993 2430 1201 2467 dominicae
1229 2430 1491 2481 profanatione
1527 2431 1636 2469 facile
1662 2445 1728 2481 ap-

203 2492 317 2535 paret,
356 2488 491 2538 Papam
528 2490 738 2528 Romanum
776 2505 900 2529 verum
937 2493 1186 2543 proculdubio
1232 2493 1508 2531 Antioehristum
1540 2507 1639 2539 esse,
1666 2495 1728 2544 qui

207 2549 278 2586 vim
317 2563 462 2588 omnem
499 2566 541 2589 ac
580 2554 798 2603 dignitatem
828 2557 967 2594 Christi
993 2557 1149 2596 Domini
1175 2558 1214 2596 in
1243 2571 1308 2596 suo
1338 2557 1554 2595 Sacerdotio
1583 2560 1728 2609 suppri-

206 2624 303 2648 mere
340 2613 447 2662 plane
483 2621 648 2658 conatur,
676 2622 710 2655 et
747 2619 841 2655 nihil
879 2633 955 2657 non
990 2621 1080 2669 agit,
1113 2625 1154 2658 ut
1193 2622 1231 2658 in
1269 2634 1354 2658 suae
1388 2621 1498 2658 huius
1524 2621 1727 2672 impietatis

202 2676 415 2713 societatem
451 2678 585 2726 partim
610 2683 735 2729 poculi
772 2683 830 2720 sui
855 2685 1055 2721 meretricii
1081 2685 1292 2731 lenociniis,
1319 2685 1454 2736 partim
1482 2698 1568 2723 vero
1596 2689 1726 2736 tyran—

202 2741 288 2777 nide
317 2754 393 2784 sua,
421 2742 630 2791 pertrahere
658 2757 784 2784 omnes
812 2749 940 2797 possit..

254 2805 292 2842 Is
337 2805 452 2854 igitur
488 2806 527 2843 in
563 2807 642 2857 ipso
687 2810 785 2858 signi
831 2825 966 2850 coenae
1001 2814 1222 2853 Dominicae
1256 2814 1366 2853 initio
1400 2815 1603 2866 impietatis
1637 2828 1726 2854 mox

203 2883 289 2906 suae
322 2870 474 2908 minime
510 2871 708 2909 obscurum
747 2876 929 2924 specimen
968 2877 1082 2916 dedit.
1113 2879 1284 2917 Christus
1312 2880 1497 2917 Dominus
1523 2880 1561 2917 in
1592 2893 1727 2918 coenae
