1818 3178
166 120 212 156 14
621 124 670 149 DE
697 122 861 149 CHRISTI
888 121 1206 151 INCARNATIONE.

164 229 281 265 factus
317 224 546 267 Emmanuel,
588 223 626 259 in
670 222 779 259 nobis
825 235 907 259 vere
942 221 1045 259 iuxta
1081 223 1274 267 Ioannem,
1310 223 1379 260 hoe
1415 226 1470 260 est
1496 222 1535 259 in
1571 234 1680 260 carne

164 297 290 328 nostra
318 289 511 326 habitaret.
546 288 746 323 lnam'endz'
772 298 898 323 vocem
924 285 975 322 ita
1003 289 1043 322 tu
1071 286 1220 335 quidem
1247 286 1397 337 accipis,
1423 290 1465 323 ut
1491 286 1679 335 intelligas

163 354 339 391 inaniisse
373 351 470 388 aliud
508 349 602 386 nihil
634 361 725 394 esse,
762 362 872 399 quam
898 349 1057 399 priorem
1093 350 1325 388 existentiam
1353 363 1502 401 prorsus
1532 350 1678 388 deseru-

162 419 243 454 isse.
298 419 420 465 Atque
455 425 628 462 magnum
665 412 725 449 hic
761 416 988 450 momentum
1026 413 1064 450 in
1099 426 1141 450 ea
1185 425 1274 451 voce
1308 415 1376 463 (ita
1420 415 1679 464 interpretata)

162 481 288 531 ponis:
309 479 412 529 quasi
434 478 503 514 hoc
523 476 634 514 verbo
647 476 782 514 Paulus
794 476 1004 524 significare
1015 477 1172 514 voluerit
1183 477 1368 515 Christum
1381 479 1431 526 (B
1444 477 1501 526 νὺ)
1514 477 1679 528 deposita

160 545 280 595 priore
307 541 501 579 existentia
529 542 566 577 in
596 541 747 578 alteram
776 541 977 583 transiisse,
1005 540 1076 577 hoc
1103 545 1177 577 est:
1205 554 1224 578 e
1251 541 1363 578 verbo
1392 542 1491 592 quod
1520 541 1678 592 Spiritus

161 612 236 644 erat
273 607 406 643 factum
445 617 523 641 esse
559 617 718 642 carnem.
772 604 832 641 Ita
859 605 956 641 enim
985 603 1108 641 reddis
1142 604 1213 640 hoc
1242 605 1393 641 verbum
1419 607 1551 642 inanz'z't
1579 617 1678 642 sese:

163 673 217 707 lle
246 673 275 706 is
305 683 372 706 von
400 670 477 706 sicle
506 671 631 706 selu-est
658 669 886 717 wthqeyaen.
915 668 969 705 Ut
995 667 1154 704 videaris
1183 667 1324 712 docere,
1351 668 1488 705 'Filium
1517 667 1587 705 Dei
1614 667 1678 704 de-

160 734 263 770 siisse
289 746 367 770 esse
395 732 492 782 quod
521 737 609 775 erat,
637 744 766 781 nempe
783 744 941 769 carnem.
970 732 1021 769 At
1042 744 1125 768 vero
1145 731 1407 781 subsequentia
1424 731 1530 768 Pauli
1549 731 1678 768 eodem

158 798 238 847 ipso
274 797 357 832 loco
395 795 504 833 verba
541 800 576 833 et
612 800 691 832 tota
727 795 826 832 illius
863 795 1135 843 argumentatio
1173 795 1370 832 manifeste
1407 794 1554 838 docent,
1581 794 1679 832 hanc

160 872 284 896 vocem
322 860 441 902 aliter,
469 872 578 908 quam
606 864 646 896 tu
673 859 940 908 interpretariS,
967 857 1086 908 accipi
1113 862 1296 908 oportere.
1352 857 1677 895 Quemadmodum

159 925 255 961 enim
286 924 321 960 in
352 923 501 960 ferenda
529 923 689 973 proximi
716 923 932 960 infirmitate
959 923 1022 970 (ad
1051 922 1149 972 quod
1178 935 1246 959 nos
1273 935 1315 959 eo
1333 922 1414 958 loco
1436 922 1572 958 Paulus
1590 934 1678 972 pro·

158 987 277 1036 posito
315 986 386 1022 hoc
414 985 552 1022 Christi
579 985 733 1022 Domini
760 985 926 1035 exemplo
957 985 1143 1032 hortatur)
1171 998 1245 1022 non
1275 985 1487 1034 requiritur,
1516 990 1554 1022 ut
1581 985 1679 1022 dona

159 1050 189 1086 si
217 1063 308 1099 quae
337 1049 465 1086 ceteris
493 1049 761 1099 praestantiora
792 1048 970 1085 habemus
998 1049 1151 1085 omnino
1182 1048 1431 1099 deponamus:
1460 1049 1522 1085 sed
1543 1054 1584 1085 ut
1603 1049 1678 1086 illis

159 1113 400 1150 dissimulatis
436 1113 482 1150 ad
519 1112 679 1162 proximi
716 1125 784 1148 nos
822 1112 1071 1149 infirmitatem
1108 1112 1159 1149 ita
1196 1117 1490 1162 attemperemus,
1526 1117 1567 1150 ut
1601 1113 1680 1163 ipse

158 1176 344 1225 intelligat
371 1190 451 1213 eam
480 1176 589 1213 nohis
619 1189 850 1213 communem
880 1189 1002 1213 secum
1030 1189 1129 1213 esse:
1160 1177 1369 1226 cogitetque
1397 1189 1434 1213 se
1462 1177 1678 1226 participem

158 1253 266 1290 posse
293 1254 371 1277 esse
398 1241 507 1277 etiam
536 1253 660 1276 eorum
690 1239 871 1276 donorum
901 1239 1079 1285 omnium,
1106 1253 1200 1289 qnae
1228 1245 1335 1277 antea
1363 1240 1401 1277 in
1431 1240 1540 1277 nobis
1560 1253 1677 1289 agno-

160 1305 297 1347 scebat,
332 1309 567 1353 posteaquam
608 1303 718 1348 videt,
746 1304 855 1340 nobis
891 1303 1046 1341 eandem
1072 1303 1324 1340 infirmitatem
1344 1316 1465 1340 seeum
1487 1317 1558 1341 una
1577 1317 1677 1341 oom-

157 1382 303 1405 munem
328 1381 406 1405 esse
425 1381 488 1417 per
509 1372 672 1404 nostram
692 1367 793 1404 illam
813 1367 1142 1405 assimulationem.
1171 1367 1230 1404 Ita
1252 1380 1331 1404 cum
1353 1367 1425 1404 huc
1446 1371 1583 1417 spectet
1600 1372 1678 1404 tota

157 1433 311 1469 Paulina
339 1444 381 1468 eo
409 1420 502 1467 loco·
519 1432 803 1479 argumentatio,
833 1431 956 1468 doceri
985 1444 1071 1468 sane
1100 1444 1175 1468 non
1203 1436 1324 1481 potest
1352 1431 1505 1468 Paulum
1534 1431 1584 1479 (B
1605 1431 1676 1478 via)

156 1508 219 1546 per
257 1496 326 1532 hoc
361 1494 553 1531 inaniendi
582 1494 734 1531 verbum
761 1494 962 1544 quidquam
991 1494 1144 1532 omnino
1175 1495 1219 1531 de
1246 1494 1459 1538 deserenda,
1487 1494 1676 1545 deponen-

158 1560 248 1597 dave
283 1559 405 1609 priore
441 1559 544 1596 verbi
580 1559 618 1596 in
649 1559 797 1596 Christo
836 1559 1032 1596 existentia
1070 1558 1280 1608 significare
1307 1558 1480 1602 voluisse,
1506 1558 1675 1608 quando-

157 1625 306 1675 quidem
343 1624 414 1661 sibi
460 1637 577 1674 neque
613 1623 824 1661 cohaereret
861 1636 979 1673 neque
1014 1623 1255 1674 responderet
1281 1623 1391 1660 etiam
1427 1623 1582 1673 ipsamet
1617 1636 1677 1660 ar-

156 1688 399 1738 gumentatio,
437 1688 474 1725 in
502 1701 586 1738 qua,
613 1687 713 1738 quod
742 1687 781 1724 in
809 1687 1000 1737 proposito
1027 1687 1073 1725 ad
1102 1687 1322 1724 imitandum
1351 1687 1518 1737 exemplo
1546 1687 1677 1737 impri-

157 1754 226 1791 mis
255 1758 416 1802 urgetur,
442 1752 479 1789 id
510 1752 656 1789 demum
684 1752 723 1788 in
750 1751 831 1801 ipsa
859 1751 1018 1801 exempli
1044 1751 1252 1788 imitatione
1279 1751 1546 1789 excluderetur,
1584 1751 1675 1788 Cum

156 1819 281 1866 igitur'
316 1830 390 1854 non
438 1817 508 1853 1100
541 1830 561 1853 a
599 1815 708 1853 nobis
743 1816 866 1863 exigat
902 1816 1036 1852 Paulus
1072 1828 1114 1852 eo
1152 1816 1234 1852 loco
1274 1815 1313 1852 in
1349 1815 1530 1866 propositi
1566 1815 1677 1853 nobis

158 1882 298 1919 Christi
324 1877 482 1931 exempli
509 1880 728 1923 imitatione,
756 1884 796 1916 ut
824 1879 921 1915 dona
950 1879 999 1926 (si
1027 1892 1097 1929 qua
1126 1879 1325 1929 peculiaria
1346 1879 1541 1926 habemus)
1560 1879 1598 1916 in
1621 1880 1676 1917 fe-

157 1946 270 1983 renda
307 1946 467 1996 proximi
504 1944 622 1982 nostri
658 1943 873 1980 infirmitate
909 1956 1060 1993 prorsus
1097 1943 1347 1994 deponamus:
1384 1943 1446 1981 sed
1483 1943 1607 1994 potius
1635 1948 1676 1982 ut

156 2011 230 2047 illis
267 2009 508 2047 dissimulatis
544 2007 797 2044 infirmitatem
834 2006 936 2043 illius
963 2007 1238 2044 assimulemus:
1269 2008 1366 2044 Sane
1393 2020 1512 2057 neque
1538 2020 1674 2058 propo-

158 2075 228 2111 sito
266 2073 405 2111 Christi
441 2071 595 2109 Domini
631 2070 797 2120 exemplo
826 2070 926 2107 aliud
956 2071 1114 2120 intelligi
1142 2072 1258 2109 voluit
1285 2085 1349 2122 per
1375 2071 1567 2109 inaniendi
1595 2085 1675 2110 ver-

160 2139 258 2181 bum,
285 2151 393 2188 quam
423 2136 631 2187 splendoris
659 2134 788 2171 Divini
814 2124 1061 2173 voluntariam
1090 2135 1435 2182 dissimulationem,
1454 2141 1676 2187 nostraeque

159 2203 345 2240 servitutis
372 2202 411 2238 in
441 2213 550 2237 carne
577 2203 704 2237 nostra
732 2199 1061 2237 assimulationem.
1091 2200 1161 2237 Sed
1191 2206 1228 2237 et
1253 2201 1389 2237 Paulus
1416 2201 1494 2251 ipse
1512 2201 1675 2252 apertius

158 2278 242 2302 mox
282 2265 453 2306 declarat,
481 2263 659 2313 quidnam
686 2262 798 2299 verbo
827 2262 899 2299 hoe
926 2263 1117 2301 inaniendi
1145 2264 1302 2301 voluerit
1331 2264 1546 2313 designare3
1574 2254 1673 2314 quod

157 2330 255 2367 enim
286 2331 555 2378 μεταφορικῶς
585 2327 747 2364 dixerat:
778 2327 1012 2377 semetipsum
1040 2329 1186 2372 inaniit,
1212 2329 1250 2365 id
1278 2342 1365 2365 mox
1389 2328 1604 2378 simpliciter
1622 2329 1674 2365 ita

158 2393 306 2443 repetit:
336 2392 569 2441 semetipsum
597 2390 818 2433 humiliavit,
847 2395 885 2428 ut
914 2391 969 2428 vel
996 2405 1040 2428 ex
1068 2392 1259 2442 ipsiusmet
1287 2392 1392 2429 Pauli
1412 2392 1534 2429 verbis
1553 2392 1673 2430 mani-

159 2457 252 2493 feste
269 2459 440 2506 appareat
460 2454 704 2491 inanitionem
716 2453 786 2490 hoc
801 2454 944 2502 1000(ss
956 2456 1026 2502 vib)
1040 2456 1134 2494 idem
1146 2457 1343 2507 esse‚quod
1353 2457 1670 2497 humiliationem:

158 2532 251 2568 quae
277 2517 425 2568 quidem
455 2517 662 2554 constiterit
690 2530 764 2554 non
795 2518 867 2554 ulla
887 2518 1021 2568 prioris
1040 2520 1257 2558 existentiae
1278 2520 1508 2571 depositione
1526 2524 1671 2571 (quem-

158 2582 358 2620 admodum
396 2581 432 2618 id
459 2593 503 2618 ex
532 2581 611 2631 ipsa
639 2581 793 2618 Paulina
822 2585 1145 2631 argumentatione
1174 2586 1465 2623 demonstratum
1494 2587 1580 2633 est),
1608 2586 1670 2624 sed

156 2647 450 2685 dissimulatione
477 2645 605 2682 Divini
632 2646 838 2696 splendoris
868 2648 936 2693 sui,
963 2653 997 2685 et
1025 2650 1211 2688 servitutis
1232 2654 1380 2688 nostrae
1401 2653 1482 2701 (per
1501 2663 1669 2701 assump-

157 2716 230 2748 tam
269 2723 414 2747 carnem
453 2711 635 2756 nostram)
671 2710 961 2749 assimulatione.
1015 2712 1130 2750 Vides
1167 2713 1282 2762 igitur
1317 2715 1455 2752 frustra
1490 2718 1526 2751 te
1555 2715 1666 2751 verho

157 2775 228 2812 hoc
254 2774 446 2812 inaniendi
473 2773 556 2816 11111,
581 2773 627 2810 ad
656 2773 846 2812 doctrinae
872 2780 956 2814 tuae
985 2778 1318 2822 confirmationem,
1348 2783 1386 2816 ut
1403 2778 1553 2816 interim
1574 2778 1668 2816 illud

154 2851 301 2890 quoquc
336 2843 488 2883 taceam,
514 2837 613 2887 quod
641 2837 824 2876 Dominus
850 2839 928 2890 ipsc
954 2845 1039 2878 tuae
1066 2841 1126 2878 hic
1153 2842 1451 2892 interpretationi
1478 2841 1666 2882 reclamat.
