1818 3178
582 222 643 261 37.

454 284 778 334 WestphaluS.

125 351 190 390 Sic
224 357 256 388 et
288 350 566 397 Chryses-tomus
586 352 727 398 inquit:
746 350 911 397 St'nyulis
920 349 1096 396 fidelibus
1115 361 1152 386 se

69 427 140 463 per
165 416 234 451 hoc
263 413 472 461 mysterium
499 414 702 462 com'unqit,
731 419 763 464 et
791 423 883 460 quos
895 413 1056 460 peperit,
1073 413 1153 460 ipse

73 479 337 516 studiosissime
372 479 450 514 alit.
504 478 592 515 Non
619 479 711 515 satis
731 478 827 524 suit,
852 477 1032 514 hominem
1047 478 1153 524 ficri,

73 545 197 582 occidi
237 550 270 581 et
314 543 496 591 crucifiyi,
543 556 669 581 verum
707 549 741 580 et
781 543 886 580 nobis
923 543 1155 591 semetipsum

74 608 291 645 commiscet.
321 608 424 651 Item,
450 620 525 644 non
540 608 657 654 fidem
685 610 844 647 tantum,
870 619 996 643 verum
1016 607 1152 655 etipsa

73 686 126 713 re.
154 686 221 709 ‘nos
247 685 354 709 suum
382 672 498 720 efficit
525 685 676 721 corpus,
705 672 874 710 Christus
899 671 1058 719 proprio
1086 683 1152 707 nos

70 738 196 788 pascit
229 737 413 785 sanquine
447 742 481 773 et
512 749 586 785 per
613 737 738 773 omnia
766 748 832 773 nos
859 736 932 773 sibi
957 747 1156 784 coaymen·

72 808 137 847 tat,
172 809 212 839 ut
246 813 320 838 non
356 808 498 839 lantum
534 814 605 849 per
631 801 850 837 clia-ritatem
875 799 1012 844 fiamus
1038 812 1150 835 unum

71 878 220 915 corpus,
255 879 380 903 verum
416 872 449 903 et
483 865 610 914 ipsam
647 877 736 910 rem,
772 866 811 901 in
849 876 962 901 unam
999 876 1148 902 carnem

361 930 445 967 Hoc
473 932 566 967 enim
591 943 662 978 per
689 942 812 967 escam
841 929 1017 978 efficitur,
1044 941 1156 977 quam,

72 996 232 1044 Zaryilus
278 1002 329 1032 est
365 995 480 1032 nobis.
535 996 746 1042 Propterea
781 995 1012 1042 semetipsum
1049 993 1152 1030 nobis

71 1061 268 1096 immiscuit
303 1066 335 1096 ec
369 1072 476 1096 suum
511 1071 647 1106 corpus
685 1059 724 1094 in
760 1070 827 1094 nos
856 1058 1155 1106 contemperavit,

73 1131 112 1161 ut
145 1137 258 1161 unum
296 1125 387 1173 quid
413 1123 636 1170 efficiamur,
662 1129 843 1172 tanquam
872 1135 1007 1170 corpus
1037 1124 1156 1171 capiti

76 1195 383 1238 coaymematum.

73 931 307 968 misceamur.

1533 111 1604 148 335

1229 220 1359 259 Ioan.
1388 219 1411 258 a
1438 219 1605 258 Laseo.

1252 284 1339 322 Qua
1366 284 1438 321 fide
1457 283 1605 331 in-(fol.

1206 348 1405 394 109)ducit
1476 348 1607 398 cyrilli

1203 412 1342 454 locum,
1377 412 1531 449 citatum
1565 412 1606 450 in

1210 476 1396 527 Apologia
1413 479 1604 525 Augusta-

1207 555 1276 579 nae
1337 542 1608 588 Confessionis,

1205 606 1332 643 eadem
1369 611 1404 643 et
1442 606 1607 656 Chryso-

1209 674 1371 708 stomum
1401 671 1446 708 ad
1476 683 1609 709 causae

1210 748 1297 772 suae
1358 735 1608 785 patrocinium

1205 798 1427 849 detorquere
1439 804 1606 838 conatur.

1203 863 1278 901 Res
1313 863 1394 914 ipsa
1427 864 1608 915 loquitur,

1208 929 1462 979 metaphorica
1516 942 1610 976 esse,

1205 1006 1298 1043 quae
1319 993 1608 1043 Chrysostomus

1208 1057 1253 1094 de
1276 1063 1406 1094 nostro
1434 1071 1476 1095 ex
1499 1058 1608 1095 Chri-

1208 1126 1265 1159 sto
1293 1121 1457 1160 Domino
1485 1127 1609 1173 partu,

1216 1187 1405 1234 alimonia,
1420 1187 1522 1226 illius
1538 1202 1608 1227 no·

1204 1251 1350 1301 hiscum
1370 1254 1608 1291 commixtio-

1204 1330 1252 1354 ne
1288 1321 1324 1355 et
1352 1321 1608 1369 contempera·

1198 1383 1304 1420 tione
1349 1383 1478 1430 docet;
1513 1397 1608 1434 quae

1202 1450 1327 1485 tamen
1368 1447 1607 1499 Westphalus

1205 1511 1258 1548 ita
1292 1516 1415 1561 urget,
1451 1515 1492 1550 ut
1519 1513 1606 1550 nul-

1206 1576 1284 1613 lum
1311 1576 1459 1614 schema
1485 1577 1525 1614 in
1554 1577 1607 1615 eis

1206 1653 1410 1689 agnoscere
1436 1641 1531 1679 velle
1549 1641 1605 1679 vi-

74 1704 216 1742 deatur.
263 1704 348 1750 Sed,
374 1703 552 1754 quoniam
582 1704 627 1741 de
653 1703 712 1741 his
739 1707 888 1742 tantum
915 1704 978 1741 hie
1005 1717 1113 1753 agere
1139 1704 1387 1749 instituimus,
1415 1720 1510 1757 quae
1536 1720 1606 1744 nos

76 1768 314 1819 Westphalus
348 1769 386 1806 in
423 1773 552 1807 nostra
586 1768 816 1818 Purgatione
850 1782 895 1806 ex
930 1772 1154 1818 Augustana
1191 1771 1437 1809 confessione
1464 1776 1500 1809 et
1527 1772 1606 1809 eius

73 1833 260 1884 Apologia
288 1833 506 1883 depravasse
534 1833 794 1877 calumniatur,
821 1833 868 1870 ad
896 1832 1009 1870 citata
1037 1846 1138 1871 nunc
1164 1834 1237 1871 ista
1271 1848 1315 1872 ex
1338 1835 1605 1885 Chrysostomo

73 1898 291 1936 testimonia
327 1910 403 1935 non
440 1898 762 1948 respondebimus,
807 1898 869 1935 sed
908 1898 1012 1942 alias,
1050 1899 1081 1936 si
1117 1900 1216 1937 volet
1252 1899 1451 1945 Dominus,
1480 1904 1606 1938 osten-

73 1964 159 2011 (fol.
188 1962 422 2009 110)demus,
449 1961 658 2000 doctrinam
686 1962 895 2013 Westphali
923 1975 1007 2000 cum
1035 1963 1206 2001 doctrina
1235 1964 1411 2002 Veterum
1438 1965 1607 2003 omnium

75 2028 278 2065 consistere
315 2027 603 2078 haudquaquam
637 2040 758 2078 posse,
794 2027 932 2065 nedum
959 2032 1000 2065 ut
1027 2041 1155 2066 eorum
1181 2030 1382 2068 autoritate
1409 2031 1609 2082 approbari

75 2093 151 2131 ullo
179 2092 291 2130 modo
318 2092 450 2144 possit.
487 2092 763 2130 Praetermissis
790 2092 906 2142 igitur
932 2093 979 2130 ad
1007 2106 1181 2144 praesens
1211 2095 1357 2133 duobus
1378 2096 1479 2134 hisce
1494 2097 1608 2134 Para-

74 2158 240 2209 graphis,
281 2157 319 2195 in
349 2157 487 2207 quibus
517 2157 806 2207 Chrysostomus
836 2157 982 2203 citatur,
1008 2171 1141 2209 nempe
1166 2159 1358 2208 trigesimo
1388 2159 1543 2211 septimo
1572 2165 1608 2198 et

72 2223 267 2272 trigesimo
306 2227 451 2269 octavo,
488 2222 534 2260 ad
563 2221 796 2271 trigesimum
825 2234 966 2260 nonum
995 2221 1271 2270 descendemus,
1298 2227 1341 2262 ut
1369 2225 1424 2262 illi
1451 2238 1607 2277 respon-

77 2287 242 2326 deamus.

587 2354 647 2390 38.

450 2415 781 2466 Westphalus.

124 2483 227 2521 Idem
255 2482 397 2519 inducit
426 2479 610 2518 Christum
637 2482 692 2519 sic
719 2483 946 2530 loquentem:
965 2481 1199 2539 Parentes»

73 2559 186 2596 saepe
224 2547 309 2584 aliis
347 2545 440 2585 filios
469 2546 637 2590 alendos,
664 2546 746 2593 qu
774 2536 847 2582 ‘tion
875 2547 943 2590 ita,
968 2547 1035 2583 sed
1060 2552 1175 2611 car-ff

74 2612 183 2648 nibus
218 2623 283 2648 vos
324 2611 399 2654 alo,
436 2610 613 2658 meipsum
653 2610 712 2647 hic
746 2610 848 2647 vobis
883 2611 1007 2653 trado,
1041 2612 1152 2647 multo

76 2677 196 2725 mayis
233 2678 271 2711 in
309 2676 450 2720 futuro.
511 2671 622 2711 Volui
653 2687 729 2712 esse
749 2676 883 2722 frater
909 2680 1040 2720 vester,
1067 2687 1152 2712 car-

77 2753 157 2777 nem
192 2745 352 2789 propiet·
398 2752 463 2776 vos
499 2740 698 2788 assumpsi,
734 2739 895 2776 vicissim
931 2751 1081 2776 carnem
1118 2746 1151 2777 et

77 2808 294 2854 sanquinem
325 2806 445 2844 trado.
