<?xml version="1.0" encoding="UTF-8"?>
<!DOCTYPE html PUBLIC "-//W3C//DTD XHTML 1.0 Transitional//EN"
    "http://www.w3.org/TR/xhtml1/DTD/xhtml1-transitional.dtd">
<html xmlns="http://www.w3.org/1999/xhtml" xml:lang="en" lang="en">
 <head>
  <title>
</title>
<meta http-equiv="Content-Type" content="text/html;charset=utf-8" />
  <meta name='ocr-system' content='tesseract 3.04.00' />
  <meta name='ocr-capabilities' content='ocr_page ocr_carea ocr_par ocr_line ocrx_word'/>
</head>
<body>
  <div class='ocr_page' id='page_1' title='image "./operatameditaqua01lask_0138.png"; bbox 0 0 1818 3178; ppageno 0'>
   <div class='ocr_carea' id='block_1_1' title="bbox 166 111 1210 163">
    <p class='ocr_par' dir='ltr' id='par_1_1' title="bbox 166 111 1210 163">
     <span class='ocr_line' id='line_1_1' title="bbox 166 111 1210 163; baseline -0.01 0"><span class='ocrx_word' id='word_1_1' title='bbox 166 133 186 163; x_wconf 73' lang='lat'>(5</span> <span class='ocrx_word' id='word_1_2' title='bbox 601 111 670 156; x_wconf 23' lang='lat' dir='ltr'>*DE</span> <span class='ocrx_word' id='word_1_3' title='bbox 698 127 862 155; x_wconf 80' lang='lat' dir='ltr'>CHRISTI</span> <span class='ocrx_word' id='word_1_4' title='bbox 891 124 1210 153; x_wconf 75' lang='lat' dir='ltr'>INCARNATIONE.</span> 
     </span>
    </p>
   </div>
   <div class='ocr_carea' id='block_1_2' title="bbox 168 225 1696 2898">
    <p class='ocr_par' dir='ltr' id='par_1_2' title="bbox 168 225 1696 2898">
     <span class='ocr_line' id='line_1_2' title="bbox 168 225 1680 284; baseline -0.007 -10"><span class='ocrx_word' id='word_1_5' title='bbox 168 239 221 284; x_wconf 86' lang='lat' dir='ltr'>(A</span> <span class='ocrx_word' id='word_1_6' title='bbox 234 236 432 283; x_wconf 66' lang='lat' dir='ltr'>ii1,)semus,</span> <span class='ocrx_word' id='word_1_7' title='bbox 458 232 496 269; x_wconf 92' lang='lat' dir='ltr'>id</span> <span class='ocrx_word' id='word_1_8' title='bbox 524 231 578 268; x_wconf 87' lang='lat' dir='ltr'>illi</span> <span class='ocrx_word' id='word_1_9' title='bbox 604 229 722 277; x_wconf 79' lang='lat' dir='ltr'>magis</span> <span class='ocrx_word' id='word_1_10' title='bbox 749 241 792 265; x_wconf 90' lang='lat' dir='ltr'>ac</span> <span class='ocrx_word' id='word_1_11' title='bbox 812 227 930 275; x_wconf 83' lang='lat' dir='ltr'>magis</span> <span class='ocrx_word' id='word_1_12' title='bbox 949 225 1144 264; x_wconf 81' lang='lat' dir='ltr'>excitando</span> <span class='ocrx_word' id='word_1_13' title='bbox 1163 239 1309 264; x_wconf 87' lang='lat' dir='ltr'>causam</span> <span class='ocrx_word' id='word_1_14' title='bbox 1329 226 1449 264; x_wconf 86' lang='lat' dir='ltr'>adhuc</span> <span class='ocrx_word' id='word_1_15' title='bbox 1469 225 1680 277; x_wconf 73' lang='lat' dir='ltr'>praeberett</span> 
     </span>
     <span class='ocr_line' id='line_1_3' title="bbox 169 290 1680 350; baseline -0.007 -12"><span class='ocrx_word' id='word_1_16' title='bbox 169 315 190 338; x_wconf 88' lang='lat' dir='ltr'>a</span> <span class='ocrx_word' id='word_1_17' title='bbox 227 313 297 350; x_wconf 90' lang='lat' dir='ltr'>quo</span> <span class='ocrx_word' id='word_1_18' title='bbox 335 311 402 336; x_wconf 89' lang='lat' dir='ltr'>nos</span> <span class='ocrx_word' id='word_1_19' title='bbox 429 295 575 333; x_wconf 84' lang='lat' dir='ltr'>interim</span> <span class='ocrx_word' id='word_1_20' title='bbox 603 293 722 330; x_wconf 87' lang='lat' dir='ltr'>modis</span> <span class='ocrx_word' id='word_1_21' title='bbox 749 292 858 343; x_wconf 88' lang='lat' dir='ltr'>plane</span> <span class='ocrx_word' id='word_1_22' title='bbox 885 291 1058 327; x_wconf 85' lang='lat' dir='ltr'>omnibus</span> <span class='ocrx_word' id='word_1_23' title='bbox 1086 291 1205 341; x_wconf 92' lang='lat' dir='ltr'>(quod</span> <span class='ocrx_word' id='word_1_24' title='bbox 1231 291 1271 328; x_wconf 91' lang='lat' dir='ltr'>in</span> <span class='ocrx_word' id='word_1_25' title='bbox 1300 291 1409 329; x_wconf 91' lang='lat' dir='ltr'>nobis</span> <span class='ocrx_word' id='word_1_26' title='bbox 1437 290 1584 341; x_wconf 88' lang='lat' dir='ltr'>quidem</span> <span class='ocrx_word' id='word_1_27' title='bbox 1607 292 1680 338; x_wconf 89' lang='lat' dir='ltr'>est)</span> 
     </span>
     <span class='ocr_line' id='line_1_4' title="bbox 170 354 1682 405; baseline -0.006 -5"><span class='ocrx_word' id='word_1_28' title='bbox 170 364 420 401; x_wconf 86' lang='lat' dir='ltr'>abhorremus.</span> <span class='ocrx_word' id='word_1_29' title='bbox 449 358 646 395; x_wconf 88' lang='lat' dir='ltr'>Continere</span> <span class='ocrx_word' id='word_1_30' title='bbox 674 370 730 393; x_wconf 90' lang='lat' dir='ltr'>me</span> <span class='ocrx_word' id='word_1_31' title='bbox 767 356 891 405; x_wconf 89' lang='lat' dir='ltr'>itaque</span> <span class='ocrx_word' id='word_1_32' title='bbox 919 355 1069 392; x_wconf 88' lang='lat' dir='ltr'>omnino</span> <span class='ocrx_word' id='word_1_33' title='bbox 1098 367 1119 391; x_wconf 87' lang='lat' dir='ltr'>a</span> <span class='ocrx_word' id='word_1_34' title='bbox 1148 355 1344 392; x_wconf 84' lang='lat' dir='ltr'>scribendo</span> <span class='ocrx_word' id='word_1_35' title='bbox 1374 355 1557 399; x_wconf 87' lang='lat' dir='ltr'>volebam,</span> <span class='ocrx_word' id='word_1_36' title='bbox 1582 360 1623 392; x_wconf 90' lang='lat' dir='ltr'>ut</span> <span class='ocrx_word' id='word_1_37' title='bbox 1650 354 1682 391; x_wconf 91' lang='lat' dir='ltr'>si</span> 
     </span>
     <span class='ocr_line' id='line_1_5' title="bbox 172 417 1681 467; baseline -0.007 -1"><span class='ocrx_word' id='word_1_38' title='bbox 172 429 264 467; x_wconf 86' lang='lat' dir='ltr'>nihil</span> <span class='ocrx_word' id='word_1_39' title='bbox 300 426 398 463; x_wconf 88' lang='lat' dir='ltr'>aliud</span> <span class='ocrx_word' id='word_1_40' title='bbox 433 425 619 466; x_wconf 85' lang='lat' dir='ltr'>efficerem,</span> <span class='ocrx_word' id='word_1_41' title='bbox 647 420 791 458; x_wconf 88' lang='lat' dir='ltr'>serendi</span> <span class='ocrx_word' id='word_1_42' title='bbox 820 424 917 456; x_wconf 89' lang='lat' dir='ltr'>certe</span> <span class='ocrx_word' id='word_1_43' title='bbox 944 418 1094 456; x_wconf 90' lang='lat' dir='ltr'>maioris</span> <span class='ocrx_word' id='word_1_44' title='bbox 1121 417 1218 455; x_wconf 90' lang='lat' dir='ltr'>inter</span> <span class='ocrx_word' id='word_1_45' title='bbox 1245 431 1313 455; x_wconf 91' lang='lat' dir='ltr'>nos</span> <span class='ocrx_word' id='word_1_46' title='bbox 1341 419 1488 456; x_wconf 84' lang='lat' dir='ltr'>dissidii</span> <span class='ocrx_word' id='word_1_47' title='bbox 1514 418 1681 455; x_wconf 88' lang='lat' dir='ltr'>occasio-</span> 
     </span>
     <span class='ocr_line' id='line_1_6' title="bbox 173 481 1680 534; baseline -0.007 -6"><span class='ocrx_word' id='word_1_48' title='bbox 173 506 235 529; x_wconf 85' lang='lat' dir='ltr'>nes</span> <span class='ocrx_word' id='word_1_49' title='bbox 262 502 387 526; x_wconf 87' lang='lat' dir='ltr'>omnes</span> <span class='ocrx_word' id='word_1_50' title='bbox 416 490 559 534; x_wconf 86' lang='lat' dir='ltr'>(nostra</span> <span class='ocrx_word' id='word_1_51' title='bbox 588 485 715 522; x_wconf 87' lang='lat' dir='ltr'>saltem</span> <span class='ocrx_word' id='word_1_52' title='bbox 743 497 787 521; x_wconf 81' lang='lat' dir='ltr'>ex</span> <span class='ocrx_word' id='word_1_53' title='bbox 815 484 933 534; x_wconf 89' lang='lat' dir='ltr'>parte)</span> <span class='ocrx_word' id='word_1_54' title='bbox 961 487 1201 533; x_wconf 80' lang='lat' dir='ltr'>amputarem.</span> <span class='ocrx_word' id='word_1_55' title='bbox 1231 483 1303 520; x_wconf 88' lang='lat' dir='ltr'>Sed</span> <span class='ocrx_word' id='word_1_56' title='bbox 1330 487 1365 520; x_wconf 90' lang='lat' dir='ltr'>et</span> <span class='ocrx_word' id='word_1_57' title='bbox 1392 483 1453 519; x_wconf 89' lang='lat' dir='ltr'>hic</span> <span class='ocrx_word' id='word_1_58' title='bbox 1479 482 1570 520; x_wconf 90' lang='lat' dir='ltr'>adeo</span> <span class='ocrx_word' id='word_1_59' title='bbox 1591 481 1680 518; x_wconf 86' lang='lat' dir='ltr'>mihi</span> 
     </span>
     <span class='ocr_line' id='line_1_7' title="bbox 172 546 1684 593; baseline -0.006 -1"><span class='ocrx_word' id='word_1_60' title='bbox 172 569 244 593; x_wconf 88' lang='lat' dir='ltr'>non</span> <span class='ocrx_word' id='word_1_61' title='bbox 285 552 459 590; x_wconf 88' lang='lat' dir='ltr'>successit</span> <span class='ocrx_word' id='word_1_62' title='bbox 494 563 613 586; x_wconf 87' lang='lat' dir='ltr'>meum</span> <span class='ocrx_word' id='word_1_63' title='bbox 651 548 860 591; x_wconf 87' lang='lat' dir='ltr'>consilium,</span> <span class='ocrx_word' id='word_1_64' title='bbox 896 551 937 585; x_wconf 87' lang='lat' dir='ltr'>ut</span> <span class='ocrx_word' id='word_1_65' title='bbox 973 547 1088 584; x_wconf 90' lang='lat' dir='ltr'>multo</span> <span class='ocrx_word' id='word_1_66' title='bbox 1126 546 1237 583; x_wconf 90' lang='lat' dir='ltr'>etiam</span> <span class='ocrx_word' id='word_1_67' title='bbox 1273 547 1486 585; x_wconf 86' lang='lat' dir='ltr'>infoelicius</span> <span class='ocrx_word' id='word_1_68' title='bbox 1523 546 1684 592; x_wconf 87' lang='lat' dir='ltr'>cesserit,</span> 
     </span>
     <span class='ocr_line' id='line_1_8' title="bbox 173 673 1685 727; baseline -0.005 -9"><span class='ocrx_word' id='word_1_69' title='bbox 173 683 241 718; x_wconf 86' lang='lat' dir='ltr'>hoe</span> <span class='ocrx_word' id='word_1_70' title='bbox 277 693 356 717; x_wconf 92' lang='lat' dir='ltr'>meo</span> <span class='ocrx_word' id='word_1_71' title='bbox 395 678 482 715; x_wconf 84' lang='lat' dir='ltr'>sacti</span> <span class='ocrx_word' id='word_1_72' title='bbox 519 680 629 727; x_wconf 88' lang='lat' dir='ltr'>(quos</span> <span class='ocrx_word' id='word_1_73' title='bbox 657 689 725 725; x_wconf 79' lang='lat' dir='ltr'>ego</span> <span class='ocrx_word' id='word_1_74' title='bbox 754 681 875 712; x_wconf 89' lang='lat' dir='ltr'>tamen</span> <span class='ocrx_word' id='word_1_75' title='bbox 905 674 1070 711; x_wconf 80' lang='lat' dir='ltr'>mitiores</span> <span class='ocrx_word' id='word_1_76' title='bbox 1098 673 1251 711; x_wconf 85' lang='lat' dir='ltr'>omnino</span> <span class='ocrx_word' id='word_1_77' title='bbox 1280 674 1426 711; x_wconf 85' lang='lat' dir='ltr'>futuros</span> <span class='ocrx_word' id='word_1_78' title='bbox 1453 687 1532 711; x_wconf 86' lang='lat' dir='ltr'>esse</span> <span class='ocrx_word' id='word_1_79' title='bbox 1560 687 1685 724; x_wconf 90' lang='lat' dir='ltr'>spera-</span> 
     </span>
     <span class='ocr_line' id='line_1_9' title="bbox 173 737 1684 792; baseline -0.003 -13"><span class='ocrx_word' id='word_1_80' title='bbox 173 746 273 791; x_wconf 84' lang='lat' dir='ltr'>bam)</span> <span class='ocrx_word' id='word_1_81' title='bbox 309 742 515 792; x_wconf 84' lang='lat' dir='ltr'>triumphos</span> <span class='ocrx_word' id='word_1_82' title='bbox 551 741 621 777; x_wconf 90' lang='lat' dir='ltr'>tibi</span> <span class='ocrx_word' id='word_1_83' title='bbox 656 741 729 777; x_wconf 89' lang='lat' dir='ltr'>iam</span> <span class='ocrx_word' id='word_1_84' title='bbox 766 739 890 776; x_wconf 90' lang='lat' dir='ltr'>nescio</span> <span class='ocrx_word' id='word_1_85' title='bbox 926 751 1019 788; x_wconf 90' lang='lat' dir='ltr'>quos</span> <span class='ocrx_word' id='word_1_86' title='bbox 1047 742 1132 775; x_wconf 89' lang='lat' dir='ltr'>ante</span> <span class='ocrx_word' id='word_1_87' title='bbox 1158 737 1278 788; x_wconf 88' lang='lat' dir='ltr'>ipsum</span> <span class='ocrx_word' id='word_1_88' title='bbox 1306 737 1416 775; x_wconf 87' lang='lat' dir='ltr'>etiam</span> <span class='ocrx_word' id='word_1_89' title='bbox 1445 751 1684 786; x_wconf 86' lang='lat' dir='ltr'>congressum</span> 
     </span>
     <span class='ocr_line' id='line_1_10' title="bbox 171 802 1684 855; baseline -0.005 -9"><span class='ocrx_word' id='word_1_90' title='bbox 171 810 384 849; x_wconf 79' lang='lat' dir='ltr'>decernunt,</span> <span class='ocrx_word' id='word_1_91' title='bbox 419 806 599 855; x_wconf 83' lang='lat' dir='ltr'>nobisque</span> <span class='ocrx_word' id='word_1_92' title='bbox 636 803 850 841; x_wconf 88' lang='lat' dir='ltr'>iactabundi</span> <span class='ocrx_word' id='word_1_93' title='bbox 886 803 1079 846; x_wconf 88' lang='lat' dir='ltr'>insultant,</span> <span class='ocrx_word' id='word_1_94' title='bbox 1106 802 1214 852; x_wconf 86' lang='lat' dir='ltr'>quasi</span> <span class='ocrx_word' id='word_1_95' title='bbox 1241 802 1340 852; x_wconf 91' lang='lat' dir='ltr'>quod</span> <span class='ocrx_word' id='word_1_96' title='bbox 1368 802 1413 839; x_wconf 92' lang='lat' dir='ltr'>ad</span> <span class='ocrx_word' id='word_1_97' title='bbox 1442 806 1503 838; x_wconf 89' lang='lat' dir='ltr'>tua</span> <span class='ocrx_word' id='word_1_98' title='bbox 1530 814 1684 852; x_wconf 87' lang='lat' dir='ltr'>respon-</span> 
     </span>
     <span class='ocr_line' id='line_1_11' title="bbox 171 866 1685 917; baseline -0.005 -7"><span class='ocrx_word' id='word_1_99' title='bbox 171 874 331 913; x_wconf 81' lang='lat' dir='ltr'>deamus,</span> <span class='ocrx_word' id='word_1_100' title='bbox 367 871 460 908; x_wconf 88' lang='lat' dir='ltr'>nihil</span> <span class='ocrx_word' id='word_1_101' title='bbox 496 870 648 906; x_wconf 89' lang='lat' dir='ltr'>omnino</span> <span class='ocrx_word' id='word_1_102' title='bbox 686 868 819 905; x_wconf 88' lang='lat' dir='ltr'>habere</span> <span class='ocrx_word' id='word_1_103' title='bbox 853 866 1048 917; x_wconf 89' lang='lat' dir='ltr'>possimus.</span> <span class='ocrx_word' id='word_1_104' title='bbox 1087 867 1144 903; x_wconf 86' lang='lat' dir='ltr'>Tu</span> <span class='ocrx_word' id='word_1_105' title='bbox 1180 879 1265 903; x_wconf 88' lang='lat' dir='ltr'>vero</span> <span class='ocrx_word' id='word_1_106' title='bbox 1300 879 1376 903; x_wconf 89' lang='lat' dir='ltr'>non</span> <span class='ocrx_word' id='word_1_107' title='bbox 1404 866 1522 915; x_wconf 90' lang='lat' dir='ltr'>solum</span> <span class='ocrx_word' id='word_1_108' title='bbox 1550 879 1685 903; x_wconf 87' lang='lat' dir='ltr'>nomen</span> 
     </span>
     <span class='ocr_line' id='line_1_12' title="bbox 171 929 1688 983; baseline -0.005 -9"><span class='ocrx_word' id='word_1_109' title='bbox 171 939 241 975; x_wconf 84' lang='lat' dir='ltr'>iam</span> <span class='ocrx_word' id='word_1_110' title='bbox 270 949 390 973; x_wconf 85' lang='lat' dir='ltr'>meum</span> <span class='ocrx_word' id='word_1_111' title='bbox 417 933 590 978; x_wconf 74' lang='lat' dir='ltr'>traducis,</span> <span class='ocrx_word' id='word_1_112' title='bbox 617 932 679 983; x_wconf 91' lang='lat' dir='ltr'>qui</span> <span class='ocrx_word' id='word_1_113' title='bbox 706 937 829 969; x_wconf 86' lang='lat' dir='ltr'>tamen</span> <span class='ocrx_word' id='word_1_114' title='bbox 857 931 951 968; x_wconf 89' lang='lat' dir='ltr'>male</span> <span class='ocrx_word' id='word_1_115' title='bbox 979 931 1023 968; x_wconf 98' lang='grc'>(16</span> <span class='ocrx_word' id='word_1_116' title='bbox 1050 935 1085 968; x_wconf 87' lang='grc'>16</span> <span class='ocrx_word' id='word_1_117' title='bbox 1111 931 1265 968; x_wconf 88' lang='lat' dir='ltr'>meritus</span> <span class='ocrx_word' id='word_1_118' title='bbox 1284 943 1473 981; x_wconf 90' lang='lat' dir='ltr'>nunquam</span> <span class='ocrx_word' id='word_1_119' title='bbox 1494 929 1586 966; x_wconf 90' lang='lat' dir='ltr'>mihi</span> <span class='ocrx_word' id='word_1_120' title='bbox 1608 943 1688 967; x_wconf 91' lang='lat' dir='ltr'>esse</span> 
     </span>
     <span class='ocr_line' id='line_1_13' title="bbox 171 994 1687 1045; baseline -0.005 -7"><span class='ocrx_word' id='word_1_121' title='bbox 171 1002 315 1038; x_wconf 83' lang='lat' dir='ltr'>videor:</span> <span class='ocrx_word' id='word_1_122' title='bbox 351 998 413 1036; x_wconf 86' lang='lat' dir='ltr'>sed</span> <span class='ocrx_word' id='word_1_123' title='bbox 449 997 693 1034; x_wconf 88' lang='lat' dir='ltr'>ministerium</span> <span class='ocrx_word' id='word_1_124' title='bbox 730 1008 876 1045; x_wconf 88' lang='lat' dir='ltr'>quoque</span> <span class='ocrx_word' id='word_1_125' title='bbox 910 994 1163 1032; x_wconf 88' lang='lat' dir='ltr'>Ecclesiarum</span> <span class='ocrx_word' id='word_1_126' title='bbox 1198 998 1424 1037; x_wconf 87' lang='lat' dir='ltr'>nostrarum,</span> <span class='ocrx_word' id='word_1_127' title='bbox 1450 997 1560 1044; x_wconf 89' lang='lat' dir='ltr'>atque</span> <span class='ocrx_word' id='word_1_128' title='bbox 1588 994 1687 1044; x_wconf 90' lang='lat' dir='ltr'>ipsas</span> 
     </span>
     <span class='ocr_line' id='line_1_14' title="bbox 171 1057 1687 1109; baseline -0.005 -8"><span class='ocrx_word' id='word_1_129' title='bbox 171 1064 279 1101; x_wconf 90' lang='lat' dir='ltr'>etiam</span> <span class='ocrx_word' id='word_1_130' title='bbox 309 1061 505 1105; x_wconf 87' lang='lat' dir='ltr'>Ecclesias,</span> <span class='ocrx_word' id='word_1_131' title='bbox 531 1059 750 1108; x_wconf 78' lang='lat' dir='ltr'>gravissime</span> <span class='ocrx_word' id='word_1_132' title='bbox 775 1064 811 1096; x_wconf 87' lang='lat' dir='ltr'>et</span> <span class='ocrx_word' id='word_1_133' title='bbox 837 1063 982 1109; x_wconf 87' lang='lat' dir='ltr'>praeter</span> <span class='ocrx_word' id='word_1_134' title='bbox 1012 1058 1155 1108; x_wconf 88' lang='lat' dir='ltr'>culpam</span> <span class='ocrx_word' id='word_1_135' title='bbox 1184 1070 1329 1094; x_wconf 88' lang='lat' dir='ltr'>omnem</span> <span class='ocrx_word' id='word_1_136' title='bbox 1358 1058 1530 1096; x_wconf 80' lang='lat' dir='ltr'>infamas.</span> <span class='ocrx_word' id='word_1_137' title='bbox 1567 1057 1687 1094; x_wconf 90' lang='lat' dir='ltr'>Doees</span> 
     </span>
     <span class='ocr_line' id='line_1_15' title="bbox 170 1121 1687 1173; baseline -0.004 -9"><span class='ocrx_word' id='word_1_138' title='bbox 170 1141 238 1166; x_wconf 89' lang='lat' dir='ltr'>nos</span> <span class='ocrx_word' id='word_1_139' title='bbox 267 1126 476 1163; x_wconf 83' lang='lat' dir='ltr'>seductores</span> <span class='ocrx_word' id='word_1_140' title='bbox 503 1137 593 1167; x_wconf 85' lang='lat' dir='ltr'>esse,</span> <span class='ocrx_word' id='word_1_141' title='bbox 619 1123 682 1173; x_wconf 86' lang='lat' dir='ltr'>qui</span> <span class='ocrx_word' id='word_1_142' title='bbox 712 1127 856 1160; x_wconf 88' lang='lat' dir='ltr'>nostras</span> <span class='ocrx_word' id='word_1_143' title='bbox 884 1122 1071 1159; x_wconf 88' lang='lat' dir='ltr'>Ecclesias</span> <span class='ocrx_word' id='word_1_144' title='bbox 1099 1123 1223 1159; x_wconf 88' lang='lat' dir='ltr'>nescio</span> <span class='ocrx_word' id='word_1_145' title='bbox 1242 1135 1313 1172; x_wconf 86' lang='lat' dir='ltr'>qua</span> <span class='ocrx_word' id='word_1_146' title='bbox 1334 1121 1532 1172; x_wconf 78' lang='lat' dir='ltr'>tyrannide</span> <span class='ocrx_word' id='word_1_147' title='bbox 1551 1121 1587 1159; x_wconf 89' lang='lat' dir='ltr'>in</span> <span class='ocrx_word' id='word_1_148' title='bbox 1614 1121 1687 1159; x_wconf 89' lang='lat' dir='ltr'>fide</span> 
     </span>
     <span class='ocr_line' id='line_1_16' title="bbox 170 1186 1687 1242; baseline -0.004 -13"><span class='ocrx_word' id='word_1_149' title='bbox 170 1196 278 1242; x_wconf 89' lang='lat' dir='ltr'>atque</span> <span class='ocrx_word' id='word_1_150' title='bbox 306 1190 564 1227; x_wconf 81' lang='lat' dir='ltr'>observatione</span> <span class='ocrx_word' id='word_1_151' title='bbox 591 1189 643 1236; x_wconf 86' lang='lat' dir='ltr'>(A</span> <span class='ocrx_word' id='word_1_152' title='bbox 671 1187 748 1234; x_wconf 82' lang='lat' dir='ltr'>iiia)</span> <span class='ocrx_word' id='word_1_153' title='bbox 774 1200 898 1224; x_wconf 86' lang='lat' dir='ltr'>eorum</span> <span class='ocrx_word' id='word_1_154' title='bbox 929 1187 1167 1231; x_wconf 80' lang='lat' dir='ltr'>retineamus,</span> <span class='ocrx_word' id='word_1_155' title='bbox 1193 1200 1287 1237; x_wconf 89' lang='lat' dir='ltr'>quae</span> <span class='ocrx_word' id='word_1_156' title='bbox 1315 1187 1439 1224; x_wconf 62' lang='lat' dir='ltr'>verbo&gt;</span> <span class='ocrx_word' id='word_1_157' title='bbox 1456 1186 1524 1223; x_wconf 89' lang='lat' dir='ltr'>Dei</span> <span class='ocrx_word' id='word_1_158' title='bbox 1553 1199 1687 1237; x_wconf 89' lang='lat' dir='ltr'>appro-</span> 
     </span>
     <span class='ocr_line' id='line_1_17' title="bbox 172 1251 1688 1303; baseline -0.003 -10"><span class='ocrx_word' id='word_1_159' title='bbox 172 1257 258 1293; x_wconf 91' lang='lat' dir='ltr'>bare</span> <span class='ocrx_word' id='word_1_160' title='bbox 302 1254 582 1303; x_wconf 74' lang='lat' dir='ltr'>haudquaquam</span> <span class='ocrx_word' id='word_1_161' title='bbox 625 1251 831 1302; x_wconf 82' lang='lat' dir='ltr'>possimus:</span> <span class='ocrx_word' id='word_1_162' title='bbox 876 1264 986 1288; x_wconf 88' lang='lat' dir='ltr'>vocas</span> <span class='ocrx_word' id='word_1_163' title='bbox 1032 1265 1100 1288; x_wconf 89' lang='lat' dir='ltr'>nos</span> <span class='ocrx_word' id='word_1_164' title='bbox 1138 1251 1374 1288; x_wconf 88' lang='lat' dir='ltr'>idololatriae</span> <span class='ocrx_word' id='word_1_165' title='bbox 1412 1251 1609 1288; x_wconf 90' lang='lat' dir='ltr'>Ministros</span> <span class='ocrx_word' id='word_1_166' title='bbox 1644 1263 1688 1288; x_wconf 86' lang='lat' dir='ltr'>ac</span> 
     </span>
     <span class='ocr_line' id='line_1_18' title="bbox 174 1314 1688 1367; baseline -0.002 -12"><span class='ocrx_word' id='word_1_167' title='bbox 174 1319 368 1361; x_wconf 84' lang='lat' dir='ltr'>Doctores,</span> <span class='ocrx_word' id='word_1_168' title='bbox 405 1321 596 1367; x_wconf 84' lang='lat' dir='ltr'>propterea</span> <span class='ocrx_word' id='word_1_169' title='bbox 626 1315 724 1366; x_wconf 88' lang='lat' dir='ltr'>quod</span> <span class='ocrx_word' id='word_1_170' title='bbox 753 1315 918 1352; x_wconf 83' lang='lat' dir='ltr'>infantes</span> <span class='ocrx_word' id='word_1_171' title='bbox 946 1318 1096 1352; x_wconf 89' lang='lat' dir='ltr'>nostros</span> <span class='ocrx_word' id='word_1_172' title='bbox 1124 1315 1353 1365; x_wconf 82' lang='lat' dir='ltr'>baptizemus</span> <span class='ocrx_word' id='word_1_173' title='bbox 1381 1318 1417 1352; x_wconf 90' lang='lat' dir='ltr'>et</span> <span class='ocrx_word' id='word_1_174' title='bbox 1446 1314 1688 1365; x_wconf 86' lang='lat' dir='ltr'>baptizandos</span> 
     </span>
     <span class='ocr_line' id='line_1_19' title="bbox 172 1378 1688 1430; baseline -0.003 -10"><span class='ocrx_word' id='word_1_175' title='bbox 172 1396 251 1420; x_wconf 86' lang='lat' dir='ltr'>esse</span> <span class='ocrx_word' id='word_1_176' title='bbox 289 1382 495 1418; x_wconf 85' lang='lat' dir='ltr'>doceamus.</span> <span class='ocrx_word' id='word_1_177' title='bbox 550 1380 705 1417; x_wconf 86' lang='lat' dir='ltr'>Coetum</span> <span class='ocrx_word' id='word_1_178' title='bbox 731 1379 819 1416; x_wconf 91' lang='lat' dir='ltr'>item</span> <span class='ocrx_word' id='word_1_179' title='bbox 848 1383 1017 1416; x_wconf 85' lang='lat' dir='ltr'>nostrum</span> <span class='ocrx_word' id='word_1_180' title='bbox 1043 1379 1094 1416; x_wconf 89' lang='lat' dir='ltr'>ita</span> <span class='ocrx_word' id='word_1_181' title='bbox 1123 1379 1310 1430; x_wconf 85' lang='lat' dir='ltr'>conspuis,</span> <span class='ocrx_word' id='word_1_182' title='bbox 1338 1383 1377 1417; x_wconf 89' lang='lat' dir='ltr'>ut</span> <span class='ocrx_word' id='word_1_183' title='bbox 1404 1378 1499 1415; x_wconf 90' lang='lat' dir='ltr'>nihil</span> <span class='ocrx_word' id='word_1_184' title='bbox 1527 1382 1688 1429; x_wconf 89' lang='lat' dir='ltr'>praeter-</span> 
     </span>
     <span class='ocr_line' id='line_1_20' title="bbox 173 1440 1688 1494; baseline -0.003 -12"><span class='ocrx_word' id='word_1_185' title='bbox 173 1445 310 1486; x_wconf 84' lang='lat' dir='ltr'>mittas,</span> <span class='ocrx_word' id='word_1_186' title='bbox 345 1444 442 1494; x_wconf 90' lang='lat' dir='ltr'>quod</span> <span class='ocrx_word' id='word_1_187' title='bbox 471 1443 516 1480; x_wconf 86' lang='lat' dir='ltr'>ad</span> <span class='ocrx_word' id='word_1_188' title='bbox 545 1442 862 1493; x_wconf 88' lang='lat' dir='ltr'>proscindendum</span> <span class='ocrx_word' id='word_1_189' title='bbox 888 1443 992 1480; x_wconf 91' lang='lat' dir='ltr'>illum</span> <span class='ocrx_word' id='word_1_190' title='bbox 1020 1440 1123 1480; x_wconf 88' lang='lat' dir='ltr'>omni</span> <span class='ocrx_word' id='word_1_191' title='bbox 1152 1442 1407 1480; x_wconf 91' lang='lat' dir='ltr'>conviciorum</span> <span class='ocrx_word' id='word_1_192' title='bbox 1434 1455 1568 1491; x_wconf 78' lang='lat' dir='ltr'>genere</span> <span class='ocrx_word' id='word_1_193' title='bbox 1595 1455 1688 1492; x_wconf 91' lang='lat' dir='ltr'>quo-</span> 
     </span>
     <span class='ocr_line' id='line_1_21' title="bbox 171 1507 1689 1560; baseline -0.002 -14"><span class='ocrx_word' id='word_1_194' title='bbox 171 1509 356 1560; x_wconf 87' lang='lat' dir='ltr'>quomodo</span> <span class='ocrx_word' id='word_1_195' title='bbox 393 1508 586 1559; x_wconf 83' lang='lat' dir='ltr'>pertineat.</span> <span class='ocrx_word' id='word_1_196' title='bbox 638 1507 820 1552; x_wconf 80' lang='lat' dir='ltr'>Breviter,</span> <span class='ocrx_word' id='word_1_197' title='bbox 856 1507 992 1558; x_wconf 85' lang='lat' dir='ltr'>spolias</span> <span class='ocrx_word' id='word_1_198' title='bbox 1020 1521 1088 1544; x_wconf 91' lang='lat' dir='ltr'>nos</span> <span class='ocrx_word' id='word_1_199' title='bbox 1116 1507 1260 1544; x_wconf 87' lang='lat' dir='ltr'>omneis</span> <span class='ocrx_word' id='word_1_200' title='bbox 1289 1507 1478 1544; x_wconf 81' lang='lat' dir='ltr'>Ecclesiae</span> <span class='ocrx_word' id='word_1_201' title='bbox 1504 1507 1628 1552; x_wconf 75' lang='lat' dir='ltr'>titulo,</span> <span class='ocrx_word' id='word_1_202' title='bbox 1653 1510 1689 1544; x_wconf 89' lang='lat' dir='ltr'>et</span> 
     </span>
     <span class='ocr_line' id='line_1_22' title="bbox 171 1571 1687 1624; baseline -0.002 -14"><span class='ocrx_word' id='word_1_203' title='bbox 171 1586 237 1624; x_wconf 88' lang='lat' dir='ltr'>pro</span> <span class='ocrx_word' id='word_1_204' title='bbox 265 1573 390 1610; x_wconf 85' lang='lat' dir='ltr'>eiectis</span> <span class='ocrx_word' id='word_1_205' title='bbox 426 1585 588 1622; x_wconf 87' lang='lat' dir='ltr'>prorsus,</span> <span class='ocrx_word' id='word_1_206' title='bbox 615 1584 657 1608; x_wconf 90' lang='lat' dir='ltr'>ac</span> <span class='ocrx_word' id='word_1_207' title='bbox 684 1571 884 1621; x_wconf 84' lang='lat' dir='ltr'>deploratis</span> <span class='ocrx_word' id='word_1_208' title='bbox 913 1571 1038 1615; x_wconf 87' lang='lat' dir='ltr'>habes,</span> <span class='ocrx_word' id='word_1_209' title='bbox 1066 1571 1165 1622; x_wconf 90' lang='lat' dir='ltr'>quod</span> <span class='ocrx_word' id='word_1_210' title='bbox 1194 1571 1403 1608; x_wconf 83' lang='lat' dir='ltr'>doctrinam</span> <span class='ocrx_word' id='word_1_211' title='bbox 1429 1575 1529 1608; x_wconf 87' lang='lat' dir='ltr'>tuam</span> <span class='ocrx_word' id='word_1_212' title='bbox 1558 1572 1687 1621; x_wconf 89' lang='lat' dir='ltr'>(quam</span> 
     </span>
     <span class='ocr_line' id='line_1_23' title="bbox 172 1633 1690 1685; baseline -0.001 -12"><span class='ocrx_word' id='word_1_213' title='bbox 172 1638 333 1674; x_wconf 91' lang='lat' dir='ltr'>refutare</span> <span class='ocrx_word' id='word_1_214' title='bbox 368 1649 443 1673; x_wconf 87' lang='lat' dir='ltr'>non</span> <span class='ocrx_word' id='word_1_215' title='bbox 471 1648 646 1685; x_wconf 88' lang='lat' dir='ltr'>queamus</span> <span class='ocrx_word' id='word_1_216' title='bbox 676 1635 835 1681; x_wconf 89' lang='lat' dir='ltr'>scilicet)</span> <span class='ocrx_word' id='word_1_217' title='bbox 864 1648 939 1672; x_wconf 88' lang='lat' dir='ltr'>non</span> <span class='ocrx_word' id='word_1_218' title='bbox 967 1635 1116 1672; x_wconf 88' lang='lat' dir='ltr'>interim</span> <span class='ocrx_word' id='word_1_219' title='bbox 1144 1640 1269 1672; x_wconf 89' lang='lat' dir='ltr'>tamen</span> <span class='ocrx_word' id='word_1_220' title='bbox 1295 1635 1530 1685; x_wconf 88' lang='lat' dir='ltr'>recipiamus.</span> <span class='ocrx_word' id='word_1_221' title='bbox 1585 1633 1690 1671; x_wconf 84' lang='lat' dir='ltr'>Haec</span> 
     </span>
     <span class='ocr_line' id='line_1_24' title="bbox 173 1697 1690 1750; baseline -0.002 -13"><span class='ocrx_word' id='word_1_222' title='bbox 173 1714 273 1746; x_wconf 87' lang='lat' dir='ltr'>vero,</span> <span class='ocrx_word' id='word_1_223' title='bbox 307 1713 423 1750; x_wconf 90' lang='lat' dir='ltr'>neque</span> <span class='ocrx_word' id='word_1_224' title='bbox 457 1700 522 1737; x_wconf 90' lang='lat' dir='ltr'>abs</span> <span class='ocrx_word' id='word_1_225' title='bbox 559 1704 593 1737; x_wconf 87' lang='lat' dir='ltr'>te</span> <span class='ocrx_word' id='word_1_226' title='bbox 621 1704 916 1749; x_wconf 82' lang='lat' dir='ltr'>expectassemus</span> <span class='ocrx_word' id='word_1_227' title='bbox 943 1712 1122 1750; x_wconf 87' lang='lat' dir='ltr'>unquam,</span> <span class='ocrx_word' id='word_1_228' title='bbox 1151 1699 1195 1737; x_wconf 89' lang='lat' dir='ltr'>de</span> <span class='ocrx_word' id='word_1_229' title='bbox 1221 1712 1293 1749; x_wconf 91' lang='lat' dir='ltr'>quo</span> <span class='ocrx_word' id='word_1_230' title='bbox 1324 1698 1434 1736; x_wconf 90' lang='lat' dir='ltr'>nobis</span> <span class='ocrx_word' id='word_1_231' title='bbox 1463 1698 1579 1735; x_wconf 89' lang='lat' dir='ltr'>multo</span> <span class='ocrx_word' id='word_1_232' title='bbox 1607 1697 1690 1748; x_wconf 91' lang='lat' dir='ltr'>qui-</span> 
     </span>
     <span class='ocr_line' id='line_1_25' title="bbox 177 1762 1691 1814; baseline -0.001 -13"><span class='ocrx_word' id='word_1_233' title='bbox 177 1765 258 1801; x_wconf 89' lang='lat' dir='ltr'>dem</span> <span class='ocrx_word' id='word_1_234' title='bbox 296 1764 446 1801; x_wconf 86' lang='lat' dir='ltr'>meliora</span> <span class='ocrx_word' id='word_1_235' title='bbox 475 1763 761 1813; x_wconf 84' lang='lat' dir='ltr'>pollicebamur:</span> <span class='ocrx_word' id='word_1_236' title='bbox 789 1768 824 1801; x_wconf 90' lang='lat' dir='ltr'>et</span> <span class='ocrx_word' id='word_1_237' title='bbox 850 1768 1091 1814; x_wconf 85' lang='lat' dir='ltr'>posteaquam</span> <span class='ocrx_word' id='word_1_238' title='bbox 1118 1764 1182 1801; x_wconf 90' lang='lat' dir='ltr'>illa</span> <span class='ocrx_word' id='word_1_239' title='bbox 1209 1764 1282 1800; x_wconf 89' lang='lat' dir='ltr'>iam</span> <span class='ocrx_word' id='word_1_240' title='bbox 1311 1762 1492 1813; x_wconf 78' lang='lat' dir='ltr'>sparsisti,</span> <span class='ocrx_word' id='word_1_241' title='bbox 1518 1762 1691 1811; x_wconf 78' lang='lat' dir='ltr'>graviora</span> 
     </span>
     <span class='ocr_line' id='line_1_26' title="bbox 176 1826 1690 1878; baseline -0.002 -13"><span class='ocrx_word' id='word_1_242' title='bbox 176 1841 264 1865; x_wconf 85' lang='lat' dir='ltr'>sane</span> <span class='ocrx_word' id='word_1_243' title='bbox 290 1840 368 1864; x_wconf 88' lang='lat' dir='ltr'>esse</span> <span class='ocrx_word' id='word_1_244' title='bbox 394 1827 610 1869; x_wconf 82' lang='lat' dir='ltr'>iudicamus,</span> <span class='ocrx_word' id='word_1_245' title='bbox 638 1840 747 1877; x_wconf 87' lang='lat' dir='ltr'>quam</span> <span class='ocrx_word' id='word_1_246' title='bbox 775 1832 815 1864; x_wconf 87' lang='lat' dir='ltr'>ut</span> <span class='ocrx_word' id='word_1_247' title='bbox 843 1827 890 1864; x_wconf 89' lang='lat' dir='ltr'>ad</span> <span class='ocrx_word' id='word_1_248' title='bbox 917 1841 958 1865; x_wconf 91' lang='lat' dir='ltr'>ea</span> <span class='ocrx_word' id='word_1_249' title='bbox 986 1827 1093 1864; x_wconf 89' lang='lat' dir='ltr'>silere</span> <span class='ocrx_word' id='word_1_250' title='bbox 1121 1828 1292 1878; x_wconf 87' lang='lat' dir='ltr'>amplius,</span> <span class='ocrx_word' id='word_1_251' title='bbox 1319 1827 1375 1864; x_wconf 89' lang='lat' dir='ltr'>vel</span> <span class='ocrx_word' id='word_1_252' title='bbox 1402 1826 1585 1877; x_wconf 88' lang='lat' dir='ltr'>possimus</span> <span class='ocrx_word' id='word_1_253' title='bbox 1609 1839 1690 1863; x_wconf 91' lang='lat' dir='ltr'>om-</span> 
     </span>
     <span class='ocr_line' id='line_1_27' title="bbox 178 1889 1691 1940; baseline -0.001 -12"><span class='ocrx_word' id='word_1_254' title='bbox 178 1892 280 1935; x_wconf 86' lang='lat' dir='ltr'>nino,</span> <span class='ocrx_word' id='word_1_255' title='bbox 306 1891 361 1928; x_wconf 92' lang='lat' dir='ltr'>vel</span> <span class='ocrx_word' id='word_1_256' title='bbox 389 1891 499 1928; x_wconf 88' lang='lat' dir='ltr'>etiam</span> <span class='ocrx_word' id='word_1_257' title='bbox 529 1891 740 1929; x_wconf 84' lang='lat' dir='ltr'>debeamus.</span> <span class='ocrx_word' id='word_1_258' title='bbox 781 1892 877 1928; x_wconf 86' lang='lat' dir='ltr'>Sunt</span> <span class='ocrx_word' id='word_1_259' title='bbox 903 1892 1002 1928; x_wconf 89' lang='lat' dir='ltr'>enim</span> <span class='ocrx_word' id='word_1_260' title='bbox 1030 1891 1226 1935; x_wconf 90' lang='lat' dir='ltr'>eiusmodi,</span> <span class='ocrx_word' id='word_1_261' title='bbox 1252 1895 1294 1928; x_wconf 91' lang='lat' dir='ltr'>ut</span> <span class='ocrx_word' id='word_1_262' title='bbox 1322 1891 1401 1928; x_wconf 90' lang='lat' dir='ltr'>sine</span> <span class='ocrx_word' id='word_1_263' title='bbox 1426 1890 1532 1939; x_wconf 79' lang='lat' dir='ltr'>gravi</span> <span class='ocrx_word' id='word_1_264' title='bbox 1558 1889 1691 1940; x_wconf 89' lang='lat' dir='ltr'>impie-</span> 
     </span>
     <span class='ocr_line' id='line_1_28' title="bbox 173 1954 1692 2005; baseline -0.001 -14"><span class='ocrx_word' id='word_1_265' title='bbox 173 1955 263 1992; x_wconf 88' lang='lat' dir='ltr'>tatis</span> <span class='ocrx_word' id='word_1_266' title='bbox 291 1959 377 1992; x_wconf 88' lang='lat' dir='ltr'>nota</span> <span class='ocrx_word' id='word_1_267' title='bbox 405 1954 449 1991; x_wconf 88' lang='lat' dir='ltr'>ab</span> <span class='ocrx_word' id='word_1_268' title='bbox 480 1954 627 1992; x_wconf 89' lang='lat' dir='ltr'>homine</span> <span class='ocrx_word' id='word_1_269' title='bbox 655 1954 867 1991; x_wconf 86' lang='lat' dir='ltr'>Christiano</span> <span class='ocrx_word' id='word_1_270' title='bbox 896 1955 983 1992; x_wconf 86' lang='lat' dir='ltr'>ferri</span> <span class='ocrx_word' id='word_1_271' title='bbox 1004 1955 1301 2005; x_wconf 85' lang='lat' dir='ltr'>dissimularique</span> <span class='ocrx_word' id='word_1_272' title='bbox 1319 1968 1394 1992; x_wconf 90' lang='lat' dir='ltr'>non</span> <span class='ocrx_word' id='word_1_273' title='bbox 1414 1955 1571 2005; x_wconf 84' lang='lat' dir='ltr'>possint.</span> <span class='ocrx_word' id='word_1_274' title='bbox 1599 1954 1692 1991; x_wconf 89' lang='lat' dir='ltr'>Pro·</span> 
     </span>
     <span class='ocr_line' id='line_1_29' title="bbox 176 2018 1690 2068; baseline 0.001 -14"><span class='ocrx_word' id='word_1_275' title='bbox 176 2018 265 2055; x_wconf 87' lang='lat' dir='ltr'>inde</span> <span class='ocrx_word' id='word_1_276' title='bbox 292 2019 411 2055; x_wconf 89' lang='lat' dir='ltr'>facere</span> <span class='ocrx_word' id='word_1_277' title='bbox 437 2018 593 2068; x_wconf 91' lang='lat' dir='ltr'>amplius</span> <span class='ocrx_word' id='word_1_278' title='bbox 622 2031 697 2055; x_wconf 90' lang='lat' dir='ltr'>non</span> <span class='ocrx_word' id='word_1_279' title='bbox 724 2018 841 2068; x_wconf 87' lang='lat' dir='ltr'>potui,</span> <span class='ocrx_word' id='word_1_280' title='bbox 868 2019 957 2068; x_wconf 88' lang='lat' dir='ltr'>quin</span> <span class='ocrx_word' id='word_1_281' title='bbox 987 2019 1174 2056; x_wconf 88' lang='lat' dir='ltr'>silentium</span> <span class='ocrx_word' id='word_1_282' title='bbox 1204 2020 1274 2056; x_wconf 90' lang='lat' dir='ltr'>hoc</span> <span class='ocrx_word' id='word_1_283' title='bbox 1302 2032 1423 2056; x_wconf 90' lang='lat' dir='ltr'>meum</span> <span class='ocrx_word' id='word_1_284' title='bbox 1450 2018 1522 2055; x_wconf 88' lang='lat' dir='ltr'>iam</span> <span class='ocrx_word' id='word_1_285' title='bbox 1541 2018 1690 2055; x_wconf 85' lang='lat' dir='ltr'>tandem</span> 
     </span>
     <span class='ocr_line' id='line_1_30' title="bbox 178 2081 1690 2133; baseline 0.001 -15"><span class='ocrx_word' id='word_1_286' title='bbox 178 2082 452 2132; x_wconf 85' lang='lat' dir='ltr'>abrumperem:</span> <span class='ocrx_word' id='word_1_287' title='bbox 482 2086 520 2118; x_wconf 90' lang='lat' dir='ltr'>ut</span> <span class='ocrx_word' id='word_1_288' title='bbox 546 2086 581 2118; x_wconf 91' lang='lat' dir='ltr'>et</span> <span class='ocrx_word' id='word_1_289' title='bbox 608 2081 857 2119; x_wconf 85' lang='lat' dir='ltr'>Ecclesiarum</span> <span class='ocrx_word' id='word_1_290' title='bbox 886 2090 1098 2119; x_wconf 79' lang='lat' dir='ltr'>nostrarum</span> <span class='ocrx_word' id='word_1_291' title='bbox 1127 2083 1302 2132; x_wconf 79' lang='lat' dir='ltr'>dignitati</span> <span class='ocrx_word' id='word_1_292' title='bbox 1322 2096 1386 2133; x_wconf 88' lang='lat' dir='ltr'>pro</span> <span class='ocrx_word' id='word_1_293' title='bbox 1408 2082 1532 2119; x_wconf 89' lang='lat' dir='ltr'>debito</span> <span class='ocrx_word' id='word_1_294' title='bbox 1551 2082 1690 2119; x_wconf 87' lang='lat' dir='ltr'>officio-</span> 
     </span>
     <span class='ocr_line' id='line_1_31' title="bbox 180 2145 1691 2194; baseline 0.001 -12"><span class='ocrx_word' id='word_1_295' title='bbox 180 2158 248 2194; x_wconf 85' lang='lat' dir='ltr'>que</span> <span class='ocrx_word' id='word_1_296' title='bbox 285 2157 363 2181; x_wconf 93' lang='lat' dir='ltr'>meo</span> <span class='ocrx_word' id='word_1_297' title='bbox 398 2157 473 2182; x_wconf 85' lang='lat' dir='ltr'>non</span> <span class='ocrx_word' id='word_1_298' title='bbox 511 2145 683 2189; x_wconf 81' lang='lat' dir='ltr'>deessem,</span> <span class='ocrx_word' id='word_1_299' title='bbox 719 2149 754 2182; x_wconf 90' lang='lat' dir='ltr'>et</span> <span class='ocrx_word' id='word_1_300' title='bbox 791 2145 998 2183; x_wconf 89' lang='lat' dir='ltr'>doctrinam</span> <span class='ocrx_word' id='word_1_301' title='bbox 1035 2149 1088 2194; x_wconf 84' lang='lat' dir='ltr'>(A</span> <span class='ocrx_word' id='word_1_302' title='bbox 1116 2147 1193 2194; x_wconf 85' lang='lat' dir='ltr'>iiib)</span> <span class='ocrx_word' id='word_1_303' title='bbox 1220 2147 1308 2185; x_wconf 89' lang='lat' dir='ltr'>item</span> <span class='ocrx_word' id='word_1_304' title='bbox 1337 2150 1501 2184; x_wconf 87' lang='lat' dir='ltr'>nostram</span> <span class='ocrx_word' id='word_1_305' title='bbox 1529 2159 1549 2183; x_wconf 87' lang='lat' dir='ltr'>a</span> <span class='ocrx_word' id='word_1_306' title='bbox 1577 2146 1691 2183; x_wconf 88' lang='lat' dir='ltr'>male-</span> 
     </span>
     <span class='ocr_line' id='line_1_32' title="bbox 182 2208 1691 2261; baseline 0 -16"><span class='ocrx_word' id='word_1_307' title='bbox 182 2209 289 2245; x_wconf 87' lang='lat' dir='ltr'>dictis</span> <span class='ocrx_word' id='word_1_308' title='bbox 333 2210 406 2244; x_wconf 87' lang='lat' dir='ltr'>tuis</span> <span class='ocrx_word' id='word_1_309' title='bbox 445 2208 558 2245; x_wconf 85' lang='lat' dir='ltr'>Verbi</span> <span class='ocrx_word' id='word_1_310' title='bbox 594 2208 723 2245; x_wconf 90' lang='lat' dir='ltr'>Divini</span> <span class='ocrx_word' id='word_1_311' title='bbox 757 2209 956 2247; x_wconf 85' lang='lat' dir='ltr'>autoritate</span> <span class='ocrx_word' id='word_1_312' title='bbox 985 2210 1230 2248; x_wconf 85' lang='lat' dir='ltr'>vindicarem:</span> <span class='ocrx_word' id='word_1_313' title='bbox 1262 2224 1371 2261; x_wconf 87' lang='lat' dir='ltr'>quam</span> <span class='ocrx_word' id='word_1_314' title='bbox 1400 2214 1439 2247; x_wconf 87' lang='lat' dir='ltr'>tu</span> <span class='ocrx_word' id='word_1_315' title='bbox 1467 2209 1691 2247; x_wconf 84' lang='lat' dir='ltr'>clamoribus</span> 
     </span>
     <span class='ocr_line' id='line_1_33' title="bbox 183 2271 1691 2324; baseline 0.002 -17"><span class='ocrx_word' id='word_1_316' title='bbox 183 2272 330 2322; x_wconf 86' lang='lat' dir='ltr'>quidem</span> <span class='ocrx_word' id='word_1_317' title='bbox 366 2271 474 2308; x_wconf 85' lang='lat' dir='ltr'>facile</span> <span class='ocrx_word' id='word_1_318' title='bbox 506 2271 600 2321; x_wconf 90' lang='lat' dir='ltr'>apud</span> <span class='ocrx_word' id='word_1_319' title='bbox 637 2277 720 2309; x_wconf 89' lang='lat' dir='ltr'>tuos</span> <span class='ocrx_word' id='word_1_320' title='bbox 749 2273 930 2310; x_wconf 83' lang='lat' dir='ltr'>incessere</span> <span class='ocrx_word' id='word_1_321' title='bbox 957 2279 1073 2324; x_wconf 83' lang='lat' dir='ltr'>poteS,</span> <span class='ocrx_word' id='word_1_322' title='bbox 1100 2280 1282 2312; x_wconf 88' lang='lat' dir='ltr'>caeterum</span> <span class='ocrx_word' id='word_1_323' title='bbox 1314 2274 1524 2324; x_wconf 87' lang='lat' dir='ltr'>Scripturae</span> <span class='ocrx_word' id='word_1_324' title='bbox 1550 2273 1691 2311; x_wconf 90' lang='lat' dir='ltr'>autori—</span> 
     </span>
     <span class='ocr_line' id='line_1_34' title="bbox 182 2335 1691 2388; baseline 0.001 -16"><span class='ocrx_word' id='word_1_325' title='bbox 182 2341 257 2373; x_wconf 85' lang='lat' dir='ltr'>tate</span> <span class='ocrx_word' id='word_1_326' title='bbox 293 2335 452 2382; x_wconf 84' lang='lat' dir='ltr'>(ctiamsi</span> <span class='ocrx_word' id='word_1_327' title='bbox 488 2335 588 2371; x_wconf 91' lang='lat' dir='ltr'>illam</span> <span class='ocrx_word' id='word_1_328' title='bbox 623 2341 798 2385; x_wconf 87' lang='lat' dir='ltr'>perpetuo</span> <span class='ocrx_word' id='word_1_329' title='bbox 834 2337 964 2383; x_wconf 87' lang='lat' dir='ltr'>iactes)</span> <span class='ocrx_word' id='word_1_330' title='bbox 992 2337 1209 2388; x_wconf 77' lang='lat' dir='ltr'>impugnare</span> <span class='ocrx_word' id='word_1_331' title='bbox 1237 2351 1319 2376; x_wconf 89' lang='lat' dir='ltr'>vere</span> <span class='ocrx_word' id='word_1_332' title='bbox 1347 2351 1547 2388; x_wconf 83' lang='lat' dir='ltr'>numquam</span> <span class='ocrx_word' id='word_1_333' title='bbox 1574 2341 1691 2387; x_wconf 87' lang='lat' dir='ltr'>potes.</span> 
     </span>
     <span class='ocr_line' id='line_1_35' title="bbox 183 2399 1690 2453; baseline 0.001 -17"><span class='ocrx_word' id='word_1_334' title='bbox 183 2399 308 2436; x_wconf 88' lang='lat' dir='ltr'>Vitam</span> <span class='ocrx_word' id='word_1_335' title='bbox 354 2412 469 2435; x_wconf 87' lang='lat' dir='ltr'>meam</span> <span class='ocrx_word' id='word_1_336' title='bbox 505 2412 676 2436; x_wconf 87' lang='lat' dir='ltr'>accusare</span> <span class='ocrx_word' id='word_1_337' title='bbox 719 2401 844 2437; x_wconf 87' lang='lat' dir='ltr'>malim</span> <span class='ocrx_word' id='word_1_338' title='bbox 880 2401 1046 2451; x_wconf 79' lang='lat' dir='ltr'>ipsemet,</span> <span class='ocrx_word' id='word_1_339' title='bbox 1083 2416 1191 2453; x_wconf 88' lang='lat' dir='ltr'>quam</span> <span class='ocrx_word' id='word_1_340' title='bbox 1226 2415 1405 2440; x_wconf 81' lang='lat' dir='ltr'>excusare</span> <span class='ocrx_word' id='word_1_341' title='bbox 1439 2401 1535 2452; x_wconf 88' lang='lat' dir='ltr'>apud</span> <span class='ocrx_word' id='word_1_342' title='bbox 1573 2401 1690 2438; x_wconf 90' lang='lat' dir='ltr'>Deum</span> 
     </span>
     <span class='ocr_line' id='line_1_36' title="bbox 184 2462 1694 2513; baseline 0.001 -14"><span class='ocrx_word' id='word_1_343' title='bbox 184 2462 409 2513; x_wconf 85' lang='lat' dir='ltr'>praesertim,</span> <span class='ocrx_word' id='word_1_344' title='bbox 447 2468 566 2499; x_wconf 88' lang='lat' dir='ltr'>certus</span> <span class='ocrx_word' id='word_1_345' title='bbox 603 2464 694 2500; x_wconf 89' lang='lat' dir='ltr'>mihi</span> <span class='ocrx_word' id='word_1_346' title='bbox 731 2476 807 2501; x_wconf 89' lang='grc'><strong>11011</strong></span> <span class='ocrx_word' id='word_1_347' title='bbox 836 2465 1041 2503; x_wconf 85' lang='lat' dir='ltr'>defuturam</span> <span class='ocrx_word' id='word_1_348' title='bbox 1070 2480 1148 2503; x_wconf 88' lang='lat' dir='ltr'>esse</span> <span class='ocrx_word' id='word_1_349' title='bbox 1175 2467 1273 2504; x_wconf 89' lang='lat' dir='ltr'>illius</span> <span class='ocrx_word' id='word_1_350' title='bbox 1302 2465 1606 2510; x_wconf 86' lang='lat' dir='ltr'>misericordiam,</span> <span class='ocrx_word' id='word_1_351' title='bbox 1634 2465 1694 2502; x_wconf 90' lang='lat' dir='ltr'>cui</span> 
     </span>
     <span class='ocr_line' id='line_1_37' title="bbox 183 2526 1692 2581; baseline 0.001 -18"><span class='ocrx_word' id='word_1_352' title='bbox 183 2526 331 2563; x_wconf 85' lang='lat' dir='ltr'>iuterim</span> <span class='ocrx_word' id='word_1_353' title='bbox 366 2526 504 2573; x_wconf 84' lang='lat' dir='ltr'>gratias</span> <span class='ocrx_word' id='word_1_354' title='bbox 539 2539 621 2573; x_wconf 67' lang='lat' dir='ltr'>ago,</span> <span class='ocrx_word' id='word_1_355' title='bbox 657 2527 753 2577; x_wconf 87' lang='lat' dir='ltr'>quod</span> <span class='ocrx_word' id='word_1_356' title='bbox 791 2542 848 2565; x_wconf 89' lang='lat' dir='ltr'>me</span> <span class='ocrx_word' id='word_1_357' title='bbox 883 2529 930 2566; x_wconf 86' lang='lat' dir='ltr'>ab</span> <span class='ocrx_word' id='word_1_358' title='bbox 969 2530 1037 2571; x_wconf 75' lang='grc'><strong>1113,</strong></span> <span class='ocrx_word' id='word_1_359' title='bbox 1073 2544 1165 2581; x_wconf 90' lang='lat' dir='ltr'>quae</span> <span class='ocrx_word' id='word_1_360' title='bbox 1193 2531 1284 2568; x_wconf 87' lang='lat' dir='ltr'>mihi</span> <span class='ocrx_word' id='word_1_361' title='bbox 1313 2534 1437 2567; x_wconf 88' lang='lat' dir='ltr'>notam</span> <span class='ocrx_word' id='word_1_362' title='bbox 1465 2529 1625 2579; x_wconf 89' lang='lat' dir='ltr'>aliquam</span> <span class='ocrx_word' id='word_1_363' title='bbox 1653 2529 1692 2565; x_wconf 90' lang='lat' dir='ltr'>in</span> 
     </span>
     <span class='ocr_line' id='line_1_38' title="bbox 185 2589 1696 2640; baseline 0.002 -13"><span class='ocrx_word' id='word_1_364' title='bbox 185 2590 261 2627; x_wconf 90' lang='lat' dir='ltr'>cius</span> <span class='ocrx_word' id='word_1_365' title='bbox 300 2589 463 2626; x_wconf 85' lang='lat' dir='ltr'>Ecclesia</span> <span class='ocrx_word' id='word_1_366' title='bbox 501 2589 644 2627; x_wconf 88' lang='lat' dir='ltr'>inurere</span> <span class='ocrx_word' id='word_1_367' title='bbox 680 2596 842 2640; x_wconf 74' lang='lat' dir='ltr'>possent,</span> <span class='ocrx_word' id='word_1_368' title='bbox 870 2593 1064 2630; x_wconf 86' lang='lat' dir='ltr'>elementer</span> <span class='ocrx_word' id='word_1_369' title='bbox 1094 2595 1293 2631; x_wconf 89' lang='lat' dir='ltr'>immunem</span> <span class='ocrx_word' id='word_1_370' title='bbox 1323 2593 1500 2631; x_wconf 89' lang='lat' dir='ltr'>hactenus</span> <span class='ocrx_word' id='word_1_371' title='bbox 1529 2592 1696 2636; x_wconf 85' lang='lat' dir='ltr'>servarit,</span> 
     </span>
     <span class='ocr_line' id='line_1_39' title="bbox 184 2653 1693 2708; baseline 0.004 -20"><span class='ocrx_word' id='word_1_372' title='bbox 184 2653 440 2703; x_wconf 85' lang='lat' dir='ltr'>prolapsurum</span> <span class='ocrx_word' id='word_1_373' title='bbox 470 2653 606 2703; x_wconf 88' lang='lat' dir='ltr'>alioqui</span> <span class='ocrx_word' id='word_1_374' title='bbox 634 2654 672 2691; x_wconf 90' lang='grc'>111</span> <span class='ocrx_word' id='word_1_375' title='bbox 689 2667 796 2692; x_wconf 91' lang='lat' dir='ltr'>omne</span> <span class='ocrx_word' id='word_1_376' title='bbox 813 2656 987 2693; x_wconf 90' lang='lat' dir='ltr'>scelerum</span> <span class='ocrx_word' id='word_1_377' title='bbox 1007 2671 1135 2706; x_wconf 81' lang='lat' dir='ltr'>genus,</span> <span class='ocrx_word' id='word_1_378' title='bbox 1156 2658 1227 2696; x_wconf 87' lang='lat' dir='ltr'>nisi</span> <span class='ocrx_word' id='word_1_379' title='bbox 1246 2659 1324 2708; x_wconf 90' lang='lat' dir='ltr'>ipse</span> <span class='ocrx_word' id='word_1_380' title='bbox 1344 2661 1537 2695; x_wconf 87' lang='lat' dir='ltr'>servasset.</span> <span class='ocrx_word' id='word_1_381' title='bbox 1567 2657 1693 2694; x_wconf 76' lang='lat' dir='ltr'>Quare</span> 
     </span>
     <span class='ocr_line' id='line_1_40' title="bbox 187 2717 1692 2772; baseline 0.002 -18"><span class='ocrx_word' id='word_1_382' title='bbox 187 2718 246 2754; x_wconf 91' lang='lat' dir='ltr'>hic</span> <span class='ocrx_word' id='word_1_383' title='bbox 280 2717 350 2754; x_wconf 84' lang='lat' dir='ltr'>tibi</span> <span class='ocrx_word' id='word_1_384' title='bbox 386 2717 484 2754; x_wconf 87' lang='lat' dir='ltr'>aliud</span> <span class='ocrx_word' id='word_1_385' title='bbox 514 2717 607 2753; x_wconf 86' lang='lat' dir='ltr'>nihil</span> <span class='ocrx_word' id='word_1_386' title='bbox 633 2719 879 2768; x_wconf 87' lang='lat' dir='ltr'>respondebo,</span> <span class='ocrx_word' id='word_1_387' title='bbox 905 2734 1014 2770; x_wconf 87' lang='lat' dir='ltr'>quam</span> <span class='ocrx_word' id='word_1_388' title='bbox 1043 2722 1142 2771; x_wconf 91' lang='lat' dir='ltr'>quod</span> <span class='ocrx_word' id='word_1_389' title='bbox 1171 2724 1341 2760; x_wconf 84' lang='lat' dir='ltr'>Socrates</span> <span class='ocrx_word' id='word_1_390' title='bbox 1370 2721 1514 2759; x_wconf 88' lang='lat' dir='ltr'>cuidam</span> <span class='ocrx_word' id='word_1_391' title='bbox 1543 2734 1581 2758; x_wconf 88' lang='lat' dir='ltr'>se</span> <span class='ocrx_word' id='word_1_392' title='bbox 1607 2734 1692 2772; x_wconf 84' lang='lat' dir='ltr'>pro-</span> 
     </span>
     <span class='ocr_line' id='line_1_41' title="bbox 185 2781 1695 2834; baseline 0.001 -16"><span class='ocrx_word' id='word_1_393' title='bbox 185 2781 368 2819; x_wconf 88' lang='lat' dir='ltr'>scindenti</span> <span class='ocrx_word' id='word_1_394' title='bbox 397 2781 630 2831; x_wconf 85' lang='lat' dir='ltr'>respondisse</span> <span class='ocrx_word' id='word_1_395' title='bbox 657 2781 783 2825; x_wconf 87' lang='lat' dir='ltr'>fertur,</span> <span class='ocrx_word' id='word_1_396' title='bbox 810 2783 882 2820; x_wconf 88' lang='grc'><strong>11131</strong></span> <span class='ocrx_word' id='word_1_397' title='bbox 909 2784 1007 2833; x_wconf 92' lang='lat' dir='ltr'>quod</span> <span class='ocrx_word' id='word_1_398' title='bbox 1035 2798 1102 2833; x_wconf 82' lang='lat' dir='ltr'>ego</span> <span class='ocrx_word' id='word_1_399' title='bbox 1130 2786 1314 2834; x_wconf 79' lang='lat' dir='ltr'>gratuitae</span> <span class='ocrx_word' id='word_1_400' title='bbox 1331 2786 1400 2823; x_wconf 90' lang='lat' dir='ltr'>Dei</span> <span class='ocrx_word' id='word_1_401' title='bbox 1420 2784 1695 2823; x_wconf 84' lang='lat' dir='ltr'>misericordiae</span> 
     </span>
     <span class='ocr_line' id='line_1_42' title="bbox 185 2844 1695 2898; baseline 0.003 -16"><span class='ocrx_word' id='word_1_402' title='bbox 185 2845 222 2882; x_wconf 91' lang='lat' dir='ltr'>id</span> <span class='ocrx_word' id='word_1_403' title='bbox 250 2849 438 2896; x_wconf 89' lang='lat' dir='ltr'>acceptum</span> <span class='ocrx_word' id='word_1_404' title='bbox 465 2844 596 2890; x_wconf 79' lang='lat' dir='ltr'>refero,</span> <span class='ocrx_word' id='word_1_405' title='bbox 622 2845 720 2895; x_wconf 90' lang='lat' dir='ltr'>quod</span> <span class='ocrx_word' id='word_1_406' title='bbox 741 2846 802 2884; x_wconf 89' lang='lat' dir='ltr'>ille</span> <span class='ocrx_word' id='word_1_407' title='bbox 820 2846 1082 2898; x_wconf 86' lang='lat' dir='ltr'>Philosophiae</span> <span class='ocrx_word' id='word_1_408' title='bbox 1100 2850 1298 2887; x_wconf 90' lang='lat' dir='ltr'>tribuebat.</span> <span class='ocrx_word' id='word_1_409' title='bbox 1327 2849 1377 2887; x_wconf 87' lang='lat' dir='ltr'>Et</span> <span class='ocrx_word' id='word_1_410' title='bbox 1398 2850 1558 2888; x_wconf 87' lang='lat' dir='ltr'>libenter</span> <span class='ocrx_word' id='word_1_411' title='bbox 1576 2850 1695 2886; x_wconf 85' lang='lat' dir='ltr'>fateor</span> 
     </span>
    </p>
   </div>
  </div>
 </body>
</html>
