1818 3178
735 138 974 169 PRAEFATIO.
1532 144 1609 171 va

87 235 359 291 cupediarum
402 238 676 283 concinnator
706 242 809 286 fuit:
863 258 970 300 quae
1001 245 1110 287 enim
1145 245 1405 288 Gronnfflws
1437 248 1602 303 anglice

86 321 204 349 versa
249 309 504 365 exprompsit
549 310 590 353 in
638 313 883 358 collectione
921 331 997 358 sua
1030 318 1228 372 pauciora
1258 326 1365 372 sunt,
1398 333 1523 373 quam
1555 327 1601 361 ut

85 390 181 419 cum
239 377 430 422 Gerdesii
478 395 607 425 messe
662 385 750 427 eius
790 395 1067 442 componatur
1121 388 1389 446 florilegium.
1452 389 1598 445 Itaque

83 446 208 490 Lasci
252 464 378 505 opera
422 449 561 495 denuo
608 453 797 498 editurus
841 456 920 499 hoc
964 473 1129 514 quoque
1172 460 1211 502 in
1254 461 1398 517 primis
1440 462 1519 518 egi,
1550 468 1599 503 ut

84 516 275 561 Gerdesii
305 519 540 568 collectioni
571 539 727 568 novum
758 526 884 569 Lasci
912 529 1181 584 epistolarum
1211 532 1418 588 syllabam
1451 533 1596 574 adiun-

81 603 240 644 gerem.
285 590 368 633 Ubi
391 590 462 634 ubi
492 594 625 649 igitur
655 596 948 650 tentabundus,
982 607 1186 656 quotquot
1216 610 1313 644 sunt
1343 603 1505 646 notiora
1538 611 1595 645 ta·

81 659 258 712 bularia,
291 662 493 706 indefesse
519 673 728 710 scrutatus
751 684 865 712 sum:
897 677 938 712 et
970 674 1159 725 quamvis
1180 689 1252 730 spe
1273 675 1445 717 inferior
1468 675 1594 717 suerit

80 731 247 786 praeda,
287 748 411 790 quam
445 740 793 791 convectaverim,
826 742 1070 798 neutiquam
1103 750 1241 786 tamen
1274 746 1411 802 piguit
1432 762 1498 789 me
1528 762 1591 789 as·

77 801 219 845 siduae
253 808 482 850 venationis
513 824 640 852 curae
672 819 797 867 atque
827 813 975 866 studii3
1008 822 1178 857 centum
1209 832 1388 872 namque
1419 819 1592 874 triginta

75 879 118 914 et
149 889 222 916 sex
250 875 378 920 Lasci
408 879 601 935 epistolas
631 880 753 924 editio
784 890 924 926 nostra
957 885 1153 938 continet,
1179 887 1362 943 adeoque
1385 889 1589 945 quinqua-

74 945 192 1000 ginta
222 946 317 1003 plus
349 948 541 993 Gerdesii
571 953 865 1008 compendium
897 955 1127 1012 egreditur.
1170 957 1254 1000 Res
1285 959 1371 1015 ipsa
1402 959 1590 1016 loquitur

75 1032 141 1059 me
184 1018 364 1063 faustum
403 1021 522 1063 illum
555 1025 860 1079 perquisitionis
891 1041 1126 1070 successum
1161 1030 1342 1072 maxima
1374 1038 1587 1087 utcunque

72 1096 191 1142 parte
236 1091 416 1133 aliorum
461 1092 610 1135 debere
653 1102 693 1136 et
727 1096 963 1152 gratissimo
1008 1099 1148 1141 animo
1178 1107 1395 1157 acceptum
1430 1101 1587 1144 referre

73 1158 397 1207 benevolentiae.
460 1162 601 1220 Supra
640 1166 721 1209 iam
767 1176 1009 1224 promptum
1057 1170 1319 1214 laudavimus
1360 1180 1400 1215 et
1440 1174 1586 1216 efficax

71 1231 312 1284 subsidium,
344 1234 455 1289 quod
485 1235 777 1293 Regiomontis
810 1239 909 1281 mihi
941 1241 1134 1284 tulerunt
1166 1242 1232 1287 Ol.
1263 1243 1482 1298 Iacobson‚
1516 1244 1582 1289 Gl.

72 1302 287 1346 Erdmann
330 1312 371 1347 et
401 1306 463 1348 vir
492 1307 598 1350 doct.
632 1309 931 1368 Meckelburg.
994 1311 1206 1357 Cassellae
1235 1315 1387 1359 blanda
1419 1332 1484 1359 me
1516 1316 1585 1360 ad-

68 1373 171 1416 iuvit
200 1376 395 1418 comitate
427 1379 490 1420 vir
519 1379 841 1424 humanissimus
870 1382 1204 1437 KRIPPELMANN‚
1237 1386 1433 1430 tabularii
1459 1388 1501 1430 in
1535 1404 1584 1431 ea

66 1443 171 1486 urbe
200 1448 394 1489 asservati
425 1450 675 1504 praefectus,
736 1453 923 1496 Berolini
955 1456 1237 1500 honestissime
1268 1460 1479 1501 succurrit
1509 1475 1581 1502 no-

65 1522 151 1557 stro
192 1516 325 1559 labori
365 1520 429 1561 vir
460 1518 587 1564 Cons.
626 1536 711 1564 VON
744 1523 947 1577 MonNEn,
990 1525 1188 1570 Prussiae
1232 1529 1363 1586 Regis
1395 1537 1580 1573 secretus

66 1586 355 1639 Archivarius‚
396 1591 469 1648 qui
500 1594 673 1650 egregia
707 1596 849 1650 utique
880 1596 1130 1640 liberalitate
1162 1615 1330 1642 caussae
1361 1616 1478 1643 meae
1509 1617 1580 1658 pa-

61 1660 288 1703 trocinatus
319 1670 390 1704 est.
452 1663 542 1706 Nec
573 1665 729 1708 frustra
766 1666 1064 1726 Cantabrigiae
1096 1670 1202 1713 doct.
1235 1671 1410 1723 MAYOR,
1444 1688 1580 1729 neque

63 1728 228 1773 Gothae
273 1732 381 1777 doct.
413 1734 567 1777 Brenn
597 1737 850 1792 praesidium
885 1740 984 1782 mihi
1015 1749 1264 1797 apprecatus
1296 1758 1402 1793 sum,
1434 1752 1578 1800 utpote

63 1801 133 1854 qui
164 1801 313 1847 blande
343 1805 568 1850 admodum
599 1809 811 1866 insignem
845 1813 1004 1867 petenti
1041 1813 1216 1856 tulerint
1246 1830 1381 1871 opem.
1441 1814 1580 1859 Suum

59 1887 228 1928 quoque
262 1876 516 1920 minutulum
542 1880 643 1922 mihi
667 1881 778 1924 ultro
798 1883 907 1925 misit
927 1882 995 1928 Cl.
1019 1885 1172 1937 mess,
1208 1887 1581 1944 Argentoratensis

62 1943 316 1987 Academiae
355 1946 586 1999 Professor,
626 1953 745 1994 cuius
785 1963 972 2010 paratam
1016 1972 1180 2013 semper
1211 1964 1253 1999 et.
1284 1960 1424 2002 mitem
1456 1960 1582 2003 bene·

60 2012 283 2058 volentiam
316 2015 473 2060 dudum
507 2019 585 2062 iam
619 2030 740 2063 antea
772 2032 812 2064 et
833 2024 1054 2067 laetissime
1075 2042 1189 2069 eram
1215 2036 1424 2084 expertus.
1457 2030 1576 2082 Quos

59 2091 197 2127 tamen
228 2101 385 2138 omnes,
419 2089 452 2130 si
485 2089 544 2132 fas
574 2099 677 2134 esset
708 2092 805 2136 talia
828 2094 878 2136 ad
896 2096 1093 2139 trutinam
1117 2099 1368 2154 appendere,
1391 2101 1578 2146 vinceret

56 2155 178 2198 facile
207 2164 249 2200 et
279 2159 554 2215 egrederetur
584 2164 757 2206 candida
789 2164 1045 2223 benignitate
1076 2175 1117 2211 et
1148 2184 1245 2212 vere
1285 2179 1461 2228 paterno
1492 2187 1576 2228 quo

55 2241 122 2268 me
153 2229 364 2284 exceperit
394 2246 536 2274 amore
568 2234 630 2275 vir
660 2237 1032 2280 aestumatissimus
1054 2240 1278 2282 BENIAMIN
1300 2243 1350 2286 Β.
1375 2243 1572 2296 ἿΝῙῈΕΕΝ,

56 2299 127 2352 qui
160 2298 435 2353 Woburniae,
469 2303 509 2345 in
543 2319 591 2346 ea
624 2305 825 2362 Angliae‚
860 2308 927 2349 cui
958 2309 1256 2353 Bedfordshire
1286 2328 1452 2371 nomen,
1476 2330 1573 2371 pro-

52 2370 201 2421 vincia,
225 2387 440 2416 sacrarum
466 2376 823 2433 profanarumque
843 2379 1082 2424 litterarum
1104 2383 1248 2426 studiis
1268 2385 1430 2441 placide
1449 2388 1574 2431 vitam

52 2441 267 2498 impendit.
327 2444 530 2502 Prompta
562 2463 726 2504 semper
765 2450 1052 2496 benevolentia
1085 2461 1124 2497 et
1154 2456 1326 2499 iuvenili
1358 2458 1575 2502 alacritate

51 2528 177 2555 senex
218 2516 320 2558 mihi
364 2526 558 2574 potenter
609 2528 650 2562 et
695 2522 974 2567 efficacissime
1012 2525 1108 2582 plus
1140 2542 1265 2583 quam
1298 2529 1412 2572 credi
1440 2538 1576 2587 potest

51 2584 276 2628 auxiliatus
307 2594 380 2632 est.
424 2589 720 2647 Undecunque
752 2609 803 2636 ex
825 2595 1011 2651 Angliae
1034 2597 1314 2642 refertissimis
1332 2590 1573 2656 pretiosissi-

49 2655 209 2710 misque
240 2658 457 2714 thesauris,
482 2678 589 2718 quae
608 2663 918 2719 aliquantulum
942 2669 1043 2711 mihi
1066 2669 1261 2725 prodesse
1282 2680 1464 2728 possent,
1491 2688 1576 2716 sec·

49 2733 160 2770 tatus
178 2736 253 2781 est,
271 2735 491 2789 congessit,
515 2738 735 2792 excerpsit,
761 2752 1011 2795 mecumque
1029 2740 1210 2798 denique
1232 2745 1573 2788 communicavit.

47 2797 217 2849 Quibus
239 2816 333 2844 eum
357 2803 397 2846 in
417 2805 586 2848 modum
613 2822 678 2849 me
699 2808 894 2852 iuvenem
911 2811 984 2853 sibi
1007 2811 1204 2867 devinxit,
1229 2822 1277 2856 ut
1298 2830 1476 2869 quorum
1497 2816 1575 2872 ipsi

41 2867 186 2913 debam
221 2876 466 2919 memoriam
501 2877 613 2921 haud
646 2879 766 2922 facile
797 2881 986 2926 deletura
1007 2886 1057 2927 sit
1079 2892 1202 2934 aetas,
1226 2893 1266 2928 et
1288 2886 1431 2929 nullus
1449 2887 1566 2932 dubi-

1269 2959 1395 2980 3.*ίῇὕῇ
