1818 3178
751 118 981 148 PRAEFATIO
986 138 995 148 .
1585 122 1632 152 IX

105 221 382 280 permeandus
425 222 524 266 mihi
571 222 671 266 fuit!
716 238 843 279 quam
874 224 1183 268 inextricabiles
1224 225 1538 284 latebrosaeque
1570 243 1633 271 re·

104 294 327 338 solvendae
371 294 628 352 ambagines‚
677 297 926 352 priusquam
971 296 1121 354 hospes
1172 297 1332 340 tamdiu
1383 297 1632 356 deprecatus

106 367 412 424 exoptatissime
458 366 627 409 tandem
671 367 842 411 domum
874 368 1072 413 intrabat.
1134 370 1275 413 Taceo
1306 377 1484 428 tempus,
1519 373 1632 429 quod

106 444 274 481 tantum
315 439 554 481 litterarum
600 439 904 482 commercium
944 440 1128 496 quotidie
1170 441 1257 484 fere
1289 441 1484 495 absumit,
1515 449 1633 487 taceo

107 510 302 562 taedium,
328 510 439 568 quod
457 511 595 554 creat!
629 509 713 555 Sed
728 511 842 569 finge
863 518 902 554 te
924 511 975 555 ad
995 511 1121 555 finem
1140 512 1330 557 editionis
1344 513 1488 568 libelli,
1506 531 1632 573 quem

106 589 362 638 postremum
394 583 508 641 typis
538 582 730 626 mandari
751 584 920 627 curasti.
953 582 1210 641 sequentem
1235 586 1365 629 ordiri
1387 588 1519 644 cupis.
1553 588 1635 633 Ast

107 653 234 711 longe
265 660 451 697 remotus
480 654 607 700 abest.
642 653 817 698 Dudum
849 660 987 707 antea,
1019 662 1068 698 ut
1088 656 1139 698 ad
1162 662 1325 714 tempus
1346 658 1517 711 adesset,
1537 675 1634 704 eum

107 727 228 770 enixe
272 733 471 784 precatus
516 743 574 780 es,
622 726 693 770 sed
725 742 863 770 moras
894 727 1009 770 nexit
1038 735 1078 770 et
1110 727 1260 770 iterum
1292 729 1531 788 iterumque
1562 747 1634 789 ap-

109 799 259 857 pellari
289 800 417 857 cupit.
449 798 569 844 Sistis
597 798 779 855 gradum
819 799 1149 857 petitionemque
1171 801 1342 857 repetis;
1367 802 1495 845 etiam
1514 804 1636 860 paul-

105 871 236 930 lisper
275 872 508 925 cunctaris;
551 871 671 929 parvi
701 869 839 914 adhuc
870 872 1070 928 temporis
1101 871 1216 914 addis
1247 887 1426 927 moram,
1458 898 1515 908 —-
1536 876 1635 932 quid

108 941 344 985 faciendum
373 943 425 985 sit
455 941 526 984 diu
558 941 707 984 haeres
734 941 943 993 incertus3
977 940 1147 984 tandem
1178 948 1226 984 ut
1256 957 1448 999 unquam
1473 944 1634 988 obtem-

110 1018 228 1069 peret
248 1011 382 1054 vereri
398 1010 598 1067 primum,
621 1026 674 1052 ne
691 1010 830 1052 veniat
848 1009 1069 1067 desperare
1086 1026 1186 1054 mox
1200 1011 1361 1069 incipis,
1384 1021 1491 1057 etue
1514 1031 1637 1059 omne

111 1081 346 1125 collabatur
390 1079 623 1123 aedificium
670 1087 807 1132 tuum,
856 1079 997 1123 locum
1029 1082 1066 1123 ei
1097 1082 1364 1139 designatum
1395 1084 1465 1126 alii
1493 1085 1636 1130 libello

109 1149 312 1194 concedas
343 1164 508 1192 necesse
540 1156 614 1193 est.
663 1148 804 1203 Quam
837 1164 969 1206 grave
1000 1150 1081 1193 hoc
1110 1151 1195 1193 iam
1226 1152 1277 1194 sit
1306 1153 1634 1209 incommodum,

110 1220 222 1264 unde
251 1221 358 1263 iusta
388 1220 631 1277 argumenti
648 1219 883 1263 distributio
899 1219 1055 1277 ubique
1072 1222 1159 1264 fere
1177 1223 1464 1267 confundatur
1485 1231 1524 1267 et
1547 1241 1639 1282 per-

111 1293 234 1350 plexa
267 1292 417 1349 passim
441 1299 640 1335 nascatur
661 1291 900 1336 libellorum
919 1308 1024 1349 quos
1040 1293 1126 1336 edis
1141 1295 1280 1349 series,
1303 1296 1397 1353 quis
1414 1313 1497 1340 non
1519 1298 1640 1342 intel·

112 1364 235 1422 ligit?
269 1364 332 1406 At
351 1363 517 1406 tandem
536 1379 579 1406 se
595 1365 721 1406 offert
742 1371 782 1406 et
799 1364 1049 1421 necopinato
1071 1363 1198 1408 limen
1221 1365 1352 1420 subit;
1377 1383 1524 1411 verum
1547 1378 1640 1427 post

110 1451 239 1479 unam
267 1435 496 1479 alteramve
518 1435 825 1479 hebdomadem
849 1436 924 1479 sibi
944 1437 1056 1479 viam
1076 1437 1365 1482 resolvendam
1389 1456 1476 1483 esse
1497 1443 1637 1486 statim

109 1515 201 1566 post
217 1507 510 1551 salutationem
528 1507 600 1550 tibi
616 1507 727 1560 dicit,
751 1523 830 1552 nec
847 1525 965 1566 posse
982 1524 1025 1552 se
1042 1509 1197 1553 diutius
1214 1510 1326 1553 domi
1342 1518 1438 1555 tuae
1453 1529 1637 1558 commo-

110 1580 209 1623 rari.
241 1579 432 1637 Propere
457 1580 590 1637 igitur
619 1581 848 1638 imaginem
867 1581 997 1638 ipsius
1013 1582 1171 1638 scripto
1187 1581 1398 1627 delineare
1420 1587 1585 1629 conaris
1600 1594 1641 1631 et

110 1653 226 1695 ecce!
248 1651 441 1708 opusculi
462 1652 615 1695 iterum
641 1652 752 1709 quod
768 1653 810 1694 in
831 1668 959 1695 manu
975 1660 1066 1696 erat
1082 1653 1154 1695 diu
1165 1654 1490 1713 interrumpitur
1500 1658 1638 1702 editio.

167 1723 291 1767 Dabo
329 1723 453 1766 huius
494 1724 556 1766 rei
596 1723 852 1782 exemplum,
887 1725 1153 1768 luculentum
1184 1727 1281 1769 satis
1313 1735 1360 1771 ut
1390 1729 1553 1786 opinor,
1584 1747 1637 1775 ne

107 1795 255 1840 ludere
283 1795 419 1838 verbis
449 1802 488 1838 et
518 1795 635 1839 fictas
664 1797 882 1853 opiniones
911 1813 980 1840 me
1013 1804 1258 1855 praetexere
1293 1801 1386 1857 quis
1416 1802 1638 1848 existimet.

107 1868 324 1925 Legeram
359 1868 403 1910 in
445 1883 576 1925 parvo
606 1867 893 1925 Epistolarum
926 1869 1270 1914 Melanchthonis
1301 1872 1476 1930 syllabo,
1510 1890 1636 1932 quem

108 1940 260 1983 FABER
289 1940 409 1982 initio
438 1939 562 1982 huius
592 1941 684 1982 aevi
717 1940 873 1997 publici
903 1941 1009 1983 iuris
1041 1941 1211 1993 fecerat,
1234 1959 1330 1986 eum
1349 1945 1638 2003 Regiomontii

111 2011 322 2063 Prussiae,
345 2011 387 2053 in
401 2011 580 2054 archivis
590 2012 757 2054 secretis
768 2012 913 2070 Regiis
924 2028 1053 2056 manu
1065 2015 1267 2071 scriptum
1282 2016 1440 2060 dudum
1447 2033 1529 2075 que
1541 2035 1638 2063 con·

107 2083 335 2127 clamatum
367 2082 494 2125 Lasci
524 2083 778 2140 opusculum
808 2084 859 2128 de
889 2087 1073 2128 doctrina
1102 2086 1217 2131 Eeel.
1240 2090 1348 2134 Fris.
1378 2091 1528 2135 orient.
1552 2093 1638 2136 suis

109 2154 372 2212 conspexisse
403 2154 547 2198 oculis.
581 2154 648 2200 Cl.
680 2170 735 2198 DE
766 2157 897 2209 WAL,
932 2158 1005 2215 qui
1024 2158 1181 2202 Leidae
1200 2160 1264 2203 ius
1279 2162 1515 2217 profitetur,
1536 2170 1637 2208 tunc

110 2233 257 2271 auctor
283 2226 385 2269 mihi
400 2226 478 2269 fuit
496 2233 542 2269 ut
558 2242 634 2271 suo
650 2229 819 2271 nomine
837 2229 917 2272 hoc
932 2230 1185 2287 opusculum
1203 2232 1304 2275 mihi
1317 2236 1636 2290 procurandum

108 2299 447 2344 commendarem
492 2298 584 2344 Clo.
616 2299 839 2354 IAcosssoN,
874 2303 945 2358 qui
977 2302 1266 2360 Regiomontii
1297 2305 1475 2349 similem
1507 2323 1634 2365 quam

107 2372 180 2416 ille
197 2371 308 2430 apud
329 2377 534 2414 nostrates
549 2372 807 2428 provinciam
830 2380 956 2416 tenet.
987 2373 1208 2417 Peramice
1228 2391 1296 2419 me
1317 2392 1416 2420 vere
1439 2377 1637 2424 honestus

107 2443 180 2488 ille
210 2444 276 2487 vir
305 2443 459 2502 excipit
487 2450 529 2486 et
560 2443 676 2486 suavi
707 2443 934 2488 admodum
963 2445 1152 2503 epistola,
1182 2463 1225 2490 se
1246 2448 1288 2490 in
1312 2449 1492 2493 archivis
1511 2453 1637 2510 regiis

109 2515 513 2572 circumspecturum
546 2531 633 2558 esse
664 2515 763 2558 mihi
794 2517 1030 2574 pollicetur.
1062 2519 1166 2562 Fuit
1192 2519 1271 2563 hoc
1289 2537 1428 2566 mense
1446 2525 1638 2582 Augusti

110 2588 210 2631 anni
243 2589 369 2632 1862.
401 2587 549 2630 Prima
580 2587 646 2630 die
676 2589 774 2631 anni
797 2591 1009 2646 sequentis
1038 2591 1194 2634 iterum
1217 2593 1317 2635 mihi
1340 2595 1635 2641 officiosissime

110 2659 252 2702 scribit
282 2666 322 2701 et
353 2660 664 2716 perquisitionis
695 2675 794 2703 suae
826 2676 1000 2705 messem
1033 2670 1229 2706 accurate
1260 2664 1512 2724 descriptam
1536 2671 1636 2713 mihi

110 2730 277 2774 indicat.
318 2731 433 2774 Dicit
462 2747 506 2774 se
539 2731 705 2789 quidem
740 2733 1056 2789 quatuordecim
1088 2741 1130 2778 et
1160 2743 1263 2792 quot
1292 2740 1480 2782 excurrit
1510 2740 1636 2786 Lasci

111 2803 286 2846 ineditas
326 2803 520 2860 epistolas
564 2805 779 2862 reperisse,
829 2805 901 2848 sed
936 2821 989 2849 ne
1038 2808 1260 2866 vestigium
1307 2824 1395 2853 sese
1439 2810 1636 2858 obtulisse

107 2874 198 2919 eius
242 2875 444 2935 opusculi,
492 2875 603 2936 quod
650 2875 791 2921 Faber
837 2893 879 2922 se
924 2877 1073 2923 vidisse
1118 2887 1347 2936 asseveret3
1402 2897 1445 2928 se
1495 2890 1634 2936 tamen
