1818 3178
633 84 820 112 EPISTOLA
848 84 1140 112 manicasronm.
1576 78 1646 116 247

119 185 242 237 potius
271 185 464 236 scriptum,
491 198 603 236 quam
631 185 786 224 verbum
813 186 896 233 Dei,
924 199 1024 225 nunc
1052 186 1231 225 obiiciant
1259 186 1306 225 ad
1333 200 1438 225 suam
1464 187 1642 225 tuendam

121 263 284 288 causam.
338 249 419 287 Nos
455 248 495 286 id
529 249 600 300 piis
630 250 806 288 omnibus
835 251 1079 301 cogitandum
1105 251 1370 302 permittimus,
1396 264 1470 302 quo
1500 251 1640 289 scilicet

117 315 193 353 illis
228 328 285 352 res
320 313 510 356 redierint.
546 314 634 352 dum
672 315 724 352 sic
760 315 808 352 ad
845 314 1006 353 humana
1034 315 1219 366 praesidia
1249 316 1492 365 confugiunt,
1520 328 1639 366 quove

117 378 173 416 illi
209 378 342 429 spiritu
378 377 575 425 ducantur,
603 379 691 416 dum
719 392 787 417 nos
814 379 879 422 ita,
905 380 1091 417 fraternae
1116 380 1308 418 charitatis
1336 380 1456 425 obliti,
1484 380 1639 417 nimium

116 442 292 480 atrociter
318 442 643 491 insectan-(7)tur.
672 443 769 481 Satis
797 444 879 488 erit,
908 444 977 481 hac
1005 444 1108 481 brevi
1129 444 1314 495 Apologia
1340 448 1518 482 testatum
1543 444 1640 495 apud

116 519 245 544 omnes
278 506 432 557 Imperii
459 506 621 546 Ordines
647 508 792 553 fecisse,
820 521 890 546 nos
915 509 1078 559 primum
1106 521 1182 546 non
1208 521 1375 559 pugnare
1401 509 1441 546 in
1469 508 1639 546 doctrina.

117 571 414 609 Sacramentaria
453 584 537 609 cum
576 574 798 621 Augustana
835 572 1089 617 confessione,
1124 572 1436 623 quemadmodum
1472 573 1535 610 isti
1570 585 1639 610 nos

116 640 305 674 accusant.
351 635 509 682 Deinde,
536 635 705 686 quamvis
732 636 771 674 id
799 636 1016 682 faceremus,
1043 649 1119 674 non
1146 636 1230 674 ideo
1258 641 1379 674 tamen
1409 637 1641 674 damnandos

113 714 193 739 esse
228 713 309 747 nos,
346 701 378 739 si
411 713 602 752 possemus
640 704 808 739 nostram
847 701 1118 739 dissensionem
1152 701 1200 738 ab
1236 701 1299 738 illa
1335 701 1450 739 verbo
1478 701 1547 739 Dei
1574 714 1640 752 ap-

113 765 286 816 probare.

166 830 281 869 Quod
316 843 404 881 ergo
440 834 724 882 extemporanee
761 834 953 868 exaratum
990 830 1097 867 vobis
1134 830 1206 868 fuit
1242 843 1262 867 a
1300 830 1437 868 nostris
1472 831 1640 882 patronis

113 895 226 932 semel
259 895 439 940 oblatum,
473 895 531 932 uti
566 908 678 946 supra
714 894 964 945 exposuimus,
1000 894 1039 932 id
1066 906 1167 931 nunc
1188 880 1322 944 paucis
1350 894 1574 945 quibusdam
1600 895 1639 932 in

111 959 204 997 locis
242 959 290 997 ab
316 959 397 1011 ipso
426 959 472 998 D.
500 958 523 997 ὃ,
550 958 671 997 Lasco
699 958 889 996 elimatum
915 959 956 996 in
982 959 1104 996 lucem
1131 958 1201 996 sub
1229 958 1385 996 Vestrae
1412 959 1641 1010 Amplitudi-

112 1023 171 1060 nis
207 1023 359 1061 nomine
393 1023 549 1061 edimus.
604 1024 662 1060 Ac
696 1036 744 1061 ne
779 1023 900 1060 nostri
935 1026 1171 1060 accusatores
1207 1036 1355 1060 rursum
1389 1023 1476 1061 inde
1504 1036 1639 1061 novam

113 1088 382 1125 calumniarum
425 1101 583 1125 messem
622 1087 695 1125 sibi
729 1090 885 1138 ponant,
919 1086 1073 1138 perinde
1108 1099 1151 1123 ac
1187 1086 1219 1123 si
1254 1100 1275 1123 a
1312 1086 1464 1137 reliquis
1501 1087 1639 1124 nostris

112 1151 276 1190 Fratrib.
313 1156 349 1190 et
377 1152 601 1202 Symmystis
639 1151 904 1189 discessionem
931 1151 1161 1197 fecissemus,
1187 1164 1256 1189 nos
1283 1151 1323 1188 id
1351 1164 1498 1202 quoque
1524 1155 1639 1189 testa-

109 1220 190 1254 tum
219 1216 394 1254 omnibus
422 1217 603 1260 volumus,
631 1229 713 1264 eam
739 1215 786 1254 D.
816 1215 985 1261 Calvino,
1013 1203 1203 1253 Ecclesiae
1231 1215 1460 1253 Genevensis
1487 1215 1641 1266 pastori,

110 1293 175 1331 per
213 1281 259 1318 D.
287 1280 310 1318 ὃ.
337 1280 456 1318 Lasco
484 1281 600 1318 fuisse
628 1280 952 1323 communicatam,
980 1293 1137 1330 eumque
1161 1279 1282 1316 modis
1310 1279 1486 1317 omnibus
1512 1293 1639 1317 assen-

110 1345 213 1382 sisse.
269 1345 350 1382 Nec
378 1344 592 1382 dubitamus
621 1345 666 1382 de
694 1344 741 1383 D.
770 1344 1006 1393 BullingerO,
1032 1344 1224 1382 Ecclesiae
1253 1344 1454 1393 Tigurinae
1480 1348 1642 1394 pastore,

111 1421 178 1446 nec
207 1408 251 1446 de
278 1409 431 1460 reliquis
459 1409 541 1446 aliis
570 1409 757 1452 omnibus,
785 1408 875 1459 quin
904 1408 990 1445 hnic
1019 1408 1227 1459 Apologiae
1255 1409 1330 1446 sint
1357 1408 1555 1446 assensuri.
1577 1411 1636 1456 (8)

161 1473 352 1522 Rogamus
380 1473 427 1512 V.
456 1473 627 1524 Amplit.‚
662 1478 703 1510 ut
740 1473 810 1510 hoc
848 1478 1018 1510 nostrum
1046 1472 1267 1523 obsequium
1294 1472 1402 1522 aequi
1430 1471 1520 1509 boni
1549 1485 1638 1509 con-

111 1537 253 1583 sulatis,
278 1541 328 1582 et,
353 1551 427 1588 qua
452 1538 590 1588 pietate
618 1541 766 1587 nostras
795 1537 856 1574 hic
885 1537 1072 1575 Ecclesias
1100 1536 1311 1587 excepistis,
1330 1537 1457 1574 eadem
1474 1536 1638 1586 pergatis

114 1602 240 1639 fovere
273 1615 316 1639 ac
350 1602 449 1639 tueri
485 1602 524 1640 in
551 1606 781 1653 perpetuum,
817 1606 858 1639 ut
893 1601 971 1639 Vos
1010 1602 1115 1639 iuxta
1151 1601 1283 1639 Esaiae
1311 1601 1530 1639 vaticinium
1557 1614 1640 1638 vere

111 1664 292 1703 nutricios
338 1665 529 1703 Ecclesiae
567 1665 708 1703 Christi
746 1664 977 1710 exhibeatis,
1013 1665 1079 1716 qui
1115 1664 1212 1703 hano
1256 1665 1430 1716 pietatem
1467 1664 1639 1702 Vestram

109 1743 196 1780 erga
233 1743 318 1768 suas
353 1730 542 1768 Ecclesias
579 1730 728 1767 abunde
764 1743 830 1767 sua
868 1729 1128 1768 benedictione
1157 1733 1466 1781 compensaturus
1493 1732 1560 1772 est,
1596 1732 1638 1766 ut

109 1797 206 1834 nulli
251 1796 500 1834 dubitandum
545 1796 615 1840 sit,
659 1794 861 1846 aliquando
909 1794 1067 1840 duriter,
1103 1794 1177 1832 nisi
1212 1794 1440 1845 poeniteant,
1476 1793 1517 1830 in
1552 1792 1638 1829 illos

110 1858 469 1907 animadversurum,
505 1860 571 1912 qui
598 1861 766 1911 exemplo
794 1860 1094 1897 Aedomaeorum
1122 1859 1308 1908 fugientes
1335 1859 1469 1896 fratres
1498 1868 1637 1895 conan-

110 1930 172 1965 tur
197 1930 445 1977 tyrannorum
473 1925 608 1976 gladiis
643 1937 769 1963 rursus
797 1925 970 1962 obiicere.
998 1924 1046 1963 D.
1075 1924 1181 1961 Iesus
1209 1917 1381 1961 Vestram
1409 1921 1638 1972 Amplitudi-

111 2004 197 2029 nem
233 1991 353 2028 modis
390 1990 566 2027 omnibus
602 1992 735 2037 augeat
773 2000 988 2038 semperque
1016 2000 1083 2024 suo
1113 1986 1248 2037 spiritu
1275 1989 1380 2034 regat
1406 1988 1442 2022 et
1469 1984 1637 2021 modere-

111 2060 184 2099 tur,
209 2055 254 2093 ad
284 2056 343 2093 sui
370 2054 533 2092 nominis
560 2053 720 2102 gloriam
746 2057 782 2091 et
810 2052 998 2090 Ecclesiae
1026 2065 1113 2090 suae
1137 2050 1447 2089 incolumitatem.

163 2120 210 2158 In
237 2120 331 2157 urbe
358 2119 504 2164 Vestra,
532 2121 578 2156 21
609 2118 747 2156 Octob.
776 2120 891 2156 1556.

695 2247 741 2286 V.
770 2246 979 2298 Amplitud.
1006 2246 1274 2284 observantiss.
1303 2244 1445 2282 subditi
1474 2242 1641 2281 Ministri

896 2310 1147 2348 Ecclesiarum
1173 2308 1356 2361 peregrin.
1384 2309 1444 2356 (9)
