1818 3178
170 126 239 154 CVI
806 110 1049 140 PRAEFATIO.

170 230 314 272 solent.
375 228 477 269 Huc
514 223 670 264 faciunt
707 217 832 259 Lasci
872 214 1020 256 verba:
1085 213 1415 260 uAdumbratus
1445 229 1544 256 sane
1573 221 1677 268 erat,

174 326 195 350 n
219 315 316 344 cum
356 297 489 339 adhuc
528 293 567 333 in
601 288 761 344 Anglia
801 285 1028 328 ministerio
1056 290 1198 325 nostro
1229 285 1520 341 fungeremur,
1553 292 1678 341 atque

173 397 194 421 ss
218 372 318 414 adeo
361 368 481 409 etiam
523 379 544 403 a
587 360 749 415 collega
789 365 929 399 nostra
962 355 1149 397 Martino
1188 356 1399 396 Mioronio
1431 356 1677 412 compendio

173 467 192 491 ῃ
217 440 396 497 quodam
443 433 640 477 flandrice
685 428 911 478 redditus,”
946 428 978 482 ¹)
1026 433 1073 468 ut
1117 432 1157 468 et
1201 426 1423 468 Micronii:
1476 449 1498 475 n
1513 427 1555 469 in
1598 427 1677 470 den

172 538 191 562 ῃ
216 511 397 554 welcken
428 508 492 549 ick
523 503 785 561 grootelickx
814 500 1020 555 beholpen
1051 498 1129 540 ben
1152 506 1346 554 geweest‚
1370 505 1425 540 wt
1445 498 1524 541 den
1545 499 1678 542 boeck

172 608 192 632 ῃ
208 583 272 624 die
313 580 363 622 de
403 591 547 619 voorn.
595 574 672 616 Ian
719 573 742 614 ὲ,
786 572 923 613 Lasco
963 585 1061 610 onse
1092 567 1453 624 superintendent,
1486 584 1567 612 van
1598 570 1679 613 den

171 679 191 704 ,Ι
217 650 483 695 ordinancien
529 661 651 689 onser
701 643 965 690 Ghemeinte,
1006 655 1059 696 op
1104 639 1173 681 het
1217 639 1405 682 lanckste
1451 640 1680 685 besereuen

170 749 191 773 u
215 722 368 767 heeft.”
399 724 429 776 ²)
492 717 622 775 Apud
663 715 889 773 populares
915 713 1049 769 igitur
1079 711 1283 753 Micronii
1314 712 1569 768 opusculum
1602 715 1680 756 Ec-

168 797 313 839 clesiae
365 792 687 850 peregrinorum
741 802 893 830 nomen
946 784 1204 837 defenderet,
1257 799 1399 826 coram
1448 785 1680 843 Theologis

168 883 266 911 vero
310 873 350 908 et
378 862 647 919 Principibus
678 861 766 902 eius
797 859 932 900 famae
964 856 1205 898 consuleret
1237 856 1418 912 amplior
1449 863 1489 899 et
1519 857 1681 900 doctior

169 938 364 988 recensio,
407 951 532 992 quam
581 933 710 974 latino
754 944 946 972 sermone
991 929 1077 984 ipse
1116 927 1140 969 ὲ.
1184 926 1324 969 Lasco
1356 928 1678 984 conscripserat.

168 1011 283 1053 Huic
313 1016 449 1050 tamen
482 1005 632 1047 latinae
664 1002 786 1044 huius
817 1000 1010 1042 editionis
1039 998 1112 1040 fini
1141 998 1246 1040 alter
1267 1014 1308 1040 se
1331 1014 1428 1040 mox
1449 998 1678 1049 subiunxit,

167 1090 206 1125 et
236 1080 391 1137 duplex
413 1093 558 1120 revera
580 1074 795 1117 consilium
818 1073 860 1114 in
883 1071 1025 1113 libello
1046 1070 1292 1113 excudendo
1312 1070 1387 1113 sibi
1410 1071 1680 1128 proposuisse

168 1162 368 1203 nostrum,
400 1152 487 1206 ipse
517 1150 557 1190 in
591 1147 719 1189 libelli
752 1144 1008 1201 praefatione
1039 1142 1244 1199 prolixius
1267 1149 1427 1187 narrat.
1470 1142 1681 1186 Videlicet

167 1225 301 1268 crebri
344 1227 619 1280 pervenerant
659 1217 808 1267 nuntii,
840 1217 880 1257 in
913 1215 1089 1257 Polonia
1121 1214 1286 1256 tandem
1320 1214 1536 1257 meliorem
1570 1215 1678 1256 diem

167 1311 379 1339 sacrorum
411 1291 755 1334 instaurationem
787 1294 1027 1343 exspectare
1060 1299 1099 1327 et
1130 1286 1354 1342 Euangelii
1385 1286 1525 1328 lucem
1547 1287 1680 1329 fauste

167 1369 245 1410 iam
279 1367 344 1408 hic
374 1364 459 1406 illic
490 1369 529 1404 et
560 1376 704 1403 serene
737 1359 898 1401 renasci
931 1366 1054 1412 atque
1083 1357 1344 1400 illucescere.
1387 1356 1501 1410 Quin
1535 1357 1680 1413 plures

166 1440 289 1481 etiam
333 1453 383 1478 ex
425 1435 613 1491 equitum
654 1431 799 1475 ordine
831 1446 958 1486 aegre
990 1431 1119 1486 ipsius
1149 1429 1277 1471 Lasci
1308 1429 1442 1472 officia
1473 1429 1679 1472 desidera-

165 1518 322 1559 verant,
354 1516 484 1564 utque
513 1505 681 1549 tandem
712 1505 752 1546 in
777 1504 953 1559 patriam
978 1509 1277 1553 reverteretur,
1298 1517 1396 1543 eum
1419 1502 1681 1559 frequentius

165 1592 202 1625 et
235 1581 475 1624 ardentibus
506 1578 830 1620 sollicitaverant
861 1575 977 1616 votis.
1043 1574 1159 1615 Hinc
1190 1581 1331 1615 autem
1362 1582 1506 1615 nostro
1538 1574 1680 1626 subiit,

164 1655 244 1697 levi
267 1652 491 1694 mutatione
512 1664 628 1705 opus,
652 1648 763 1703 quod
787 1646 929 1702 praelo
950 1646 1033 1687 iam
1054 1645 1286 1687 subiectum
1309 1652 1424 1697 esset,
1452 1645 1678 1688 Polonicae

166 1723 470 1767 Reformationi
501 1735 667 1778 quoque
697 1720 753 1760 sic
784 1717 1093 1761 accommodari
1122 1733 1255 1774 posse,
1288 1724 1338 1759 ut
1368 1719 1489 1773 quasi
1519 1719 1559 1760 in
1592 1734 1681 1775 spe-

164 1796 260 1839 culo
300 1794 643 1851 perfectissimum
686 1790 898 1832 Ecclesiae
938 1789 1209 1831 Reformatae
1250 1789 1466 1845 exemplar
1513 1790 1681 1832 exhibe-

174 1876 248 1911 ret.
310 1867 406 1909 Hoc
436 1880 601 1921 quoque
633 1863 820 1904 editionis
851 1861 1070 1903 consilium
1104 1861 1228 1903 fuisse
1260 1861 1361 1903 haec
1393 1861 1519 1903 Lasci
1555 1862 1683 1904 verba

175 1946 397 1982 testantur:
448 1960 466 1983 u
492 1937 560 1978 Ad
593 1935 695 1976 haec
726 1934 823 1976 mihi
856 1933 1042 1975 animum
1076 1948 1244 1989 quoque
1275 1933 1541 1985 addiderunt,
1576 1949 1684 1990 quae

176 2034 196 2058 u
221 2011 338 2052 istinc
374 2017 414 2051 et
453 2023 526 2064 per
567 2007 727 2048 litteras
769 2005 998 2047 multorum
1030 2013 1069 2046 et
1100 2021 1175 2060 per
1206 2006 1382 2046 nuncios
1413 2006 1539 2047 etiam
1570 2005 1684 2047 adfe-

176 2105 196 2130 ῃ
221 2090 386 2126 runtur.
419 2094 569 2134 nempe
601 2078 788 2118 omnium
821 2076 906 2118 fere
938 2077 1098 2118 animos
1121 2083 1235 2118 tanto
1257 2077 1349 2118 istic
1370 2076 1685 2133 amplectendae

177 2176 198 2201 ῃ
222 2153 431 2194 doctrinae
464 2149 622 2192 Christi
654 2148 792 2190 studio
821 2149 861 2189 in
894 2149 981 2189 eius
1013 2147 1250 2204 Euangelio
1280 2163 1478 2190 accensos
1508 2164 1608 2198 esse,
1641 2155 1687 2191 ut

178 2247 198 2271 ῃ
222 2225 355 2266 Tuam
390 2222 649 2264 Maiestatem
683 2220 723 2260 in
757 2219 932 2275 publicis
963 2220 1085 2275 regni
1119 2218 1312 2262 Comitiis
1334 2235 1382 2261 eo
1404 2221 1492 2275 ipso
1515 2220 1684 2261 nomine

178 2318 198 2342 ss
223 2294 474 2336 unanimiter
515 2291 565 2333 ab
612 2292 807 2332 universo
852 2291 1064 2333 Nobilium
1114 2291 1259 2332 ordine
1300 2291 1554 2347 appellatam
1597 2307 1686 2333 esse

179 2388 200 2412 n
224 2365 454 2415 audiamus,
487 2378 620 2418 eoque
653 2361 775 2418 plane
807 2369 994 2418 spectare
1025 2363 1179 2413 omnia,
1213 2378 1262 2405 us
1293 2378 1387 2419 spes
1418 2363 1469 2404 sit
1500 2362 1612 2404 brevi
1646 2369 1688 2404 et

180 2460 200 2484 μ
223 2436 313 2477 istic
358 2432 675 2488 exspectandam
709 2448 795 2473 esse
827 2447 901 2488 per
933 2433 1012 2473 Dei
1042 2434 1222 2489 gratiam
1256 2434 1540 2475 Ecclesiarum
1574 2434 1690 2476 resti-

181 2529 201 2554 η
225 2506 440 2548 tutionem.
486 2504 584 2544 lluc
615 2518 715 2544 vero
745 2518 839 2544 cum
871 2502 990 2545 labor
1020 2505 1155 2546 omnis
1186 2512 1328 2547 noster
1358 2506 1400 2547 in
1433 2505 1512 2547 hoc
1544 2504 1687 2547 libello

180 2601 200 2625 ῃ
225 2585 367 2618 nostro
412 2574 615 2630 imprimis
661 2575 867 2629 pertineat
906 2580 948 2615 et
985 2574 1111 2616 alicui
1151 2576 1256 2617 forte
1304 2578 1397 2618 usui
1443 2591 1529 2618 esse
1561 2576 1687 2617 etiam

180 2670 200 2695 η
226 2648 363 2704 possit,
399 2661 478 2686 non
512 2645 581 2686 abs
613 2660 656 2685 re
688 2660 753 2686 me
786 2645 993 2686 facturum
1025 2646 1219 2696 iudicavi,
1251 2648 1283 2688 si
1313 2647 1432 2689 illum
1465 2648 1540 2689 toti
1572 2662 1690 2688 meae

224 2823 247 2859 ¹)
274 2822 298 2851 1.
321 2820 338 2850 a
364 2820 482 2856 LAsco,
509 2818 617 2858 Opera,
643 2817 710 2848 vol.
736 2817 776 2847 ll.
799 2827 829 2857 p.
852 2818 901 2849 35.
924 2817 1042 2849 Scribit
1064 2819 1140 2851 haec
1163 2830 1191 2851 a.
1217 2819 1305 2852 1555*

226 2877 250 2915 Ξ)
276 2874 493 2912 ΜιοΒοΝιυ5,,
517 2884 546 2904 0.
570 2873 588 2903 1.
613 2883 643 2914 p.
668 2874 702 2903 A.
727 2881 785 2903 vu.
808 2860 851 2907 ῥ’.
