1818 3178
214 135 344 144 swxxmx
349 135 377 144 xx
382 134 427 144 „xx
433 134 511 145 «mxx
515 135 761 144 WWMMMW
766 134 1478 145 xx«M«savmxwvsmmwmmx-vw
1491 133 1509 140 s,
1515 132 1568 140 xm*
1575 133 1722 145 amn-«mmm

924 380 1044 434 III.

666 589 1386 634 MAGNIFICIAC
1444 592 1703 634 GENE-

621 739 701 780 rosi
759 739 796 781 V
796 739 880 780 iri!
928 738 1105 789 Domini,
1152 739 1345 780 Fautores
1394 753 1441 780 ae
1487 739 1654 780 Fratres
1697 738 1741 779 in

626 811 795 852 Domino
826 810 1147 852 observandiss.!

684 882 870 923 Gratiam
892 896 1033 934 pacem
1064 895 1111 921 ae
1140 880 1341 922 salutaris
1374 880 1535 921 consilii
1554 879 1744 933 spiritum

632 952 746 994 Vobis
786 954 911 994 simul
949 953 992 993 in
1023 957 1135 994 coetu
1166 957 1296 994 vestro
1328 952 1503 993 omnibus
1532 956 1570 992 et
1600 951 1743 1006 cuique

620 1028 792 1065 vestrum
847 1025 1013 1077 supplem
1063 1038 1204 1077 precor
1249 1039 1275 1064 a
1320 1024 1404 1064 Deo
1450 1027 1570 1076 patre
1612 1027 1744 1064 nostro

623 1097 794 1148 coelesti,
835 1101 893 1147 ut,
942 1097 1046 1151 quod
1083 1087 1341 1136 (livino'istie
1371 1095 1568 1151 beneficio,
1611 1094 1746 1136 Vestri

616 1168 868 1219 potissimum
921 1163 1086 1208 O'rdz'nis
1117 1167 1325 1220 auspiciis,
1359 1166 1425 1219 aqi
1455 1170 1631 1219 coeptum
1663 1180 1743 1207 esse

623 1240 757 1291 audio,
789 1240 833 1280 in
846 1240 1108 1293 promovenda
1129 1239 1311 1279 doctrina
1333 1238 1552 1290 Euanqelz'i
1577 1235 1744 1290 Christi,

622 1310 669 1351 id
705 1310 873 1352 maiores
904 1310 1026 1351 etiam
1059 1310 1188 1351 indies
1215 1324 1308 1350 suos
1334 1323 1577 1362 proqressus,
1609 1313 1744 1350 vestra

624 1396 756 1434 opera,
806 1382 948 1422 habere
987 1381 1132 1434 possit,
1167 1381 1223 1421 ad
1262 1381 1421 1421 laudem
1481 1396 1528 1421 ae
1571 1380 1742 1433 qloriam

625 1453 821 1493 adm-avda·
866 1452 1037 1494 nominis
1082 1451 1214 1493 divini
1243 1456 1281 1492 et
1309 1456 1548 1505 perpetuum
1584 1451 1746 1493 Ordinis

622 1523 714 1565 istie
751 1524 884 1566 Vestri
914 1527 1202 1566 ornamentum.
1235 1526 1375 1565 Amen.

268 1669 369 1708 PRO
405 1682 486 1707 mea
513 1669 551 1707 in
582 1681 814 1706 communem
844 1668 953 1706 nobis
979 1668 1136 1720 patriam
1164 1668 1237 1705 fide
1263 1671 1374 1719 atque
1400 1667 1651 1711 observantia,
1677 1680 1745 1718 pro

218 1736 334 1772 animi
369 1735 458 1772 item
494 1734 566 1772 mei
600 1734 737 1784 gaudio
775 1734 885 1784 plane
919 1733 1146 1776 incredibili,
1181 1733 1304 1770 facere
1335 1745 1412 1769 non
1438 1731 1555 1783 potui,
1582 1731 1736 1769 Domini

218 1800 400 1837 Fautores
436 1811 479 1836 ac
515 1798 662 1836 Fratres
689 1797 762 1836 mei
790 1798 1086 1836 observandiss.l
1114 1797 1205 1848 quin
1243 1796 1290 1834 ad
1329 1809 1408 1839 vos,
1434 1796 1505 1833 etsi
1531 1794 1624 1832 mihi
1651 1794 1748 1833 forte

219 1864 382 1902 maxima
416 1878 461 1901 ex
498 1869 602 1915 parte
627 1863 792 1913 ignotos,
821 1863 1051 1900 confidenter
1077 1866 1204 1900 tamen
1231 1865 1345 1912 atque
1371 1861 1483 1899 etiam
1510 1861 1625 1898 libere
1654 1860 1747 1898 scri-

221 1928 358 1973 berem,
394 1929 640 1978 collatamque
674 1928 714 1966 in
751 1932 915 1966 vestrum
952 1927 1120 1965 ordinem
1157 1940 1178 1964 a
1215 1926 1378 1963 Domino
1407 1939 1518 1977 supra
1546 1926 1639 1963 alios
1665 1938 1747 1962 om·

221 2006 286 2030 nes
330 2006 411 2031 eam
454 1993 628 2042 gratiam,
672 1992 779 2030 vobis
825 1997 862 2030 et
895 1993 967 2030 toti
1004 1995 1152 2029 nostrae
1186 1990 1328 2041 patriae
1367 1990 1548 2028 maiorem
1585 2002 1673 2027 sane
1708 1989 1749 2027 in

218 2056 372 2094 modum
406 2057 624 2106 gratularer,
659 2055 759 2106 quod
796 2059 957 2093 vestrum
994 2055 1079 2092 istic
1114 2054 1352 2105 potissimum
1387 2053 1556 2091 ordinem
1583 2052 1751 2102 elegerit,

219 2135 284 2172 per
318 2134 440 2172 quem,
472 2134 639 2172 pressum
676 2121 856 2158 hactenus
894 2119 1194 2157 Antichristiana
1233 2118 1354 2168 Papae
1381 2116 1543 2154 Romani
1572 2120 1748 2155 cornuta-

220 2199 376 2236 rumque
410 2186 489 2223 eius
526 2189 777 2223 creaturarum
812 2184 1023 2234 tyrannide,
1057 2182 1242 2232 unigeniti
1269 2181 1337 2219 filii
1365 2181 1422 2219 sui
1448 2181 1601 2219 Domini
1629 2180 1751 2219 nostri

219 2251 306 2288 Icsu
341 2252 452 2299 (100)
488 2249 627 2288 Christi
662 2262 821 2298 regnum
856 2249 896 2286 in
933 2247 1106 2285 doctrina
1145 2245 1343 2296 Euangelii
1369 2245 1487 2296 ipsius
1516 2245 1636 2283 denuo
1664 2258 1747 2296 per-

219 2315 361 2353 moveri
395 2319 507 2365 atque
543 2329 563 2352 a
590 2314 787 2365 plusquam
816 2312 1027 2350 Cimmeriis
1054 2310 1218 2362 Papismi
1245 2310 1408 2348 tenebris
1436 2310 1620 2348 vindicari
1647 2309 1749 2349 velit.

221 2380 289 2418 Est
326 2393 413 2418 sane
449 2379 522 2416 hoc
555 2379 741 2430 peculiare
767 2377 838 2415 Dei
866 2390 958 2428 opus
987 2389 1216 2426 summaque,
1243 2388 1321 2413 non
1347 2374 1596 2424 gratulatione
1622 2373 1751 2420 modo,

221 2444 283 2481 sed
321 2444 430 2482 etiam
466 2443 712 2481 admiratione
747 2455 791 2480 ac
826 2441 983 2493 proinde
1019 2445 1169 2479 aeterna
1196 2453 1345 2490 quoque
1372 2438 1553 2477 memoria
1580 2437 1750 2487 dignum,

220 2509 333 2560 quod,
366 2509 635 2560 praetermissis
671 2508 766 2554 aliis,
802 2507 867 2558 qui
903 2506 1043 2544 maiore
1070 2505 1155 2543 istie
1182 2506 1265 2542 loco
1294 2508 1405 2555 atque
1431 2502 1651 2541 auctoritate
1679 2502 1746 2540 ha-

220 2574 367 2618 bentur,
403 2574 621 2623 sublataque
657 2572 748 2610 adeo
787 2571 890 2609 omni
925 2583 1011 2609 vera
1039 2570 1087 2608 ab
1114 2569 1189 2607 illis
1217 2569 1410 2619 sapientia,
1436 2567 1501 2618 qui
1529 2567 1602 2604 sibi
1629 2568 1748 2618 ipsam

220 2638 421 2689 sapientiae
450 2638 664 2675 cathedram
690 2650 866 2686 arrogare
894 2641 1091 2680 conantur,
1120 2638 1283 2672 vestrum
1310 2632 1547 2683 potissimum
1576 2632 1747 2669 ordinem

220 2701 422 2754 respexerit
459 2701 559 2739 Deus
596 2701 708 2751 inque
755 2704 877 2738 vestro
914 2699 1046 2736 ordine
1082 2711 1145 2736 eos
1182 2696 1365 2740 excitarit,
1398 2708 1464 2745 per
1499 2708 1592 2745 quos
1629 2694 1747 2745 pude-

220 2766 333 2804 faciat
366 2763 519 2802 tandem
555 2764 763 2813 sapientum
797 2763 949 2800 illorum
976 2761 1216 2812 quantumvis
1244 2763 1398 2807 turgens
1426 2758 1676 2809 supercilium,
1703 2770 1746 2795 ac

222 2836 407 2882 sceptrum
441 2828 535 2866 illud
571 2833 850 2866 sacrosanctum
885 2827 991 2877 regni
1028 2826 1083 2864 sui
1118 2826 1158 2863 iu
1195 2824 1298 2862 verbi
1334 2823 1391 2861 sui
1429 2822 1546 2859 divini
1576 2822 1745 2859 doctrina

222 2896 366 2936 attollat
412 2895 586 2932 adversus
633 2893 866 2930 Pharisaicos
903 2892 1020 2929 nostri
1061 2889 1238 2940 temporis
1273 2888 1413 2925 scribas
1441 2899 1484 2923 ao
1513 2887 1746 2924 sacerdotum
