1818 3178
769 102 830 130 Er.
861 102 1003 129 noc‘ra.
1585 96 1656 135 567

128 217 198 256 pro
233 203 417 242 societate
452 203 636 254 accipitur
671 207 708 241 et
739 204 803 254 qui
838 204 1023 242 eiusmodi
1059 203 1272 242 societatem
1309 204 1453 250 ineunt,
1488 213 1663 247 κοιυωνσὶ

127 273 324 307 vocantur.
376 268 436 305 Ita
474 268 593 317 igitur
621 268 719 306 hanc
748 281 877 306 vocem
905 268 1024 319 accipi
1053 268 1125 306 hoc
1152 269 1236 306 loco
1266 269 1469 320 oportebit,
1496 273 1537 307 ut
1564 269 1662 307 Pau·

125 333 225 371 linae
252 332 413 383 primum
441 332 760 382 argumentationi
789 333 1012 378 subserviat,
1040 333 1173 371 deinde
1201 338 1240 371 ut
1259 334 1342 372 aliis
1362 347 1510 385 quoque
1530 333 1660 372 eodem

127 397 212 434 loco
241 395 377 441 verbis,
403 409 498 446 quae
525 396 583 434 vel
609 397 836 447 praecedunt
856 396 913 434 vel
941 397 1231 448 subsequuntur,
1249 397 1484 448 respondeat,
1512 400 1659 448 postre-

127 475 191 500 mo
227 473 314 499 vero
343 460 462 511 (quod
498 464 622 499 tamen
648 461 769 512 primo
798 461 1014 512 ponendum
1041 463 1138 508 erat)
1167 474 1213 499 ne
1240 462 1354 499 ullam
1391 462 1430 499 in
1459 461 1654 512 scripturis

121 526 411 577 repugnantiam
440 525 606 564 inducat.
635 526 718 563 Iam
746 526 777 563 si
804 531 978 567 κοινωνίαι
1006 526 1124 563 active
1152 526 1214 563 hic
1241 530 1391 577 accepta
1415 540 1534 577 neque
1559 526 1659 564 Pau-

124 590 224 628 linae
250 589 570 639 argumentationi
597 589 650 627 ita
678 589 902 635 subserviat,
929 603 1049 641 neque
1075 590 1166 628 item
1193 591 1277 627 aliis
1306 590 1436 628 eodem
1463 591 1547 628 loco
1576 603 1659 628 ver·

125 654 186 692 bis
222 654 275 692 ita
311 653 550 705 respondeat,
588 653 904 705 quemadmodum
941 655 1088 692 factura
1124 658 1180 692 est
1210 655 1242 691 si
1268 655 1415 706 passive
1442 655 1662 706 accipiatur.

123 723 315 770 praeterea
342 718 376 756 si
402 718 624 756 manifestas
653 718 807 770 quoque*
830 719 916 766 (61)
945 718 1028 756 aliis
1055 718 1150 756 locis
1177 731 1324 769 pugnas
1353 722 1461 766 serat,
1488 732 1582 770 quae
1600 722 1659 757 ta·

124 796 212 821 men
239 796 285 821 ex
313 783 462 834 passiva
489 783 800 834 interpretatione
828 783 992 820 suboriri
1019 784 1143 821 nullae
1170 783 1330 834 possint,
1357 797 1494 835 quaeso
1514 784 1570 822 vir
1588 783 1659 821 hu·

123 848 358 886 manissime!
403 861 451 885 an
496 861 574 886 non
616 848 676 885 hic
713 848 900 898 passivam
935 848 1284 899 interpretationem
1321 848 1464 887 activae
1501 852 1544 887 tu
1579 849 1659 900 ipse

122 912 424 964 anteponendam
458 925 539 950 esse
573 912 738 964 putabiS‚
774 912 805 950 si
838 912 978 951 iustam
1014 912 1127 950 modo
1163 914 1433 965 scripturarum
1462 914 1658 963 dignitatis

123 978 310 1016 rationem
353 977 492 1016 habere
537 977 642 1023 velis,
678 977 826 1015 etiamsi
861 976 1023 1015 activam
1049 977 1397 1028 interpretationem
1426 978 1596 1015 omnium
1622 982 1659 1016 et

124 1042 279 1080 Patrum
316 1045 352 1080 et
382 1041 641 1080 conciliorum
668 1041 868 1080 autoritate
895 1041 966 1079 niti
996 1042 1191 1080 donemus.
1245 1044 1329 1092 Age
1356 1055 1443 1080 vero
1471 1042 1658 1094 passivam

124 1119 196 1145 nos
221 1106 295 1145 tibi
323 1108 556 1157 exponemus
584 1110 620 1143 et
646 1097 689 1143 tu
717 1105 878 1143 activam
909 1118 994 1143 cum
1020 1105 1086 1143 illa
1115 1106 1284 1144 conferre
1310 1111 1439 1157 postea
1455 1119 1520 1157 per
1540 1106 1658 1144 otium

121 1171 257 1222 possis.
312 1170 525 1209 Observare
559 1173 684 1208 autem
718 1182 790 1208 nos
828 1173 915 1207 ante
953 1169 1079 1207 omnia
1120 1173 1270 1220 oportet
1298 1183 1454 1221 scopum
1481 1170 1660 1208 Paulinae

120 1248 168 1273 eo
204 1236 288 1273 loco
325 1234 606 1286 disputationis,
640 1234 687 1272 ad
723 1247 832 1285 quem
871 1246 960 1272 sane
997 1238 1033 1272 et
1060 1233 1173 1271 verba
1203 1234 1327 1272 omnia
1356 1239 1392 1272 et
1419 1234 1540 1285 ipsam
1565 1234 1656 1273 adeo

124 1299 231 1338 Paul-i
258 1299 626 1349 argumentationem
652 1298 784 1335 referri
819 1297 1022 1348 oportebit.
1059 1298 1204 1349 Scopus
1231 1297 1350 1347 igitur
1377 1298 1558 1336 Paulinae
1585 1298 1658 1336 hoc

121 1364 207 1401 loco
242 1363 507 1414 disputationis
543 1365 611 1408 est,
646 1365 688 1399 ut
724 1361 957 1407 Corinthios,
991 1361 1056 1412 qui
1091 1362 1312 1413 praesertim
1350 1362 1540 1400 Christum
1568 1376 1658 1414 pro—

123 1428 214 1466 fessi
246 1427 321 1465 iam
358 1431 492 1474 essent,
534 1426 582 1464 ab
611 1425 730 1477 epulis
765 1425 1054 1464 imolatitiorum
1090 1426 1265 1473 abducat,
1302 1427 1483 1478 ponitque
1517 1427 1571 1465 eis
1608 1427 1656 1466 ob

119 1492 255 1531 oculos
290 1491 441 1529 illarum
477 1490 763 1542 turpitudinem,
801 1493 841 1528 ut
868 1503 932 1528 eos
960 1490 1006 1527 ab
1035 1490 1112 1528 illis
1140 1490 1356 1530 abhorreat.
1409 1493 1468 1528 Ac
1494 1490 1657 1542 primum

123 1557 208 1595 illas
243 1555 497 1594 idololatriam
535 1557 656 1600 vocat,
693 1553 827 1592 'deinde
865 1553 973 1592 docet
1009 1553 1113 1592 aliud
1149 1554 1245 1592 nihil
1283 1567 1363 1592 esse
1399 1567 1512 1605 quam
1538 1554 1658 1606 ipsam

122 1620 410 1659 daemoniorum
452 1624 660 1666 κοινωνίαν,
696 1622 733 1657 et
768 1619 962 1670 epularum
996 1618 1208 1657 istiusmsdi
1243 1619 1420 1657 convivas
1457 1625 1657 1668 κοινωνοῦς

122 1691 202 1727 τῶν
238 1687 426 1735 ἒαιμόνων
462 1684 638 1735 appellat.
690 1682 812 1722 Docet
846 1683 937 1722 item
971 1684 1053 1722 fieri
1088 1697 1165 1722 non
1200 1698 1324 1736 posse,
1355 1687 1398 1722 ut
1425 1683 1536 1722 simul
1565 1697 1658 1722 con·

122 1751 260 1789 sistant
295 1749 436 1788 Christi
471 1754 507 1787 et
544 1749 832 1787 daemoniorum
865 1749 1093 1796 communio,
1128 1749 1229 1800 quod
1265 1749 1381 1787 altera
1408 1762 1473 1800 per
1500 1749 1656 1787 alteram

121 1815 344 1867 profanetur
379 1827 605 1866 prorsusque
633 1813 806 1852 violetur.
860 1813 987 1851 Huius
1014 1826 1127 1865 porro
1156 1812 1349 1852 doctrinae
1376 1813 1561 1852 rationem
1589 1813 1657 1851 ad-

121 1881 196 1918 fert
225 1879 384 1918 deducto
412 1881 634 1928 argumento
663 1891 684 1915 a
713 1877 988 1916 contrariorum
1017 1881 1152 1916 natura
1180 1880 1361 1929 (quorum
1390 1890 1533 1928 semper
1548 1876 1656 1915 effec-

120 1949 185 1983 tus
214 1942 422 1982 contrarios
449 1956 529 1981 esse
556 1943 722 1993 oportet)
750 1942 797 1980 ad
826 1941 926 1980 hunc
953 1941 1125 1981 modum:
1157 1944 1192 1980 1.
1214 1941 1329 1980 Quod
1358 1954 1473 1979 coena
1500 1940 1657 1979 Domini

126 2013 185 2047 est
229 2007 417 2054 omnibus,
461 2007 527 2058 qui
569 2006 618 2045 'ad
652 2006 757 2044 illam
799 2005 906 2044 iuxta
946 2005 1103 2044 Domini
1144 2005 1425 2044 institutionem
1462 2005 1656 2053 accedunt,

120 2073 254 2123 epulae
291 2085 440 2123 quoque
472 2070 758 2109 imolatitiorum
794 2070 1002 2109 necessarie
1039 2083 1117 2108 esse
1146 2069 1281 2108 debent
1309 2070 1499 2117 omnibus,
1526 2069 1591 2122 qui
1618 2083 1657 2108 se

123 2137 201 2175 illis
238 2136 505 2188 quoquomodo
540 2135 759 2180 admiscent,
795 2138 938 2186 praeter
974 2134 1130 2172 Domini
1166 2135 1411 2173 voluntatem.
1466 2139 1501 2174 2.
1531 2135 1657 2173 Coena

122 2202 280 2240 Domini
322 2205 378 2239 est
424 2199 635 2238 commuuio
692 2200 834 2238 Christi
882 2199 989 2237 iuxta
1035 2212 1169 2250 corpus
1211 2212 1254 2237 ac
1291 2200 1507 2249 sanguinem
1552 2199 1656 2237 illius

124 2271 320 2318 propterea
377 2266 477 2317 quod
529 2264 685 2316 ipsemet
737 2264 842 2302 illam
890 2268 926 2301 et
972 2264 1137 2302 instituit
1186 2268 1221 2302 et
1258 2264 1378 2302 voluit
1422 2278 1442 2303 a
1489 2264 1566 2303 suis
1615 2265 1657 2303 in

126 2329 309 2368 honorem
338 2343 381 2367 ac
409 2328 625 2367 memoriam
656 2327 727 2374 sui,
755 2327 875 2366 donec
900 2341 1050 2366 rursum
1077 2327 1216 2371 veniat,
1243 2328 1446 2368 observari.
1489 2332 1525 2368 3.
1553 2328 1656 2379 Ergo

120 2395 256 2446 epulae
300 2408 450 2446 quoque
492 2393 779 2432 imolatitiorum
815 2393 917 2431 aliud
951 2406 1031 2431 esse
1065 2406 1143 2431 non
1178 2397 1338 2444 possunt
1372 2393 1540 2432 convivis
1577 2393 1656 2432 suis

126 2459 318 2504 omnibus,
361 2471 474 2509 quam
517 2457 596 2508 ipsa
642 2457 903 2494 demoniorum
946 2457 1178 2496 cummunio.
1240 2457 1330 2496 Non
1376 2458 1477 2508 quod
1513 2457 1657 2496 idolum

125 2534 190 2573 per
227 2534 265 2559 se
300 2520 454 2572 aliquod
490 2520 550 2566 sit,
585 2519 650 2557 sed
685 2519 786 2571 quod
822 2523 945 2558 totum
981 2520 1082 2570 quod
1115 2520 1194 2557 illic
1230 2520 1356 2569 agitur
1393 2520 1655 2559 demoniorum

122 2599 220 2637 opus
248 2585 296 2623 sit
323 2589 360 2623 et
385 2585 426 2622 in
455 2585 597 2622 cultum
624 2597 667 2621 ac
694 2584 875 2621 honorem
902 2584 1067 2631 illorum,
1092 2583 1163 2622 Dei
1184 2597 1271 2622 vero
1292 2585 1555 2623 contumeliam
1572 2599 1656 2636 per·

121 2653 270 2697 agatur.
325 2649 533 2686 Confirmat
560 2651 681 2685 autem
711 2647 918 2698 Apostolus
946 2660 1050 2685 suam
1079 2648 1178 2685 hanc
1205 2649 1569 2700 argumentationem
1595 2653 1656 2698 ty-

125 2711 208 2761 pico
245 2711 399 2748 Israelis
433 2709 539 2748 iuxta
578 2723 725 2747 carnem
762 2710 932 2762 exemplo
970 2714 1004 2748 et
1042 2709 1150 2748 docet
1185 2723 1249 2748 eos
1276 2710 1341 2761 qui
1369 2710 1538 2749 victimas
1566 2711 1656 2750 olim

124 2773 231 2813 iuxta
260 2774 380 2812 Mosis
408 2773 686 2812 institutionem
712 2773 890 2820 edissent,
918 2787 995 2813 non
1023 2775 1217 2825 epularum
1244 2775 1357 2812 modo
1386 2775 1536 2813 illarum
1564 2788 1656 2826 quas

123 2839 302 2887 edissent,
345 2839 410 2878 sed
447 2839 600 2877 sacrarii
636 2851 796 2890 quoque,
830 2839 868 2878 h.
905 2853 951 2886 e.,
986 2839 1199 2878 divinorum
1235 2839 1509 2890 mysteriorum,
1544 2843 1656 2892 atque
