1818 3178
220 70 294 106 544
873 77 933 105 ΕΡ.
963 75 1106 104 Doch.

221 192 309 217 num
347 179 534 215 coelorum
573 176 625 214 ita
653 175 821 221 ascribit,
847 179 889 214 ut
916 176 964 214 ab
993 189 1035 214 eo
1064 175 1237 213 excludat
1265 189 1407 221 omnes,
1438 176 1650 228 quicunque
1677 177 1752 217 illis

219 243 358 280 similes
386 255 465 279 esse
495 241 629 279 nolint.
685 240 859 291 Denique
888 245 924 278 et
952 241 1113 291 Spiritus
1142 241 1272 278 Sancti
1300 242 1622 280 evidentissimum
1649 242 1752 280 iudi-

220 306 320 344 cium
355 318 423 343 nos
460 304 521 342 hic
557 305 663 342 fallat
703 309 864 355 oportet,
901 303 964 355 qui
1000 304 1201 341 manifesta
1229 305 1267 341 in
1295 305 1504 344 infantibus
1533 306 1682 344 virtutis
1710 320 1752 344 ac

218 369 447 421 praesentiae
475 383 563 407 suae
593 369 699 418 signa
728 369 897 419 exemplo
929 367 1141 406 Hieremiae
1169 372 1204 405 et
1221 368 1377 406 Ioannis
1394 370 1578 421 baptistae
1597 370 1752 409 exeruit.

220 435 335 473 Quod
371 434 542 485 equidem
572 439 610 471 ut
649 433 832 483 singulari
859 433 1022 484 quodam
1049 433 1090 470 in
1119 433 1176 471 his
1214 433 1582 485 duobus-privilegio
1610 436 1751 473 factum

220 512 298 537 esse
334 498 529 542 donemus,
566 498 773 536 clarissimo
812 499 921 536 nobis
949 498 987 535 id
1014 503 1136 535 tamen
1166 498 1390 536 documento
1419 503 1473 537 est
1506 500 1669 546 interim,
1693 500 1751 537 in-

220 564 341 601 fantes
378 568 528 601 nostros
566 563 635 600 sub
664 564 719 600 ira
747 577 790 600 ac
818 563 1130 600 condemnatione
1157 568 1193 601 ct
1221 563 1380 614 proinde
1407 565 1476 601 sub
1505 565 1627 615 priore
1659 577 1752 615 quo-

222 641 292 678 que
327 627 392 664 illa
431 641 474 664 ex
505 627 586 665 Ada
615 627 857 676 generatione
886 641 963 665 non
991 627 1150 678 amplius
1180 627 1342 670 haerere,
1367 632 1611 679 posteaquam
1639 642 1676 666 se
1703 629 1751 666 ab

219 705 259 729 ea
289 692 451 729 hominis
480 696 599 729 aetate
627 692 790 742 Spiritus
818 693 978 729 Sanctus
1009 705 1086 729 non
1114 692 1316 730 abhorrere
1351 696 1522 736 testatur,
1547 706 1749 743 numquam

220 756 361 807 alioqui
397 756 499 793 illius
527 756 676 793 virtutis
704 769 747 793 ac
775 756 1004 806 praesentiae
1032 756 1219 806 specimen
1248 756 1287 794 in
1316 756 1381 793 illa
1408 756 1588 801 editurus,
1616 756 1648 793 si
1672 759 1752 793 tota

218 821 282 858 illa
311 825 412 858 aetas
441 825 569 858 nostra
598 821 666 857 sub
695 824 813 858 morte
841 833 884 858 ac
913 820 1236 864 condemnatione,
1265 820 1334 858 sub
1363 835 1474 871 quam
1501 821 1539 858 in
1560 820 1643 858 Ada
1663 832 1752 857 con-

220 887 315 924 clusi
353 900 513 931 eramus,
549 886 672 924 adhuc
710 887 891 924 haereret.
947 886 1053 924 Haec
1090 899 1172 931 nos,
1200 887 1364 937 inquam,
1392 887 1530 923 fallunt
1557 886 1694 929 omnia,
1721 886 1752 923 si

219 965 347 989 omnes
385 964 461 989 non
490 951 610 989 renati
641 951 885 995 damnantur,
912 951 1128 1002 praesertim
1159 952 1190 989 si
1218 951 1534 1001 regenerationem
1563 950 1665 988 aliud
1693 951 1751 988 ni·

219 1016 271 1053 hil
300 1029 379 1053 esse
407 1015 575 1053 dicamus
604 1029 715 1066 quam
744 1019 970 1064 μετάνοιαν,
1000 1029 1084 1053 cum
1113 1016 1277 1053 infantes
1308 1020 1447 1054 certum
1477 1016 1524 1053 sit
1552 1028 1626 1053 non
1644 1027 1752 1066 posse

218 1085 424 1129 μετανοεῖν
461 1084 497 1117 et
523 1080 690 1130 {proinde
728 1093 847 1131 neque
884 1080 1042 1119 renasci.
1097 1082 1148 1118 At
1177 1094 1263 1118 vero
1301 1085 1356 1118 est
1385 1094 1496 1118 verax
1525 1080 1638 1126 Deus,
1666 1093 1749 1117 vera

216 1145 304 1181 item
335 1144 555 1195 Apostolica
584 1144 770 1187 doctrina,
799 1158 872 1195 qua
903 1157 985 1182 cum
1016 1145 1191 1182 docemur
1218 1145 1258 1182 in
1288 1145 1368 1183 Ada
1397 1145 1492 1182 mori
1519 1157 1660 1188 omnes,
1685 1144 1751 1181 do-

220 1221 344 1246 cemur
370 1209 457 1246 item
486 1209 526 1246 in
555 1209 706 1247 Christo
735 1222 803 1246 nos
832 1209 878 1246 ad
908 1210 1023 1246 vitam
1051 1209 1230 1254 revocari,
1258 1209 1392 1247 deinde
1419 1209 1455 1247 id
1476 1209 1612 1247 scimus
1629 1208 1753 1253 etiam,

218 1273 318 1310 oleae
354 1285 423 1310 nos
459 1272 574 1309 inseri
610 1285 686 1309 non
725 1285 834 1323 posse
860 1272 1007 1310 nisiex
1034 1273 1156 1323 priore
1194 1277 1321 1310 nostra.
1359 1273 1534 1316 oleastro,
1568 1276 1624 1309 ut*
1645 1271 1750 1308 Pauli

217 1337 342 1375 verbis
379 1341 476 1383 utar,
504 1336 765 1374 exscindamur
802 1336 857 1384 (id
895 1350 980 1374 vero
1011 1337 1101 1374 certi
1129 1350 1257 1375 sumus
1295 1336 1341 1374 ad
1379 1337 1541 1375 infantes
1568 1336 1751 1387 pertinere

215 1401 361 1439 etiamsi
389 1413 464 1438 non
494 1400 640 1452 possint
667 1400 869 1448 innovari),
897 1400 998 1438 aliud
1029 1414 1116 1439 saue
1144 1415 1223 1439 esse
1240 1401 1399 1439 dicimus
1420 1400 1752 1450 regenerationem,

217 1466 318 1504 aliud
348 1479 434 1504 vero
462 1471 677 1516 μετάνοιαν
707 1479 771 1502 seu
799 1466 934 1503 mentis
963 1470 1115 1503 nostrae
1142 1466 1436 1505 innovationem.
1480 1466 1535 1503 Ut
1562 1470 1682 1503 autem
1712 1464 1748 1501 id

219 1532 355 1568 clarius
381 1530 522 1581 percipi
552 1530 599 1567 ab
628 1529 804 1567 omnibus
833 1530 965 1580 possit,
991 1543 1066 1567 rem
1098 1543 1244 1568 omnem
1273 1531 1312 1567 in
1343 1530 1435 1568 duas
1455 1529 1749 1582 argumentatio-

218 1610 283 1634 nes
322 1596 569 1638 conferemus,
606 1595 660 1632 sic
697 1599 737 1631 ut
774 1595 888 1632 altera
927 1595 973 1632 ab
1016 1595 1130 1632 altera
1168 1594 1338 1646 pendeat,
1375 1595 1420 1632 ad
1451 1595 1550 1632 hunc
1576 1593 1749 1631 modum:

219 1660 297 1698 Qui
334 1659 378 1697 ad
419 1659 610 1696 Christum
649 1672 726 1696 non
761 1659 964 1709 pertinent,
999 1659 1047 1696 ad
1083 1659 1238 1696 salutem
1270 1672 1420 1709 quoque
1447 1671 1521 1696 non
1552 1658 1752 1709 pertinent.

219 1725 307 1763 Non
337 1724 457 1762 renati
484 1724 530 1762 ad
560 1723 750 1761 Christum
779 1736 856 1761 non
884 1724 1083 1775 pertinent.
1139 1724 1241 1773 Ergo
1269 1737 1345 1761 non
1375 1723 1494 1761 renati
1521 1723 1567 1760 ad
1596 1723 1749 1760 salutem

218 1802 368 1841 quoque
412 1802 487 1826 non
537 1788 737 1839 pertinent.
796 1787 978 1826 Maiorem
1015 1789 1178 1839 probant
1219 1788 1408 1840 praedicta
1454 1787 1670 1826 testimonia
1708 1787 1751 1824 de

218 1855 331 1892 unico
359 1859 529 1891 nostrum
558 1853 724 1890 omnium
754 1852 972 1898 mediatore,
999 1853 1110 1890 unica
1139 1854 1211 1896 via,
1240 1853 1348 1890 unico
1367 1852 1477 1894 ostio,
1497 1852 1607 1889 unico
1636 1851 1750 1889 ostia-

219 1919 289 1961 rio,
327 1918 490 1964 Christe,
528 1921 562 1955 et
606 1918 704 1955 inter
743 1917 832 1954 haec
877 1917 1029 1954 Domini
1071 1917 1189 1968 ipsius
1234 1918 1345 1955 verba
1390 1916 1750 1968 aper-(45)tissima:

222 2000 240 2017 u
255 1982 379 2020 Nemo
422 1981 589 2019 ascendit
625 1981 664 2018 in
702 1981 844 2019 coelum
882 1981 955 2018 nisi
992 1981 1089 2019 idem
1125 1981 1189 2032 qui
1218 1985 1253 2018 et
1281 1981 1509 2026 descendit'',
1535 1981 1589 2018 sic
1616 1984 1656 2018 ut
1683 1992 1751 2017 nos

221 2048 370 2085 Christo
398 2047 565 2084 inclusos
593 2059 671 2084 esse
699 2050 881 2097 oporteat,
908 2050 950 2084 ut
979 2059 1063 2084 cum
1090 2047 1155 2083 illo
1184 2051 1248 2083 aut
1275 2047 1313 2084 in
1342 2046 1407 2083 illo
1436 2046 1561 2097 potius
1590 2045 1635 2082 ad
1666 2057 1749 2082 coe-

221 2112 278 2149 los
306 2111 564 2153 ascendamus,
600 2111 631 2148 si
671 2123 748 2148 non
783 2110 932 2148 excludi
971 2111 1154 2149 volumus.
1211 2111 1398 2148 Minorem
1443 2110 1578 2161 probat
1614 2110 1749 2147 Paulus

219 2176 304 2214 aliis
339 2176 411 2213 iam
451 2176 560 2213 etiam
600 2175 772 2212 adductis
806 2175 1046 2222 testimoniis,
1085 2175 1220 2226 quibus
1256 2175 1418 2226 priorem
1446 2174 1565 2213 nostri
1594 2188 1639 2211 ex
1668 2173 1749 2211 Ada

222 2240 502 2288 generationem
541 2239 610 2276 sub
648 2244 841 2290 peccatum
877 2243 912 2277 et
948 2244 1104 2278 mortem
1137 2240 1338 2286 concludit,
1367 2252 1510 2291 nosque
1538 2252 1665 2276 omnes
1694 2251 1750 2275 se-

223 2304 387 2342 cundum
415 2303 519 2340 illam
547 2303 624 2341 irae
651 2304 749 2341 filios
779 2309 813 2341 et
841 2317 975 2355 corpus
1004 2318 1112 2342 suum
1142 2305 1273 2342 mortis
1303 2317 1439 2354 corpus
1467 2303 1641 2354 appellat,
1670 2316 1748 2339 ma-

221 2381 380 2419 nereque
416 2381 485 2406 nos
523 2368 665 2406 omneis
703 2368 810 2406 docet
842 2368 1059 2407 inevitabile
1094 2369 1276 2407 iudicium
1319 2369 1359 2407 in
1398 2368 1747 2406 condemnationem

221 2434 404 2485 tantisper
431 2433 518 2471 dum
546 2433 587 2471 in
615 2447 655 2471 ea
684 2434 925 2482 generatione
953 2434 1161 2478 haeremus,
1190 2447 1209 2472 a
1239 2447 1312 2484 qua
1340 2446 1408 2471 nos
1428 2432 1622 2471 transferri
1642 2436 1749 2482 atque

223 2497 268 2535 ad
297 2498 411 2535 vitam
439 2498 583 2536 restitui
612 2511 700 2535 sane
728 2503 884 2549 oportet,
914 2498 945 2536 si
973 2499 1019 2535 ad
1048 2498 1251 2543 Christum,
1278 2498 1343 2548 qui
1371 2498 1445 2535 vita
1474 2501 1541 2541 est,
1566 2497 1749 2547 pertinere

224 2550 437 2601 debeamus.
475 2564 630 2600 Constat
656 2563 771 2612 igitur
798 2563 843 2601 ad
874 2563 1065 2602 Christum
1095 2568 1130 2602 et
1157 2563 1314 2614 proinde
1341 2563 1386 2601 ad
1417 2563 1571 2600 salutem
1599 2574 1747 2612 quoque

224 2641 301 2666 non
336 2628 532 2679 pertinere,
569 2629 631 2679 qui
668 2643 687 2666 a
723 2629 846 2680 priore
882 2642 928 2667 ex
967 2629 1050 2667 Ada
1086 2632 1330 2679 generatione
1366 2642 1441 2668 non
1469 2628 1748 2666 transferuntur

225 2696 336 2743 atque
362 2691 408 2729 ad
437 2692 550 2730 vitam
578 2692 699 2730 denuo
727 2694 766 2731 in
795 2693 946 2732 Christo
976 2707 1051 2731 non
1081 2694 1340 2743 regignuntur.
1377 2695 1501 2744 Atque
1529 2692 1598 2729 hoc
1624 2692 1748 2743 ipsum

226 2758 365 2809 petitur
394 2758 447 2807 se]
464 2757 587 2808 priore
608 2758 677 2796 hac
698 2762 826 2797 nostra
845 2758 1184 2808 argumentatione,
1210 2772 1282 2809 qua
1302 2758 1353 2795 ita
1371 2757 1442 2795 iam
1464 2758 1684 2794 confirmata
1702 2756 1748 2794 ad

229 2821 338 2864 aliam
369 2822 646 2861 descendemus.
682 2844 732 2853 —
762 2825 973 2874 Antequam
1011 2823 1057 2861 ad
1094 2823 1208 2861 vitam
1245 2822 1282 2861 in
1322 2821 1470 2859 Christo
1508 2820 1748 2871 regignamur
