1818 3178
1546 103 1620 143 333

96 218 212 270 ipsius
240 215 579 269 repuerascentiam
607 229 669 255 seu
698 217 1031 267 regeneratione-m.
1059 216 1106 255 Id
1136 216 1306 268 equidem
1333 217 1389 254 illi
1416 229 1500 254 vere
1526 220 1626 254 etex

96 284 220 321 animo
258 283 430 334 optarim.
485 282 556 320 Sed
593 287 733 329 metuo,
761 297 806 321 ne
833 296 910 320 non
938 283 1048 320 facile
1076 283 1179 326 velit,
1207 295 1245 319 se
1272 282 1349 319 eius
1375 282 1449 319 iam
1479 281 1626 318 demum

97 348 349 399 blasphemiae
388 347 496 397 culpa
534 348 664 393 teneri,
701 361 813 398 quain
849 348 888 385 in
915 360 974 384 me
1000 347 1092 384 alias
1120 351 1266 397 sceptro
1297 345 1541 395 Magistratus
1569 357 1627 382 re-

95 413 204 450 tundi
258 412 368 449 homo
415 411 615 459 religiosus
668 412 830 457 volebat,
878 417 914 449 et
965 411 1115 462 quidem
1167 414 1272 448 tanto
1319 410 1459 447 maiore
1510 409 1629 459 culpa,

98 481 238 528 quanto
283 476 437 525 gravius
473 479 529 513 est
565 476 640 514 lata
675 476 757 526 lege
796 477 964 514 sanxisse
1000 475 1279 525 blasphemiam,
1323 488 1400 512 non
1437 474 1629 512 ferendam

101 541 340 591 Magistratui
378 540 606 587 Christiano,
639 554 750 592 quam
784 541 886 578 illius
921 540 1136 578 meminisse
1172 540 1356 577 duntaxat
1392 552 1457 590 per
1492 539 1631 576 factam

98 606 143 644 de
177 606 242 643 illa
269 605 538 656 quaestionem,
565 611 606 643 ut
633 605 680 643 ad
707 619 787 643 eam
813 604 1113 656 responderetur.
1167 604 1415 654 Posteaquam
1443 616 1529 640 vero
1556 603 1630 639 iam

99 669 340 721 Westphalus
376 683 496 707 meam
527 670 794 721 blasphemiam
824 682 891 707 sua
919 669 1001 718 lege
1028 668 1080 706 ita
1107 668 1301 719 approbat,
1329 673 1369 705 ut
1396 667 1632 718 pronunciet,

100 744 250 772 necesse
277 748 370 778 esse,
396 747 466 772 nos
494 747 579 772 cum
607 734 756 772 Christo
786 733 949 771 Domino
977 734 1029 771 ita
1058 733 1251 782 coniungi,
1269 738 1310 770 ut
1328 737 1365 770 et
1383 733 1446 770 ille
1464 733 1504 770 in
1522 732 1633 770 nobis

98 797 313 837 inveniatur
349 803 385 837 et
422 812 491 837 nos
527 799 568 836 in
603 799 683 844 illo,
719 802 756 836 et
791 798 942 849 quidem
976 810 1041 848 per
1083 811 1177 842 eam,
1204 810 1297 848 quae
1323 797 1363 835 in
1392 797 1538 835 Coenae
1565 809 1634 834 usu

101 862 259 901 habetur
288 863 443 911 scilicet,
469 863 637 914 mysterii
664 863 976 909 benedictionem,
1004 862 1064 900 cui
1093 862 1332 913 Westphalus
1362 862 1493 913 Cyrilli
1521 866 1631 900 auto-

99 927 247 965 ritatem
283 928 423 965 frustra
461 928 602 979 alioqui
629 927 811 973 obtendit,
848 927 1038 965 videamus
1065 926 1127 964 hic
1153 927 1317 978 primum
1343 932 1440 965 artes
1468 927 1634 977 Erinnys

101 991 378 1042 Westphalicae
405 992 445 1030 in
473 992 672 1030 verborum
698 991 864 1039 latebris,
892 991 1029 1042 quibus
1056 991 1196 1038 utitur3
1219 991 1353 1029 deinde
1373 1004 1457 1029 vero
1477 1005 1635 1030 acumen

101 1056 202 1094 illius
239 1057 512 1107 Theologicum
547 1057 800 1095 observemus.
855 1056 1045 1107 Quodque
1085 1056 1132 1094 ad
1172 1057 1286 1094 verba
1322 1057 1403 1107 ipsa
1430 1057 1576 1102 attinet,
1603 1057 1635 1095 si

102 1134 186 1159 eum
225 1122 366 1172 Cyrillo
401 1122 515 1162 sentit
552 1121 804 1172 Westphalus,
832 1133 897 1159 cur
924 1121 1049 1159 verbis
1078 1121 1239 1171 Cy-(fol.
1271 1121 1450 1170 106)ri110
1478 1122 1636 1160 insuetis

100 1185 296 1236 loquitur?
350 1185 510 1236 Cyrillus
555 1198 637 1223 eam
680 1185 755 1224 vim
800 1185 980 1235 mysticae
1021 1184 1295 1223 benedictionis
1337 1198 1418 1224 esse
1455 1185 1562 1224 docet
1595 1186 1636 1223 in

104 1250 249 1288 Coenae
283 1263 367 1294 usu,
404 1255 444 1288 ut
480 1249 672 1288 Christum
708 1249 748 1287 in
785 1249 897 1287 nobis
933 1253 970 1288 et
1005 1262 1076 1288 nos
1110 1250 1150 1287 in
1177 1250 1243 1287 illo
1271 1250 1482 1288 inhabitare
1509 1250 1637 1289 faeiat.

103 1314 343 1365 Westphalus
379 1318 504 1352 autem
531 1327 595 1365 per
621 1314 821 1365 mysticam
848 1314 1149 1353 benedictionem
1178 1315 1328 1353 Christo
1357 1328 1428 1353 nos
1457 1315 1638 1365 coniungi

102 1380 270 1424 affirmat,
312 1379 472 1429 mystica
514 1379 626 1417 etiam
662 1379 937 1418 communione.
992 1379 1099 1417 Idem
1136 1382 1191 1418 est
1227 1379 1447 1431 Westphalo
1485 1380 1639 1426 scilicet,

103 1441 238 1480 habere
273 1442 314 1480 in
341 1442 451 1479 nobis
478 1442 754 1480 inhabitantem
783 1442 973 1480 Christum
1000 1442 1207 1480 Dominum
1234 1447 1270 1481 et
1299 1443 1449 1481 Christo
1475 1443 1638 1494 primum

103 1506 271 1544 omnium
307 1506 496 1556 coniungi,
530 1507 636 1558 quasi
670 1520 749 1545 non
781 1507 884 1558 prius
921 1511 957 1546 et
993 1507 1101 1545 illum
1134 1508 1245 1546 nobis
1283 1512 1318 1546 et
1357 1521 1426 1546 nos
1462 1509 1519 1546 illi
1547 1521 1638 1546 eon-

102 1570 253 1608 iunctos
288 1583 368 1608 esse
403 1574 586 1621 oporteat,
619 1584 731 1622 quam
767 1570 807 1608 in
843 1571 954 1609 nobis
990 1571 1203 1610 inhabitare
1241 1572 1322 1623 ipse
1347 1573 1466 1623 possit
1505 1577 1542 1611 et
1569 1585 1638 1610 nos

102 1634 144 1672 in
179 1635 273 1685 ipso,
327 1634 471 1673 Deinde
509 1635 682 1685 Cyl-illus,
718 1639 867 1686 sumpto
903 1649 925 1673 a
954 1636 1077 1674 Coena
1105 1636 1259 1674 Domini
1286 1646 1520 1687 argumento,
1548 1650 1638 1675 eon-

104 1700 229 1737 firmat
265 1700 474 1738 doctrinam
510 1714 617 1739 suam
654 1701 698 1739 de
726 1701 867 1739 Christi
893 1701 1048 1739 Domini
1075 1702 1275 1740 nobiscum
1302 1706 1338 1740 et
1369 1708 1497 1741 nostra
1525 1703 1638 1741 vicis-

105 1764 176 1802 sim
205 1777 289 1801 cum
317 1764 413 1815 ipso,
440 1778 516 1802 non
545 1764 731 1816 spirituali
757 1770 905 1803 tantum
931 1767 991 1814 (ut
1018 1766 1091 1804 iam
1120 1770 1175 1804 est
1196 1766 1368 1814 dictum),
1389 1767 1453 1805 sed
1473 1767 1635 1804 naturali

105 1829 218 1866 etiam
253 1829 330 1867 sive
366 1830 551 1880 corporali
596 1831 771 1868 societate
806 1819 869 1868 seu
906 1830 1184 1870 communione.
1237 1831 1477 1883 Westphalus
1513 1837 1637 1870 autem

109 1894 169 1931 hic
205 1893 442 1944 potissimum
476 1898 585 1944 urget
621 1895 816 1945 mysticam
854 1895 1036 1933 duntaxat
1068 1896 1190 1934 nostri
1239 1909 1323 1934 cum
1358 1896 1510 1936 Christo
1548 1910 1638 1935 con-

107 1959 338 1996 iunctionem
374 1958 415 1996 in
453 1959 598 1997 Coenae
625 1972 707 2004 usu,
733 1959 838 2010 quasi
864 1963 956 1997 tunc
981 1960 1142 2011 primum
1172 1961 1321 1999 Christo
1350 1961 1515 1999 Domino
1545 1975 1637 2000 con-

107 2023 318 2072 iungamur,
347 2036 466 2073 neque
491 2023 596 2073 prius
623 2024 670 2077 ad
698 2024 806 2061 illum
833 2037 982 2075 quoquo
1010 2025 1122 2063 modo
1149 2027 1414 2076 pertineamus.
1442 2027 1636 2065 Postremo

110 2101 194 2125 cum
223 2087 383 2138 Cyrillus
411 2088 456 2125 de
484 2088 623 2126 Christi
650 2089 690 2126 in
719 2088 828 2127 nobis
855 2089 1133 2128 inhabitatione
1161 2104 1225 2128 seu
1250 2091 1443 2130 mansione
1461 2093 1638 2143 loquatur

107 2152 212 2189 iuxta
246 2152 402 2190 Ioannis
439 2153 708 2199 testimonium,
746 2167 809 2191 cur
850 2154 1084 2205 Westphalus
1120 2155 1360 2194 inhabitandi
1388 2157 1638 2209 manendique

110 2229 219 2254 voces
256 2217 368 2254 verbo
402 2217 618 2255 inveniendi
659 2220 889 2256 commutat?
943 2218 1081 2257 Metuit
1108 2220 1284 2258 nimirum
1314 2220 1565 2273 Westphalus,
1592 2236 1639 2260 ne

111 2281 142 2319 si
181 2281 322 2319 Christi
350 2281 505 2320 Domini
539 2282 579 2319 in
608 2282 718 2321 nobis
744 2287 781 2321 et
809 2283 931 2321 nostri
956 2283 997 2322 in
1023 2284 1090 2322 illo
1119 2285 1335 2323 diuturnam
1362 2287 1502 2338 alioqui
1527 2287 1638 2325 inha-

111 2346 331 2384 bitationem
368 2350 518 2393 statuat,
554 2348 858 2386 coniunctionem
895 2362 1000 2386 suam
1035 2349 1151 2396 illam,
1178 2364 1290 2401 quam
1316 2351 1485 2401 mysterii
1512 2353 1638 2391 nescio

112 2411 218 2448 cuius
254 2411 514 2449 benedictione
551 2416 723 2460 constare
759 2412 879 2457 docet,
905 2412 1127 2464 impugnare
1154 2415 1247 2452 velle
1275 2415 1455 2455 videatur.
1509 2416 1638 2455 Quor-

113 2489 192 2513 sum
221 2476 320 2513 enim
348 2480 543 2525 urgeretur
570 2489 667 2514 nova
695 2476 833 2515 Christi
862 2477 1073 2522 nobiscum,
1101 2479 1284 2530 totiesque
1312 2481 1457 2519 Coenae
1485 2494 1554 2519 usu
1580 2495 1639 2520 re-

111 2540 239 2592 petita,
266 2541 496 2588 coniunctio,
523 2542 669 2591 qualem
697 2541 936 2592 Westphalus
961 2542 1199 2592 imaginatur,
1219 2544 1262 2590 si,
1281 2545 1393 2583 semel
1412 2546 1524 2585 nobis
1548 2559 1639 2584 con-

112 2606 283 2643 iunctum
327 2619 454 2643 revera
491 2606 683 2643 Christum
718 2605 936 2652 Dominum,
970 2613 1147 2658 perpetuo
1183 2609 1221 2647 in
1257 2610 1368 2647 nobis
1405 2611 1640 2660 habita-(fol.

116 2671 248 2715 107)1·e
274 2682 318 2707 ae
344 2683 560 2721 permanere
586 2671 839 2720 profiteamur.
895 2670 1032 2709 Maluit
1058 2671 1174 2722 igitur
1202 2673 1331 2724 Cyrilli
1358 2676 1471 2713 verba
1498 2680 1642 2714 mutare

119 2732 369 2783 Westphalus,
398 2747 444 2771 ne
472 2746 594 2771 secum
622 2734 701 2785 ipse
726 2746 893 2784 pugnare
921 2733 1268 2785 deprehenderetur,
1294 2743 1330 2775 et
1358 2742 1482 2776 tamen
1512 2739 1642 2788 Cyrilli

116 2799 354 2835 autoritatem
391 2799 585 2836 doetrinae
621 2812 707 2836 suae
745 2798 940 2849 praetexit,
975 2813 1021 2837 ne
1056 2801 1147 2851 quid
1174 2803 1264 2843 novi
1292 2803 1477 2852 dogmatis
1503 2806 1642 2842 temere

115 2861 155 2898 in
184 2861 389 2900 Ecclesiam
416 2863 604 2901 invexisse
633 2863 813 2902 videatur.
844 2863 924 2901 Iam
951 2866 1107 2914 acumen
1135 2865 1342 2919 Westphali
1372 2867 1641 2917 leeologicum
