1818 3178
1532 108 1603 147 381

77 227 131 270 ut,
174 224 262 261 dum
305 221 531 274 Papisticam
576 220 811 272 tyrannidem
859 220 1009 260 defendi
1051 220 1210 272 amplius
1248 230 1325 258 non
1360 232 1470 270 posse
1507 219 1606 258 videt

78 291 228 339 propter
262 290 438 325 retectam
473 299 609 335 magna
644 286 720 324 iam
755 299 799 323 cx
834 289 939 337 parte
973 285 1204 336 impietatem
1242 285 1355 330 illius,
1385 284 1492 323 novis
1520 286 1606 333 (91)

78 366 226 390 rursum
269 351 410 389 artibus
448 350 625 402 impediat
663 364 785 388 veram
819 363 862 388 ac
897 351 1102 400 legitimam
1136 350 1242 388 iuxta
1280 350 1484 402 scripturas
1519 350 1608 387 reli-

80 417 204 466 gionis
240 414 564 460 instaurationem,
603 428 745 466 proque
780 415 990 465 tyrannide,
1026 428 1137 465 quam
1175 414 1315 466 alioqui
1341 414 1501 453 invisam
1529 427 1609 452 esse

85 480 203 524 novit,
230 479 468 517 introducere
496 484 652 517 conatur
684 483 846 529 ἀνομίαν
875 479 1073 530 quandam,
1101 492 1206 530 quae,
1234 479 1379 517 sublato
1409 478 1510 516 omni
1529 482 1609 516 tum

81 543 367 581 Ecclesiasticae
403 548 479 581 tum
518 545 630 582 etiam
666 544 841 595 politicae
869 544 1086 595 disciplinae
1113 557 1196 588 usu,
1223 543 1534 582 immedicabilem
1563 543 1609 581 ad

80 613 286 647 extremum
331 623 454 647 rerum
498 609 664 648 omnium
707 610 961 648 confusionem
1002 610 1134 660 pariat.
1188 610 1272 647 Hae
1308 614 1406 655 sunt,
1445 611 1611 661 inquam,

84 674 242 711 Satanae
270 678 379 720 artes,
406 674 543 725 quibus
570 674 677 724 regni
707 674 847 712 Christi
874 674 1184 712 instaurationem
1209 674 1492 726 legitimumque
1510 675 1612 712 illius

80 751 320 789 progressum
357 739 536 790 impedire
571 752 637 790 pro
677 752 820 777 summa
858 738 957 776 virili
994 752 1058 776 sua
1098 744 1292 777 conantur.
1349 742 1399 777 At
1429 752 1513 777 vero
1543 752 1612 776 nos

83 803 207 841 edocti
235 817 374 850 sumuS,
402 803 519 842 Deum
548 817 626 841 esse
655 803 810 848 ordinis,
838 817 915 841 non
943 811 1067 841 autem
1096 803 1340 851 confusionis,
1369 804 1500 843 Deum.
1555 805 1612 841 Ac

83 868 253 918 proinde,
289 869 602 920 quemadmodum
629 868 839 920 papismum
866 882 908 906 eo
936 868 1175 919 potissimum
1204 869 1355 907 nomine
1382 882 1614 914 accusamus,

85 934 186 983 quod
222 932 438 970 institutum
476 947 496 971 a
535 933 684 970 Christo
722 932 885 970 Domino
925 933 1237 984 observatumque
1274 933 1319 970 ab
1349 933 1542 984 Apostolis
1572 945 1614 969 ac

83 996 194 1034 nobis
231 997 405 1035 omnibus
440 997 740 1035 commendatum
776 997 1033 1035 Ecclesiastici
1068 997 1182 1036 totius
1210 997 1408 1036 ministerii
1434 998 1617 1043 ordinem,

85 1060 240 1098 inducto
269 1074 367 1098 novo
397 1062 559 1112 quodam
589 1061 788 1099 sacerdotii
816 1061 871 1099 sui
901 1061 1052 1099 Christo
1081 1061 1244 1099 Domino
1273 1062 1476 1100 adversarii
1502 1075 1616 1111 gene-

85 1139 124 1163 re
160 1129 408 1176 usurpataque
444 1125 593 1163 demum
627 1125 827 1175 tyrannide
863 1139 940 1171 sua,
976 1126 1203 1177 supprimere
1232 1130 1387 1164 conatus
1416 1127 1476 1171 sit,
1502 1126 1553 1164 ita
1583 1131 1617 1165 et

84 1190 178 1228 istos
205 1189 438 1240 impunitatis
465 1194 644 1240 patronos
672 1189 964 1240 haudquaquam
991 1189 1030 1227 in
1061 1189 1202 1228 Christi
1222 1190 1388 1229 Ecclesia
1409 1190 1617 1229 audiendos

85 1267 164 1292 esse
205 1257 390 1304 putamus,
417 1266 460 1291 eo
489 1253 588 1304 quod
615 1258 849 1305 praepostere
877 1255 963 1302 (92)
992 1253 1178 1292 libertatis
1207 1267 1293 1292 suae
1319 1254 1529 1306 patrocinio
1558 1255 1617 1292 in-

86 1318 259 1356 stitutum
294 1317 406 1355 etiam
442 1331 462 1355 a
501 1317 651 1355 Christo
682 1317 846 1355 Domino
874 1318 1189 1369 observatumque
1217 1332 1260 1356 ac
1288 1319 1399 1357 nobis
1428 1332 1617 1357 commen-

86 1382 214 1420 datum
251 1382 297 1420 ab
335 1381 527 1433 Apostolis
565 1381 679 1420 totius
708 1382 965 1421 Ecclesiastici
991 1383 1186 1433 regiminis
1215 1397 1384 1429 nervum,
1410 1384 1618 1434 legitimum

84 1448 239 1499 inquam
265 1451 301 1486 et
329 1447 613 1493 Ecclesiasticae
640 1452 676 1486 et
703 1448 877 1499 politicae
904 1448 1124 1500 disciplinae
1153 1463 1273 1494 usum,
1301 1449 1449 1488 abolere
1478 1463 1617 1488 conan-

85 1517 158 1559 tur,
194 1526 277 1550 cum
314 1525 389 1550 non
426 1512 498 1550 alio
537 1512 708 1551 doctrina
743 1513 904 1551 istorum
941 1518 1107 1564 spectare
1136 1513 1317 1561 videatur,
1344 1528 1456 1565 quam
1483 1515 1530 1552 ad
1558 1516 1618 1553 in-

88 1577 254 1615 auditam
279 1589 507 1628 prorsusque
533 1576 751 1615 horribilem
780 1590 904 1615 rerum
933 1578 1100 1615 omnium
1128 1578 1448 1629 perturbationem
1466 1592 1510 1616 ac
1528 1592 1618 1618 con-

86 1642 286 1680 fusionem.
340 1641 448 1678 Nihil
484 1641 601 1691 igitur
637 1655 703 1679 vos
740 1655 760 1679 a
790 1642 914 1680 studio
942 1655 985 1680 ac
1009 1656 1214 1696 progressu
1240 1643 1508 1683 instaurandae
1538 1645 1619 1683 istic

89 1717 194 1741 verae
229 1704 421 1753 religionis
458 1704 638 1742 remorari
675 1705 876 1750 debebunt,
915 1719 1008 1757 quae
1038 1706 1095 1743 vel
1120 1720 1140 1744 a
1168 1706 1344 1758 Papismi,
1370 1707 1429 1745 vel
1455 1708 1568 1745 etiam
1595 1722 1617 1745 a

87 1772 345 1819 praeposterae
370 1768 472 1806 illius
499 1769 682 1807 libertatis
708 1769 1051 1821 propugnatoribus
1079 1771 1333 1821 proferuntur.
1359 1771 1439 1809 ⁴Est
1466 1772 1617 1823 quidem

89 1832 242 1883 aliquid,
271 1832 334 1869 sed
363 1845 438 1870 non
466 1836 522 1870 est
549 1833 651 1878 satis,
682 1833 894 1884 Papismum
923 1834 1126 1874 sustulisse.
1156 1834 1288 1886 Neque
1315 1836 1413 1873 enim
1443 1837 1533 1874 satis
1562 1841 1616 1875 est

88 1910 266 1947 purgasse
302 1896 465 1943 domum,
500 1901 541 1934 ut
576 1897 698 1948 inquit
727 1897 895 1936 Christus
923 1898 1128 1946 Dominus3
1156 1900 1297 1951 alioqui
1325 1905 1477 1939 exactus
1504 1902 1618 1940 semel

90 1960 351 2005 cacodaemon,
379 1961 543 1999 collectis
572 1975 695 1999 secum
722 1961 805 2000 aliis
832 1962 951 2000 multo
981 1963 1292 2010 sceleratioribus,
1318 1964 1358 2002 in
1388 1964 1539 2002 domum
1559 1979 1615 2003 re-

89 2029 286 2076 purgatam
320 2026 530 2070 revertitur,
563 2026 594 2064 si
631 2039 786 2064 vacuam
822 2027 958 2073 videat,
993 2032 1030 2066 et
1063 2029 1155 2066 fiant
1194 2029 1402 2080 posteriora
1428 2029 1616 2081 prioribus

90 2089 209 2126 multo
245 2089 439 2129 deteriora.
495 2090 623 2128 Quare
658 2091 697 2128 id
734 2091 885 2142 quidem
920 2092 1026 2130 vobis
1063 2093 1328 2143 praestandum
1367 2098 1423 2132 est
1450 2094 1618 2142 omnino,

91 2154 161 2191 sub
189 2154 290 2192 hisce
316 2154 388 2192 iam
417 2155 633 2206 praesertim
661 2156 769 2205 regni
796 2155 881 2193 istic
910 2156 1049 2194 Christi
1076 2157 1115 2195 in
1145 2157 1314 2196 doctrina
1341 2158 1458 2209 ipsius
1484 2159 1616 2205 initiis,

90 2222 132 2255 ut
159 2218 372 2270 Papismum
399 2219 612 2258 universum
642 2234 662 2258 a
690 2220 797 2258 vobis
825 2223 909 2269 (93)
936 2222 1153 2273 propellatis
1170 2243 1220 2250 —
1239 2223 1342 2260 nulla
1363 2228 1419 2261 est
1437 2223 1535 2262 enim
1556 2237 1616 2262 so-

92 2284 204 2321 cietas
233 2284 383 2322 Christo
414 2297 496 2322 cum
526 2285 761 2323 Antichristo
788 2308 840 2316 ——
868 2286 898 2324 si
925 2290 1129 2325 extremam
1149 2301 1169 2325 a
1189 2287 1296 2326 vohis
1317 2289 1562 2327 calamitatem
1582 2294 1618 2328 et

92 2360 112 2384 a
146 2347 266 2397 patria
301 2352 381 2385 tota
418 2347 598 2399 depellere
633 2349 768 2388 velitis.
824 2350 896 2388 Sed
934 2351 1023 2388 satis
1058 2364 1135 2389 non
1174 2352 1220 2389 sit
1257 2353 1376 2399 vobis,
1403 2353 1618 2405 Papismum

90 2413 318 2464 propulisse;
356 2414 443 2451 satis
482 2427 559 2452 non
595 2415 654 2461 sit,
689 2415 854 2466 inquam,
882 2416 1034 2453 domum
1060 2429 1300 2468 repurgasse3
1323 2431 1451 2457 verum
1479 2419 1518 2457 in
1547 2420 1619 2457 hoc

92 2477 299 2515 incumbite
335 2478 460 2522 etiam,
497 2491 542 2516 ne
569 2478 685 2524 illam,
718 2480 785 2517 ubi
821 2484 1019 2531 repurgata
1055 2481 1180 2527 fuerit,
1207 2495 1362 2521 vacuam
1388 2483 1620 2535 relinquatis,

92 2541 165 2579 hoc
192 2547 258 2589 est,
286 2556 332 2580 ne
359 2547 443 2594 post
471 2543 653 2581 abiectam
688 2544 851 2596 Papismi
882 2544 1182 2596 superstitionem
1209 2546 1462 2587 idololatriam
1489 2562 1532 2587 ac
1559 2555 1619 2599 ty-

91 2605 287 2643 rannidem
312 2605 353 2644 in
372 2606 602 2644 restituendo
622 2607 792 2658 protinus
814 2620 898 2645 vero
918 2621 1067 2646 rursum
1086 2622 1129 2647 ac
1147 2623 1241 2661 puro
1259 2611 1414 2650 omnino
1437 2613 1538 2650 cultu
1549 2612 1620 2650 Dei

92 2669 242 2719 publico
279 2670 385 2708 iuxta
413 2670 625 2709 doctrinam
652 2678 763 2722 atque
790 2672 1090 2711 observationem
1118 2675 1376 2725 Apostolicam
1403 2676 1620 2714 instauran-

94 2733 216 2784 doque
234 2734 402 2783 legitimo
424 2735 676 2774 Ecclesiarum
698 2735 940 2785 [ministerio]
953 2736 1132 2788 inprimis
1144 2739 1376 2789 negligentes
1388 2741 1481 2779 sitis.
1507 2740 1620 2778 Hanc

92 2798 191 2836 enim
228 2799 360 2837 domus
397 2813 483 2838 suae
520 2800 728 2838 custodiam
763 2800 950 2839 Dominus
976 2802 1130 2853 ipsemet
1158 2805 1365 2852 constituit,
1392 2818 1486 2856 quae
1509 2818 1619 2844 exac-

93 2868 170 2902 tum
208 2863 319 2902 semel
357 2865 666 2903 cacodaemonem
700 2878 719 2902 a
757 2864 877 2904 reditu
914 2865 1086 2920 deinceps
1115 2872 1249 2914 arceat,
1277 2874 1313 2908 et
1341 2869 1489 2907 demum
1516 2870 1620 2912 illam
