1818 3178
183 127 286 156 CVIII
817 125 1058 154 PRAEFATIO.

181 232 294 274 simis
326 229 631 286 exemplaribus
659 229 785 271 Lasci
815 230 856 270 in
889 229 1007 284 ligno
1038 230 1258 286 exsculpta
1290 231 1461 287 effigies,
1494 246 1600 286 quae
1628 240 1689 276 ta-

180 319 272 345 men
304 303 486 358 gratuito
518 305 648 357 magis
668 316 691 341 a
712 299 1017 356 possessoribus
1039 301 1227 356 praefixa
1248 317 1336 344 esse
1359 301 1537 355 videtur,
1562 319 1687 359 quam

179 374 229 416 de
259 374 462 416 industria
491 372 658 414 editioni
688 371 970 414 accomodata.
1003 371 1130 414 Unde
1162 373 1383 430 desumpta
1416 374 1481 425 sit,
1516 390 1691 431 prorsus

177 445 313 486 nescio
345 450 384 485 et
415 443 592 485 multum
621 442 760 486 differt
792 458 815 485 a
845 443 1018 499 reliquis
1049 443 1187 494 Lasci‚
1218 460 1326 500 quae
1357 445 1567 498 feruntur,
1589 447 1686 491 ima·

176 515 358 572 ginibus:
403 514 574 570 pictoris
619 530 786 571 quoque
831 514 949 557 nulla
994 514 1148 558 indicia
1183 517 1273 571 ipsa,
1318 516 1460 560 tabula
1507 519 1686 565 exhibet.

176 587 356 643 Repperi
397 601 486 627 eam
534 586 576 628 in
624 602 673 628 eo
703 586 945 642 exemplari,
980 586 1090 642 quod
1121 586 1198 629 sub
1229 587 1347 630 hasta
1379 590 1490 631 venit
1519 591 1560 633 in
1592 607 1689 635 auc-

175 659 283 699 tione
313 655 592 698 Bibliothecae
622 657 882 700 Vriesianae.
900 684 952 690 -—
986 656 1286 700 oeconomiam
1305 674 1433 715 porro
1457 660 1552 704 libri
1568 663 1687 707 nobis

175 727 339 784 expedit
368 736 408 770 et
434 743 597 770 errores
615 729 950 786 typographiCOS,
971 729 1120 785 quibus
1137 730 1259 772 editio
1279 739 1418 784 scatet,
1441 733 1529 790 ipse
1548 742 1689 778 noster

174 798 231 839 sic
262 804 454 840 excusat:
499 822 519 847 ῃ
537 797 586 840 In
619 799 834 842 itineribus
865 800 981 849 meis,
1013 800 1086 842 ubi
1118 801 1324 857 Angliam
1355 803 1684 861 reliquissemus,

176 893 196 917 u
222 868 363 911 multis
403 868 504 911 locis
546 871 789 927 recognitus
828 878 889 912 est
929 877 1054 927 atque
1100 872 1141 914 in
1186 874 1435 917 concionum
1467 884 1688 932 praeterea

176 961 195 983 n
221 940 481 996 argumentis
511 940 946 998 admonitionibusque
978 943 1277 986 Ecclesiasticis
1310 960 1465 1003 magna
1496 963 1547 990 ex
1567 957 1686 1005 parte

175 1033 195 1058 η
221 1017 377 1061 anctus,
424 1026 529 1067 quae
576 1028 641 1054 res
679 1013 928 1069 paginarum
978 1030 1145 1070 quoque
1175 1015 1365 1059 ordinem
1396 1017 1437 1060 in
1470 1019 1559 1075 ipsa
1588 1020 1684 1064 libri

173 1103 195 1126 u
220 1081 422 1123 aeditione
453 1083 642 1125 nonnihil
673 1084 978 1128 interturbavit.
1015 1086 1177 1129 Deinde
1209 1088 1342 1144 ipsam
1365 1105 1534 1146 quoque
1556 1091 1686 1136 libelli

175 1174 195 1199 η
220 1153 464 1195 aeditionem
512 1155 773 1210 perturbavit
812 1156 1093 1213 inexspectata
1125 1174 1217 1202 mea
1248 1175 1269 1201 e
1300 1160 1339 1203 F
1343 1161 1442 1204 risia
1474 1163 1685 1220 migratio.

176 1247 196 1271 ῃ
225 1224 316 1266 Illic
356 1225 466 1266 enim
501 1235 668 1281 coeptus
699 1227 859 1275 excudi,
892 1228 958 1269 hic
991 1229 1225 1286 (Francof.)
1261 1247 1373 1273 nunc
1407 1233 1587 1289 primum
1623 1242 1685 1277 est

175 1319 195 1344 η
220 1296 446 1340 absolutus.
500 1298 626 1340 Unde
658 1300 810 1341 nemini
841 1301 995 1343 mirum
1031 1302 1164 1343 videri
1196 1302 1328 1355 debet,
1361 1306 1395 1347 si
1428 1306 1491 1348 vel
1523 1314 1686 1363 pertur-

176 1390 196 1415 ,Ι
221 1367 313 1409 bate
344 1368 499 1424 aliquid
531 1370 745 1425 scriptum,
779 1371 842 1412 vel
875 1372 1003 1414 semel
1035 1380 1160 1429 atque
1193 1374 1344 1417 iterum
1368 1378 1594 1432 repetitum
1616 1378 1682 1421 vel

175 1462 196 1486 ῃ
221 1438 371 1480 alieubi
410 1441 532 1481 etiam
576 1441 618 1482 in
665 1441 920 1485 observando
966 1445 1216 1501 paginarum
1262 1447 1407 1489 ordine
1438 1448 1678 1492 aberratum

169 1531 190 1557 η
215 1510 450 1552 occurrat.'⁹
485 1514 515 1566 ¹)
578 1512 703 1554 Unde
735 1520 846 1556 certe
876 1514 1075 1558 docemur
1108 1516 1262 1560 librum
1295 1519 1572 1563 Francofurti
1603 1521 1682 1564 sub

166 1583 287 1623 finem
321 1597 356 1623 a.
392 1584 499 1623 1555
533 1583 688 1626 editum
721 1601 819 1638 esse,
854 1588 1045 1642 quamvis
1077 1589 1244 1631 nullum
1277 1592 1530 1648 typographi
1550 1592 1683 1636 locive

167 1651 360 1693 indicium
395 1653 435 1694 in
468 1654 586 1696 titulo
618 1665 795 1710 promat.
829 1658 1057 1715 Exemplar
1088 1660 1176 1702 eius
1208 1670 1392 1704 asservat
1421 1663 1681 1708 Bibliotheca

168 1722 408 1775 Bodleiana‚
450 1739 555 1779 quae
603 1725 794 1769 Oxoniae
834 1737 906 1771 est.
967 1729 1017 1772 In
1066 1732 1204 1787 prima
1247 1732 1426 1776 editione
1468 1735 1537 1777 hic
1577 1735 1682 1778 liber

169 1793 347 1836 substitit
379 1797 426 1849 2).

230 1866 370 1907 Exstat
414 1866 536 1908 huius
579 1867 797 1925 Liturgiae
836 1873 969 1914 versio
1011 1874 1192 1927 Gallica,
1227 1892 1332 1933 quae
1365 1893 1401 1920 a.
1438 1880 1547 1922 1556
1579 1881 1680 1923 exiit

170 1936 245 1978 sub
276 1937 353 1978 hoc
382 1937 524 1979 titulo:

233 2008 349 2049 Tame
386 2010 427 2049 la
465 2011 604 2064 forme
640 2015 678 2051 et
723 2014 897 2056 mamere
941 2018 993 2057 alu
1033 2018 1251 2061 Ministere
1283 2021 1603 2077 Ecclesiastique
1635 2040 1681 2065 en

171 2080 340 2132 l’Lffqlz'se
371 2081 436 2121 des
467 2087 704 2135 esbranqers,
737 2085 887 2127 dresse'e
917 2086 942 2128 ὰ
972 2088 1145 2131 Londres
1177 2106 1223 2132 en
1257 2094 1510 2146 Anqleterre,
1539 2110 1618 2146 par
1650 2096 1686 2136 le

165 2152 306 2203 prime
351 2154 536 2206 treffidele
577 2155 629 2195 du
668 2155 729 2196 dit
761 2172 879 2212 pays,
913 2159 949 2200 le
981 2161 1066 2217 Boy
1106 2163 1296 2206 Edouard
1333 2165 1397 2206 ΓΙ
1421 2167 1468 2207 de
1499 2181 1540 2206 ce
1569 2181 1684 2208 nom:

179 2221 274 2262 L'an
305 2237 421 2274 apres
451 2223 738 2267 l’inearnacion
770 2230 817 2269 de
852 2231 984 2272 Christ
1017 2233 1140 2283 1550,
1175 2250 1267 2277 avec
1297 2237 1334 2277 Ze
1358 2237 1553 2290 privileff
1572 2239 1619 2278 de
1641 2254 1684 2278 sa

173 2293 352 2334 maie-stae
383 2294 404 2333 ὃ(
439 2296 480 2335 la
499 2298 564 2350 fin
596 2299 647 2337 clu
682 2298 791 2340 livre.
825 2302 911 2342 Par
943 2303 1042 2345 Iean
1063 2305 1087 2346 ὰ
1110 2307 1254 2358 Lusco,
1279 2309 1417 2349 Baron
1440 2310 1486 2349 de
1503 2310 1681 2351 polonie.

177 2365 347 2405 Traduit
377 2367 422 2406 de
456 2367 574 2408 Latin
606 2384 653 2409 en
685 2370 891 2422 Franeois,
923 2380 961 2416 et
991 2377 1175 2430 imprime
1194 2396 1279 2437 par
1314 2381 1425 2422 Giles
1445 2380 1679 2430 Ctematias,

172 2436 296 2478 1556.
336 2438 416 2482 Que
448 2443 577 2480 tontes
607 2443 734 2483 choses
764 2459 803 2484 se
825 2447 997 2499 fussent
1028 2452 1293 2493 lconestement
1324 2458 1363 2494 el
1388 2469 1469 2506 par
1498 2456 1614 2496 ordre
1636 2469 1681 2495 en

170 2506 355 2559 Z'Efflise.
394 2510 413 2549 1
450 2507 641 2554 Corinth.
675 2512 741 2554 34.
775 2516 806 2569 ⁸)
840 2517 898 2560 80.
932 2516 1031 2560 Sine
1064 2520 1166 2564 loco.
1232 2523 1437 2581 [Emdae.]

212 2706 236 2743 ¹)
260 2706 285 2736 1.
309 2705 326 2736 ii
349 2706 468 2745 lusco,
496 2711 606 2748 Opera,
630 2711 698 2743 vol.
722 2713 763 2744 11.
788 2725 818 2754 p.
842 2718 890 2747 2⁵5.

210 2759 236 2797 ²)
260 2760 387 2801 Respici
410 2761 462 2792 hic
487 2762 612 2795 libellus
637 2765 762 2798 videtur
785 2769 964 2810 (ΞΑΒΒΕΜΑ,
989 2774 1044 2815 El).
1068 2777 1146 2809 clar.
1170 2778 1226 2809 vir.
1251 2789 1281 2820 p.
1306 2780 1392 2812 123:
1427 2780 1577 2812 Libellum
1600 2784 1684 2812 tuum

167 2814 264 2854 leyam
288 2815 455 2856 diliqenter
478 2820 536 2849 cet.
561 2821 590 2849 et
616 2820 765 2858 Fui-ssia,
790 2834 818 2854 0.
842 2825 861 2855 l.
885 2837 915 2867 p.
939 2827 1016 2860 287:
1043 2830 1218 2863 Postremus
1239 2836 1274 2864 ut
1297 2835 1442 2874 approbet
1465 2839 1523 2867 cet.

211 2870 237 2910 ³)
262 2870 309 2902 (Is.
334 2871 561 2904 Soumfnnm
588 2874 695 2914 Βυκκ,
720 2877 805 2912 Ilisl.
828 2881 869 2918 os
885 2881 935 2912 the
960 2883 1044 2916 Prot.
1068 2888 1208 2929 refuyees
1232 2887 1264 2919 in
1290 2889 1390 2932 Enql„
1414 2901 1445 2934 p.
1470 2891 1539 2927 18ῖ.
