1818 3178
157 157 229 193 100
684 156 871 185 EPISTOLA
902 156 952 181 An
981 150 1133 180 REGEM.

159 266 227 301 bus
255 265 376 301 futura
404 261 593 299 aestimare
621 258 713 295 solet
740 256 875 298 onmia,
902 258 937 291 et
966 254 1011 291 iis
1037 251 1272 304 potissimum
1299 251 1479 294 movetur,
1505 260 1599 298 quae
1624 247 1664 284 in

159 329 284 365 oculos
312 337 482 364 sensusve
509 323 599 359 alios
628 325 775 358 nostros
803 320 1008 356 incurrunt.
1054 317 1106 353 At
1132 327 1218 352 vero
1248 314 1279 351 si
1306 326 1326 350 a
1353 316 1482 350 nostra
1509 310 1666 348 rationis

159 394 294 430 iudicio
340 391 384 427 ad
431 387 611 425 ineffabile
656 385 813 421 Divinae
850 384 918 420 hac
954 383 990 419 in
1029 384 1132 431 parte
1167 377 1424 429 providentiae
1471 376 1667 414 consilium

160 459 356 506 (quatenus
403 452 510 489 nobis
547 449 694 500 quidem
732 447 842 484 verbo
881 459 945 482 suo
984 445 1120 481 Divino
1156 443 1383 493 patefactum
1423 442 1496 488 est)
1539 440 1669 477 oeulos

161 519 289 556 mentis
317 520 462 553 nostrae
498 517 772 550 convertamus:
801 510 1065 547 admirabimur
1095 520 1181 544 sanc
1208 507 1425 543 immensam
1453 504 1583 542 Divini
1610 503 1671 540 hic

160 581 302 620 consilii
332 578 559 630 sapientiam,
588 577 651 614 sed
677 576 928 623 intelligemus
957 574 1080 617 ctiam,
1107 572 1144 608 id
1172 574 1293 608 totum
1321 583 1398 608 non
1426 569 1499 607 alio
1529 573 1671 620 specta-

161 661 209 687 re,
246 659 353 695 quam
391 644 436 680 ad
474 642 678 679 ornandam
715 640 1048 688 illustrandamque
1075 637 1114 674 in
1143 637 1246 673 coelo
1276 635 1413 686 pariter
1440 647 1483 671 ac
1509 634 1549 672 in
1575 638 1673 671 terra

159 710 313 759 gloriam
351 707 595 744 immortalem
622 706 755 742 summi
783 708 891 754 atque
918 702 1058 740 aeterni
1088 701 1169 746 Dei,
1197 713 1329 751 nempe
1355 704 1396 737 ut
1423 703 1527 737 tanto
1555 699 1675 747 magis

162 774 207 810 sit
237 771 387 809 celebris
415 784 456 807 ac
484 769 681 819 conspicua
710 770 790 805 laus
817 772 853 804 et
879 767 997 815 gloria
1026 765 1095 802 filii
1122 764 1192 802 Dei
1219 764 1259 801 in
1289 777 1398 801 carne
1425 767 1566 807 nostra,
1592 766 1677 813 post

162 835 343 871 devictum
379 833 543 882 adeoque
579 836 614 868 et
652 830 910 867 conculcatum
937 829 975 865 in
1004 832 1132 865 nostra
1158 826 1376 864 infirmitate
1403 825 1601 876 superbum
1628 825 1675 861 il-

162 901 236 936 lum
270 899 586 948 praefractumque
621 896 720 932 illius
756 907 799 931 ac
835 897 1005 931 nostrum
1041 892 1079 929 in
1116 892 1181 928 illo
1211 890 1377 928 omnium
1404 889 1677 927 adversarium:

163 968 298 1014 quanto
335 962 472 999 maiore
509 974 607 999 nunc
634 960 696 996 ille
724 959 770 1004 vi,
799 961 933 996 conatu
960 971 1003 994 ac
1030 956 1228 1006 tyrannide
1256 955 1396 993 Christi
1421 954 1576 992 Domini
1605 954 1679 990 cal-

163 1040 312 1064 caneum
355 1027 394 1062 in
440 1025 614 1062 membris
659 1023 826 1060 doctrina
873 1035 916 1058 ac
965 1020 1267 1058 institutionibus
1310 1019 1426 1070 ipsius
1463 1018 1682 1056 conculcare

163 1084 315 1128 videtur.
345 1090 542 1126 Enimvero
571 1089 686 1125 oeulis
714 1086 785 1137 ipsi
812 1086 950 1123 nostris
978 1086 1051 1122 iam
1080 1085 1264 1122 cernimus
1290 1084 1471 1134 plurimos
1498 1086 1533 1121 et
1560 1082 1680 1120 maxi-

164 1168 242 1191 mos
280 1155 435 1191 Satanae
469 1157 621 1190 conatus
659 1151 796 1188 Divino
839 1149 1018 1188 beneficio
1055 1152 1153 1186 retro
1189 1149 1278 1195 labi,
1315 1160 1357 1185 ac
1384 1160 1489 1185 ruere
1516 1146 1683 1190 omnino,

166 1223 272 1269 atque
309 1219 397 1256 adeo
434 1208 558 1255 cedere
585 1216 706 1261 etiam,
733 1215 936 1266 quamlibet
963 1215 1187 1252 reclamante
1214 1226 1258 1250 ac
1284 1214 1429 1250 furente
1456 1211 1609 1257 mundo,
1635 1210 1681 1248 ad

165 1283 321 1331 gloriam
348 1281 416 1318 filii
443 1281 525 1325 Dei,
553 1285 587 1318 et
613 1279 868 1317 incredibilem
889 1279 1037 1329 piorum
1056 1278 1221 1315 omnium
1241 1275 1682 1325 con-(†32)s01ationem.

170 1346 272 1382 Quot
307 1345 403 1382 enim
440 1344 598 1388 fraudes,
636 1347 725 1393 quot
761 1343 998 1393 imposturas,
1034 1345 1125 1392 quot
1153 1341 1259 1379 dolos
1286 1341 1416 1392 ipsius,
1443 1341 1483 1378 in
1511 1341 1682 1377 Romano

168 1410 308 1459 Papatu
336 1408 528 1445 statuendo
556 1407 755 1453 adhibitos,
781 1407 862 1444 luce
888 1407 961 1444 iam
991 1419 1034 1444 ac
1061 1405 1097 1443 vi
1126 1405 1316 1443 doctrinae
1343 1404 1593 1453 Euangelicae
1621 1403 1684 1441 de-

167 1478 283 1511 tectos
310 1474 375 1521 (sit
401 1472 478 1509 Deo
505 1473 641 1521 gratia)
666 1484 890 1522 prorsusque
919 1470 1103 1521 dispulsos
1123 1469 1317 1508 videmus?
1337 1482 1495 1520 quorum
1514 1468 1684 1519 equidem

168 1536 376 1587 profligatio
412 1549 600 1586 nunquam
635 1536 685 1572 ita
722 1535 878 1572 illustris
916 1534 1154 1585 speciosaque
1189 1534 1332 1579 fuisset,
1360 1533 1493 1570 sinon
1521 1532 1561 1570 in
1588 1536 1683 1569 terra

169 1602 268 1652 Papa
302 1601 380 1651 ipse
415 1601 605 1637 Romanus
631 1603 866 1650 praepostera
904 1612 969 1637 sua
1005 1599 1205 1637 autoritate
1232 1610 1275 1635 ac
1301 1597 1501 1648 tyrannide
1528 1597 1684 1646 (Satana

173 1663 414 1714 proculdubio
444 1665 588 1711 autore)
616 1663 803 1708 valuisset,
828 1667 870 1701 ut
896 1663 969 1700 iam
995 1662 1206 1712 tyrannidis
1240 1662 1344 1699 illam
1370 1661 1687 1711 truculentiaeque

172 1727 369 1778 papisticae
413 1727 719 1775 magnitudinem,
761 1727 807 1764 ad
853 1740 961 1777 quam
998 1727 1161 1764 mundus
1195 1725 1391 1764 universus
1425 1725 1687 1775 obstupescere

172 1791 280 1840 plane
324 1789 528 1836 videbatur,
570 1803 644 1827 non
690 1791 760 1828 alio
798 1804 922 1828 revera
959 1794 1142 1841 spectasse
1179 1789 1461 1841 comperiamus,
1498 1801 1609 1840 quam
1645 1792 1688 1826 ut

176 1855 313 1892 Christi
350 1855 488 1892 domini
525 1855 695 1892 adversus
723 1856 844 1905 ipsum
879 1855 918 1892 111
946 1859 1074 1893 nostra
1101 1854 1318 1893 infirmitate
1345 1853 1502 1892 victoria
1527 1853 1688 1890 maxime

173 1919 328 1956 illustris
362 1932 405 1955 ac
441 1919 637 1969 conspicua
674 1924 779 1957 esset.
835 1919 1020 1957 Mirentur
1053 1919 1118 1970 qui
1154 1919 1280 1957 volent
1313 1917 1429 1967 igitur
1465 1924 1614 1955 satanae
1648 1916 1688 1954 111

175 1983 313 2020 mundo
350 1983 419 2020 11οο
453 1983 668 2033 potentiam.
710 1974 803 2021 'Nos
840 1984 925 2021 dum
959 1997 1156 2035 prosperos
1184 1983 1299 2030 illius,
1325 1983 1448 2021 eiusve
1476 1981 1689 2028 satellitum,

177 2060 364 2084 successus
399 2047 598 2092 intuemur,
635 2052 837 2086 statuamus
872 2049 1030 2096 gloriam
1066 2048 1134 2086 filii
1169 2048 1240 2086 Dei
1266 2048 1339 2086 hoc
1371 2059 1536 2099 poscere,
1561 2050 1603 2085 ut
1629 2058 1688 2084 res

176 2119 303 2144 eorum
347 2107 587 2158 aliquousque
623 2107 662 2145 in
697 2108 812 2145 altum
849 2109 1055 2155 efferantur,
1092 2122 1165 2160 quo
1192 2110 1299 2160 lapsu
1336 2109 1484 2147 demum
1519 2107 1690 2157 graviore

177 2176 299 2217 ruant,
332 2171 531 2222 ruinaeque
567 2172 612 2209 ad
649 2177 850 2210 extremum
885 2173 1144 2223 magnitudine
1183 2173 1322 2211 Christi
1349 2172 1504 2211 Domini
1530 2184 1594 2224 per
1622 2184 1691 2210 nos

178 2234 218 2271 111
254 2235 365 2272 verbo
414 2249 480 2272 suo
513 2236 706 2274 victoriam
743 2237 920 2275 celebrem
958 2238 1196 2289 conspicuam
1235 2230 1353 2289 'atque
1387 2238 1572 2276 illustrem
1606 2236 1691 2275 red-

181 2299 282 2337 dant.
335 2300 405 2336 Sed
442 2304 476 2337 et
512 2301 551 2338 in
586 2315 625 2339 re
662 2302 954 2340 Sacramentaria
988 2303 1147 2354 insigne,
1173 2307 1215 2342 ut
1243 2317 1427 2354 nusquam
1453 2302 1558 2348 alibi,
1585 2314 1692 2353 pror·

182 2376 314 2412 susque
349 2364 585 2402 memorabile
620 2365 784 2415 01113101
821 2368 1026 2418 exemplmn
1061 2369 1253 2406 habemus.
1307 2367 1411 2406 Quid
1438 2369 1478 2416 (†
1506 2367 1566 2415 3¹³)
1593 2366 1693 2404 enim

183 2439 259 2463 non
286 2428 440 2464 tentavit
469 2429 592 2474 Satan,
618 2434 658 2466 ut
686 2443 808 2467 veram
835 2444 877 2468 ac
906 2432 1102 2470 salutarem
1130 2432 1175 2470 de
1203 2431 1452 2470 Sacramentis
1471 2431 1695 2477 doctrinam,

182 2501 379 2537 verumque
414 2502 456 2525 ac
490 2490 698 2539 legitimum
732 2492 881 2530 illorum
917 2506 1026 2531 usum
1062 2494 1301 2541 adulteraret,
1326 2499 1438 2545 atque
1463 2493 1516 2532 ita
1546 2493 1693 2531 demum

183 2551 291 2588 etiam
329 2552 516 2589 aboleret?
571 2554 720 2593 Quanta
751 2555 809 2593 hic
836 2556 1024 2607 hypocrisi
1049 2557 1172 2604 initio,
1199 2562 1338 2610 quanta
1365 2559 1453 2596 item
1480 2561 1606 2609 postea
1633 2561 1694 2608 ty-

183 2614 338 2652 rannide
365 2628 407 2652 ac
435 2616 653 2654 truculentia
680 2632 756 2656 rem
783 2620 885 2669 egit?
938 2621 999 2667 Et,
1025 2625 1067 2660 ut
1094 2623 1164 2660 alia
1192 2635 1294 2661 nunc
1322 2626 1552 2661 sacramenta
1583 2622 1695 2659 omit·

182 2683 257 2715 tam
286 2679 456 2727 (longum
486 2684 580 2718 esset
606 2682 704 2719 enim
733 2684 855 2722 omnia
882 2688 1101 2734 recensere),
1127 2687 1167 2725 in
1194 2688 1330 2738 quibus
1357 2688 1420 2726 ille
1447 2687 1587 2738 alioqui
1615 2697 1695 2724 om·

186 2743 294 2780 nibus
331 2742 424 2780 nihil
461 2744 611 2781 omnino
648 2748 902 2795 praetermisit,
937 2750 1038 2800 quod
1066 2751 1112 2788 ad
1141 2764 1268 2788 eorum
1295 2751 1592 2802 profanationem
1617 2750 1695 2787 ullo

184 2819 333 2856 prorsus
362 2806 470 2844 modo
499 2808 745 2858 pertinuisset,
770 2834 819 2840 —
846 2819 1026 2863 quantum
1048 2815 1201 2853 obsecro
1221 2820 1256 2854 et
1274 2815 1381 2866 quale
1399 2819 1607 2854 monstrum
1627 2815 1695 2852 sub

183 2870 322 2921 Papatu
374 2884 439 2908 suo
487 2878 713 2912 commentus
748 2881 802 2913 cst
838 2877 876 2914 in
912 2891 1045 2916 coenae
1091 2879 1310 2918 Dominicae
1343 2881 1478 2932 poculo
1519 2885 1555 2918 et
1590 2890 1698 2932 pane,
