1818 3178
658 124 773 152 punc.
804 122 894 151 mx.
924 122 1118 152 PRANCOF.
1575 113 1646 151 251

126 225 336 276 gratiam
372 224 498 271 dari,
544 225 624 263 sed
664 226 881 264 homines
916 225 1078 264 iustos
1115 238 1222 263 esse
1248 224 1402 273 fingit
1448 227 1650 275 propter

125 304 256 329 usum
293 294 709 328 sacramentorum
744 304 799 329 ex
825 303 972 342 opere
999 294 1224 341 operato·
1249 288 1518 341 etquidem
1546 288 1651 327 sine

129 355 250 394 bono
285 358 412 392 motu
445 347 705 393 utentium.

179 419 285 457 Haec
318 418 370 456 ita
406 418 446 455 in
483 419 728 456 Confessione
765 419 926 468 August.
956 417 1151 463 habentur,
1178 430 1296 468 neque
1323 418 1523 469 quicquam
1549 416 1652 455 aliud

127 484 297 527 habetur,
330 483 370 520 in
407 488 536 520 nostro
574 483 793 534 praesertim
828 483 1063 532 argumento,
1099 482 1198 533 quod
1235 482 1308 520 iam
1348 483 1469 521 citatis
1505 482 1652 520 duobus

127 548 310 586 Articulis
345 561 423 586 non
460 549 710 588 contineatur.
763 548 820 586 De
844 548 1033 599 Apologia
1060 548 1319 586 Confessionis
1347 547 1439 586 nibil
1469 561 1569 586 nunc
1595 548 1652 585 lo-

127 611 287 663 quimur.
342 612 455 650 Hanc
490 613 590 650 enim
626 626 646 650 a
675 612 920 651 Confessione
945 612 1026 663 ipsa
1053 612 1312 657 discernimus,
1339 613 1652 663 quemadmodum

126 681 256 727 postea
290 676 456 722 dicetur,
490 677 636 715 etiamsi
672 689 791 727 neque
826 676 1052 727 Apologiam
1087 676 1207 726 ipsam
1243 676 1353 714 nobis
1381 677 1519 728 opponi
1545 690 1654 728 posse

126 741 378 786 ostendemus,
415 741 488 779 nisi
523 741 651 779 eadem
688 741 800 778 simul
825 741 913 789 (17)
941 753 1053 791 opera
1079 739 1152 790 ipsi
1178 740 1291 778 etiam
1316 741 1555 779 confessioni
1583 755 1652 793 op·

123 809 295 856 ponatur.

180 870 292 909 Quod
337 871 453 919 igitur
498 871 545 908 ad
591 871 750 919 August.
786 869 907 921 ipsam
944 869 1229 907 Confessionem
1263 869 1409 915 attinet,
1443 874 1507 908 aut
1543 870 1653 909 nobis

125 934 325 985 praedictis
353 934 453 972 hisce
480 934 573 972 locis
601 933 930 971 commonstranda
967 937 1066 979 sunt,
1093 946 1187 983 quae
1215 946 1297 970 cum
1326 938 1454 970 nostra
1483 933 1653 972 doctrina

125 1002 294 1050 pugnent
330 998 531 1049 (siquidem
559 998 606 1036 ab
634 998 699 1035 illa
726 1010 811 1035 vere
838 997 1112 1045 dissentimus),
1148 1000 1224 1042 aut,
1260 997 1291 1035 si
1318 997 1413 1034 nihil
1441 997 1654 1036 istiusmodi

126 1077 245 1114 neque
280 1063 481 1114 praedictis
516 1063 623 1108 locis,
651 1076 772 1113 neque
800 1075 959 1113 usquam
985 1062 1077 1100 alibi
1103 1062 1143 1099 in
1169 1066 1248 1100 tota
1280 1062 1524 1100 Confessione
1551 1076 1654 1100 com-

127 1129 329 1166 monstrari
365 1132 487 1179 queat,
522 1127 839 1179 quemadmodum
866 1140 987 1177 neque
1014 1127 1191 1164 hactenus
1219 1126 1354 1177 potuit,
1390 1140 1506 1177 neque
1533 1127 1655 1165 adhuc

124 1206 189 1244 per
223 1192 293 1229 Dei
319 1192 479 1241 gratiam
516 1191 653 1243 poterit
681 1191 978 1235 commonstrari,
1005 1204 1062 1228 res
1088 1190 1169 1241 ipsa
1195 1191 1381 1240 loquetur,
1413 1191 1559 1228 etiamsi
1585 1203 1655 1228 nos

125 1263 326 1302 taceamus,
361 1257 585 1295 vanissimos
620 1270 700 1295 esse
732 1270 860 1294 eorum
897 1256 1066 1293 omnium
1103 1256 1294 1301 clamores,
1326 1256 1402 1306 qui,
1439 1269 1520 1294 cum
1549 1257 1656 1294 aliter

125 1326 256 1360 nostra
290 1322 451 1360 refutare
487 1335 563 1359 non
598 1321 757 1372 possint,
791 1322 839 1358 ab
875 1322 1036 1371 August.
1072 1334 1142 1359 nos
1179 1322 1425 1359 Confessione
1462 1322 1656 1360 dissentire

125 1388 390 1426 vociferantur.
437 1387 528 1425 Non
555 1386 655 1438 quod
681 1387 754 1437 ipsi
781 1386 884 1424 illam
910 1386 1008 1424 tanti
1038 1388 1067 1433 ¹)
1104 1386 1230 1423 eiusve
1265 1389 1412 1424 autores
1438 1386 1655 1438 praecipuos

124 1452 264 1490 faciant
297 1473 348 1481 —
374 1465 460 1489 nam
496 1452 652 1502 ipsemet
700 1464 797 1488 nova
842 1450 1022 1501 quaedam
1060 1450 1236 1499 dogmata
1272 1451 1420 1499 fingunt
1458 1464 1542 1488 cum
1576 1451 1655 1501 ipsa

126 1517 371 1555 Confessione
406 1515 628 1567 pugnantia,
665 1515 703 1554 id
740 1515 840 1567 quod
876 1519 1004 1566 postea
1042 1515 1300 1558 ostendemus,
1328 1520 1363 1552 et
1391 1515 1537 1565 quotics
1565 1515 1655 1566 ipsis

123 1582 285 1620 lubitum
306 1582 337 1630 2)
366 1585 434 1627 est,
460 1581 562 1619 illius
590 1583 737 1618 autores
767 1579 912 1618 fortiter
933 1578 1315 1617 contemnunt—sed
1334 1578 1447 1629 quod,
1468 1578 1555 1616 dum
1575 1592 1656 1616 om-

126 1661 203 1691 nes,
238 1646 304 1697 qui
330 1648 415 1694 (18)
450 1659 533 1683 cum
571 1648 670 1694 Aug.
710 1645 954 1682 Confessione
992 1657 1069 1682 non
1097 1644 1253 1689 faciunt,
1281 1657 1302 1680 a
1330 1643 1477 1681 foedere
1503 1644 1657 1694 Imperii

123 1712 273 1750 excludi
306 1711 478 1754 audiunt,
513 1711 682 1748 lanienae
718 1723 787 1747 nos
823 1713 1070 1759 tyrannorum
1108 1708 1245 1760 exponi
1274 1708 1436 1759 cupiant,
1463 1711 1657 1758 praetextu

124 1778 203 1815 eius
239 1776 495 1821 dissensionis,
533 1775 638 1813 cuius
676 1775 829 1813 nomine
864 1787 933 1811 nos
969 1778 1159 1812 accusant.
1213 1775 1264 1810 At
1300 1786 1385 1810 vero
1422 1773 1576 1810 Domini
1603 1777 1658 1810 est

124 1846 222 1880 terra
257 1846 294 1881 et
320 1841 513 1893 plenitudo
541 1840 633 1885 eius,
669 1852 811 1890 nosque
839 1839 900 1876 hic
926 1839 1037 1876 nobis
1064 1837 1104 1875 in
1132 1841 1333 1889 conspectu
1361 1837 1408 1876 D.
1439 1837 1508 1875 Dei
1539 1838 1657 1876 nostri

126 1909 220 1946 bene
247 1907 400 1949 conscii,
426 1906 528 1943 illius
556 1904 782 1953 benignitati
809 1917 851 1941 ac
878 1903 1068 1954 potentiae
1095 1906 1223 1941 nostra
1250 1902 1375 1940 omnia
1398 1902 1658 1953 permittimus,

125 1973 228 2018 certi,
263 1985 309 2009 ne
346 1971 462 2022 pilum
501 1969 652 2020 quidem
688 1982 707 2006 e
744 1967 864 2019 capite
901 1971 1030 2005 nostro
1066 1980 1175 2018 posse
1212 1966 1371 2004 defluere
1411 1966 1491 2004 sine
1519 1966 1658 2017 optima

124 2037 267 2088 alioqui
294 2041 330 2074 et
357 2035 608 2086 omnipotenti
635 2033 748 2072 etiam
775 2033 891 2084 ipsius
922 2033 1113 2070 voluntate
1140 2032 1185 2080 ³).

178 2100 251 2138 Sed
277 2100 325 2137 ad
351 2113 442 2137 rem.
482 2098 676 2136 Quoniam
703 2096 949 2135 dissensionis
976 2096 1022 2134 ab
1051 2099 1211 2145 August.
1241 2096 1485 2133 Confessione
1505 2108 1657 2132 accusa-

125 2179 221 2210 mur,
256 2177 326 2203 nos
362 2164 410 2202 ad
445 2163 642 2214 ipsammet
681 2161 963 2200 Confessionem
990 2173 1249 2212 provocamus,
1276 2164 1311 2198 et
1336 2159 1530 2211 productis
1557 2159 1656 2197 illius

124 2229 294 2278 integris,
319 2240 395 2265 non
424 2231 547 2264 autem
576 2225 820 2269 detruncatis,
846 2224 1087 2268 testimoniis,
1114 2228 1282 2261 nostram
1308 2222 1564 2260 innocentiam
1591 2236 1656 2273 ap-

125 2294 340 2345 probamus.
376 2292 431 2329 Ut
459 2294 583 2329 autem
610 2290 757 2328 facilius
784 2289 944 2340 perspici
971 2288 1018 2326 ab
1048 2288 1222 2325 omnibus
1250 2287 1379 2336 possit.
1407 2300 1496 2325 num
1526 2289 1656 2336 Augu·

127 2362 256 2398 stanae
291 2356 540 2400 Confessioni,
576 2368 649 2406 qua
685 2357 790 2406 parte
827 2366 1058 2395 accusamur,
1086 2353 1145 2390 vel
1171 2352 1429 2394 assentiamur,
1457 2351 1514 2389 vel
1540 2353 1571 2398 ⁴)
1599 2364 1656 2388 re-

125 2435 346 2475 pugnemus,
380 2421 420 2459 in
456 2433 573 2472 pauca
608 2418 789 2470 quaedam
828 2418 949 2468 capita
977 2417 1055 2454 eius
1083 2416 1276 2454 doctrinae
1304 2429 1485 2453 summam
1512 2415 1656 2464 redige·

125 2501 222 2532 mus,
254 2500 348 2538 quae
384 2485 506 2523 citatis
539 2484 612 2521 iam
653 2483 745 2520 loeis
774 2482 1111 2529 eonti·(l9)netur.
1167 2479 1272 2518 Haec
1298 2479 1414 2529 igitur
1442 2479 1551 2518 nobis
1579 2479 1656 2516 illic

128 2550 313 2589 contineri
338 2550 380 2587 in
405 2547 536 2599 primis
565 2546 759 2584 videntur:

178 2616 210 2654 I.
242 2614 356 2653 Quod
383 2614 422 2651 in
452 2625 566 2650 coena
595 2610 748 2648 Domini
777 2623 860 2647 cum
888 2622 983 2659 panc
1009 2612 1044 2646 et
1073 2608 1159 2646 vino
1184 2607 1432 2645 exhibeantur
1460 2619 1592 2657 corpus
1620 2609 1657 2644 et

128 2679 282 2729 sanguis
311 2677 453 2716 Christi
480 2674 647 2719 Domini,
672 2674 786 2724 idque
814 2686 909 2717 vere,
937 2672 1104 2710 convivis
1131 2671 1260 2722 ipsius.

171 2822 196 2859 ⁴)
221 2821 299 2852 Cod.
322 2820 485 2851 Francof.:
510 2818 570 2859 ipra
592 2817 675 2849 tanti
698 2817 797 2848 illam.
924 2816 951 2854 ²)
976 2815 1038 2846 Ib.:
1062 2814 1192 2846 libitum.

171 2877 197 2918 ³)
221 2876 298 2910 Cod.
321 2876 469 2911 Francof.
492 2875 543 2906 hic
567 2884 632 2908 non
654 2873 776 2907 incidit.
918 2871 945 2913 ⁸)
969 2870 1036 2906 Cod
1059 2871 1205 2906 Francos.
1228 2869 1305 2917 legit
1326 2871 1382 2900 aut
1404 2878 1461 2916 pro
1485 2868 1541 2903 vel,
