1818 3178
181 150 251 183 388

183 256 313 294 stitnat
355 254 533 292 Ecclesiis
578 254 721 305 privata
765 255 965 293 autoritate
1000 268 1077 301 sua,
1118 256 1194 301 sed,
1231 257 1263 295 si
1298 258 1362 308 qui
1398 258 1437 294 in
1473 270 1547 295 una
1582 259 1707 309 aliqua

179 319 369 370 provincia
398 319 442 355 de
468 318 715 356 instauranda
742 319 922 368 religione
951 320 1203 365 consentiunt,
1229 321 1269 358 hi
1295 326 1336 359 ut
1363 335 1405 359 ea
1434 321 1478 359 de
1505 334 1544 359 re
1570 323 1707 359 unani-

178 382 287 419 miter
322 383 433 429 (109)
471 382 679 419 deliberent
720 387 756 420 et
793 383 1008 420 convocatis
1045 383 1121 420 suis
1162 385 1345 422 ministris
1371 385 1708 436 praestantioribus

178 447 393 497 parcissime
428 452 464 484 et
501 447 775 497 simplicissime
814 447 958 498 aliquid
985 448 1197 494 instituant,
1223 450 1405 500 tantisper
1432 449 1707 487 observandum

179 511 260 548 sine
287 511 372 548 ullis
401 511 619 561 cuiusquam
645 511 899 561 praeiudiciis,
925 511 1044 549 donec
1069 511 1220 562 publica
1240 514 1440 551 autoritate
1467 514 1582 551 totius
1602 514 1709 563 regni

180 580 278 612 certa
304 574 420 612 totius
446 573 645 612 ministerii
672 575 792 612 forma
821 575 1027 613 ordinetur.
1064 575 1125 613 Ad
1151 588 1232 613 eam
1258 589 1369 627 porro
1397 591 1475 615 rem
1503 589 1610 628 spero
1632 590 1708 615 non

180 639 260 676 fore
296 638 466 675 inutilem
503 638 670 676 libellum
706 642 889 684 nostrum,
934 651 1046 689 quem
1083 652 1162 676 eam
1199 640 1439 690 potissimum
1475 641 1524 679 ob
1561 654 1708 679 causam

180 703 319 753 Regiae
355 703 466 740 isthic
504 702 694 741 Maiestati
730 707 765 741 et
798 703 870 741 toti
902 697 1045 754 patriae
1072 703 1254 743 dedicavi.
1307 706 1365 742 Ac
1393 705 1708 755 quemadmodum

181 769 287 806 illum
324 781 411 805 snae
449 767 638 806 Maiestati
674 773 784 819 atque
810 769 900 805 item
926 769 1171 819 Amplissimo
1199 769 1316 819 ipsius
1345 770 1499 807 Senatui
1524 770 1623 815 misi,
1656 770 1709 807 ita

182 832 289 870 vobis
325 844 474 882 quoque
512 845 578 882 pro
606 845 687 870 mea
713 833 752 869 in
779 832 937 883 patriam
966 836 1133 870 nostram
1161 833 1233 870 fide
1260 836 1371 884 atque
1398 834 1637 871 observantia
1663 834 1710 871 li-

181 897 270 934 teris
307 896 408 933 hisce
443 896 535 934 meis
571 896 791 933 adiunctum
818 896 941 940 mitto,
968 900 1003 934 et
1030 909 1109 942 or0‚
1136 902 1178 934 ut
1206 909 1328 934 meum
1356 897 1427 934 hoc
1455 898 1711 948 qualecunque

184 961 356 1003 officium,
390 974 510 998 meam
544 961 635 998 item
670 961 767 998 hanc
793 961 890 1012 apud
919 974 984 998 vos
1010 961 1051 998 in
1079 961 1276 999 scribendo
1305 962 1526 1006 libertatem,
1552 975 1618 1012 pro
1648 975 1710 999 ve-

184 1030 259 1063 stra
298 1025 435 1075 pietate
471 1025 561 1063 boni
596 1029 707 1076 atque
742 1025 850 1076 aequi
885 1026 1078 1063 consulere
1114 1026 1248 1070 velitis,
1283 1026 1419 1077 quibus
1456 1026 1592 1077 pariter
1628 1039 1710 1064 om-

184 1088 296 1127 nibus
323 1101 366 1126 ac
394 1089 526 1140 cuique
553 1089 774 1138 singillatim
801 1103 860 1127 me
887 1090 1154 1128 officiosissime
1182 1090 1415 1129 commendo.

235 1153 460 1199 Francforti,
485 1154 616 1192 ultima
644 1153 822 1193 Decemb.
875 1157 989 1192 Anno
1018 1157 1128 1194 1555.

438 1293 561 1331 Vestri
588 1293 726 1344 pariter
753 1306 795 1331 ac
823 1293 1041 1343 singillatim
1069 1293 1237 1332 omnium
1265 1294 1463 1332 studiosis-

616 1357 744 1402 simus,

768 1421 931 1459 Ioannes
959 1421 981 1459 ἐι
1009 1421 1142 1461 Laseo.
1171 1424 1282 1470 (110)

344 2757 764 2809 [BASILEAJQ
809 2755 895 2792 EX
942 2754 1312 2792 OFFICINA
1356 2750 1562 2788 IOAN-

444 2823 501 2860 nis
531 2821 703 2872 Oporini,
729 2823 840 2859 Anno
871 2820 1010 2857 Salutis
1037 2819 1220 2858 humanae
1250 2815 1461 2855 M.D.LV1.

794 2884 923 2922 Mense
952 2883 1120 2930 Martia]
