1818 3178
730 165 970 196 PRAEFATIO.
1506 167 1618 198 XXIII

90 270 396 328 exemplarium
437 269 672 313 distributio
718 272 966 328 cumprimis
1010 273 1253 328 requiritur.
1315 273 1413 316 Hoc
1443 288 1614 330 quoque

91 343 260 385 nomine
289 347 431 384 autem
465 341 697 384 Gerdesius
728 342 962 385 incredibili
993 344 1255 400 negligentia
1286 343 1454 387 editoris
1474 354 1616 401 partes

89 414 347 466 sustinuisse,
381 413 477 456 luce
509 413 665 457 clarius
697 414 891 466 efficient,
923 430 1030 471 quae
1062 416 1323 472 paucissimis
1353 417 1420 459 hic
1451 417 1617 460 adiicie-

93 499 200 529 mus.
262 483 314 525 In
362 482 445 525 fine
477 484 567 525 eius
597 484 807 540 epistolae,
843 499 950 540 quae
982 492 1148 527 nostrae
1178 486 1273 527 edit.
1307 485 1464 542 legitur
1494 487 1616 529 Toni.

91 555 154 600 II.
187 570 227 611 p.
264 554 361 599 623.
395 555 473 599 ΝΟ.
507 555 576 608 56,
608 555 659 597 acl
691 556 957 598 Prasnicium
989 571 1113 598 suum
1146 557 1290 599 scribit
1320 557 1482 600 Lascus
1515 582 1537 607 η
1557 574 1621 601 re-

95 650 116 676 ῃ
135 642 334 684 sponsum
381 642 479 669 suae
522 628 756 670 Maiestatis
792 627 860 669 hic
889 628 1002 683 apud
1034 628 1197 672 Illustr.
1229 630 1392 672 Ducem
1422 631 1620 674 Prussiae

96 721 118 747 η
140 698 370 741 Albertum
416 698 656 755 exspecto,”
689 699 768 741 diei
809 694 955 751 locivess
1005 715 1088 755 quo
1133 700 1296 743 dederit
1325 703 1471 757 ipsam,
1503 703 1624 745 nullo

93 771 292 828 adsperso
330 771 499 816 indicio.
564 771 648 814 Vel
680 772 742 814 sic
772 778 910 813 tamen
944 771 1100 828 absque
1132 774 1246 815 omni
1277 774 1549 818 haesitatione
1580 778 1622 819 in

94 844 332 900 parenthesi
364 843 586 900 adscripsi:
627 843 909 900 [Reqiomontii
939 859 988 886 m.
1010 845 1116 886 Iulii
1139 844 1285 903 1549]‚
1308 861 1445 902 neque
1466 863 1624 904 magna

94 931 193 957 sane
223 914 437 957 divinandi
469 922 558 957 arte
588 914 669 956 hac
699 915 742 956 in
775 929 820 956 re
853 930 958 971 opus
990 922 1092 957 erat.
1139 914 1230 967 Qui
1261 916 1406 959 scribit
1436 934 1478 960 se
1510 919 1622 975 apud

94 988 259 1030 Ducem
310 987 508 1030 Prussiae
553 994 810 1043 exspectare,
854 987 1026 1029 totidem
1068 988 1204 1030 verbis
1249 1004 1291 1030 se
1336 989 1624 1047 Regiomontii

97 1060 349 1102 commorari
393 1064 583 1108 testatur,
625 1066 664 1101 et
706 1058 832 1101 Lasci
879 1060 962 1101 vita
1004 1060 1233 1102 certissime
1274 1059 1395 1103 docet
1436 1077 1536 1105 eum
1567 1078 1623 1107 m.

94 1134 197 1177 Iulii
227 1149 264 1176 a.
299 1133 409 1175 1549
441 1132 484 1173 in
517 1131 664 1188 plagas
694 1132 1044 1188 septentrionales
1074 1132 1302 1188 suscepisse
1334 1133 1424 1176 iter.
1457 1133 1628 1177 Pluries

96 1203 383 1262 Regiomontii
422 1203 593 1261 quidem
634 1202 724 1252 fuit,
770 1203 841 1245 sed
888 1203 939 1245 de
970 1203 1082 1245 hisce
1112 1203 1331 1246 itineribus
1361 1204 1529 1247 nullum
1562 1206 1629 1248 hic

98 1275 187 1318 fieri
208 1288 458 1322 sermonem,
485 1273 705 1330 perspicue
727 1272 848 1316 docet
869 1273 1068 1330 epistolae
1091 1275 1215 1316 totius
1238 1282 1470 1320 contextus.
1503 1277 1629 1319 Ratio

95 1346 227 1403 igitur
267 1346 468 1401 temporis
511 1345 677 1400 locique
718 1345 940 1387 definiendi
979 1347 1019 1388 in
1063 1346 1141 1388 hac
1171 1347 1348 1402 epistola
1380 1354 1465 1389 tam
1496 1348 1629 1390 facilis

96 1424 187 1460 erat
208 1432 334 1474 quam
357 1424 486 1461 certa.
521 1416 635 1470 Quid
659 1432 758 1459 vero
781 1417 1009 1460 Gerdesius
1031 1420 1257 1474 apposuit?
1292 1418 1440 1462 Refert
1460 1435 1554 1462 eam
1575 1420 1627 1462 ad

99 1506 256 1532 annum
307 1489 433 1539 1552,
475 1488 632 1546 absque
665 1489 751 1531 ullo
782 1490 867 1531 sive
898 1490 1052 1532 mensis
1081 1491 1165 1531 sive
1197 1489 1278 1532 loci
1307 1491 1482 1534 indicio:
1517 1492 1630 1548 quod

99 1578 227 1619 quam
271 1562 415 1605 vitiose
463 1569 503 1604 et
548 1577 700 1618 parum
732 1561 868 1618 lepide
900 1562 1055 1611 fec-erit,
1087 1563 1378 1619 unusquisque
1409 1564 1632 1622 intelliget,

102 1649 230 1690 quem
270 1635 355 1676 vita
399 1633 525 1676 Lasci
573 1634 730 1685 docuit,
775 1650 872 1676 eum
915 1650 992 1691 per
1037 1635 1287 1678 continuum
1319 1635 1441 1678 illum
1474 1652 1633 1680 annum

102 1706 253 1764 procul
295 1722 319 1748 a
370 1706 670 1763 Regiomontio
719 1706 905 1749 Londini
951 1706 1063 1765 apud
1110 1707 1278 1764 Anglos
1309 1709 1472 1754 vixisse.
1533 1710 1635 1753 Uno

103 1778 231 1821 verbo
275 1778 400 1821 huius
446 1779 601 1822 erroris
649 1780 770 1836 origo
801 1781 1001 1836 aperiam.
1066 1780 1314 1837 Desumpsit
1344 1781 1455 1823 hanc
1486 1783 1633 1838 episto-

102 1852 186 1894 lam
227 1850 456 1895 Gerdesius
495 1867 546 1894 ex
584 1867 634 1894 eo
664 1851 819 1903 libello,
853 1868 976 1910 quem
1014 1852 1293 1903 WEGIERsim
1326 1860 1435 1896 tecto
1466 1856 1636 1898 nomine

102 1922 180 1965 sub
210 1923 289 1965 hoc
319 1922 441 1965 titulo
473 1922 621 1966 edidit:
653 1923 1020 1975 REGENVOLSCIUS‚
1054 1926 1246 1967 Historia
1277 1927 1387 1968 Eccl.
1411 1928 1572 1969 Slavon.
1594 1942 1635 1984 p.

105 1996 202 2038 212.
241 1993 323 2036 Ille
355 2001 512 2045 autem,
546 1994 672 2037 Lasci
703 1995 810 2037 vitae
841 2011 994 2052 parum
1025 2011 1201 2052 gnarus,
1233 2012 1311 2039 sua
1343 1998 1564 2040 autoritate
1595 2000 1636 2041 in

102 2065 185 2108 fine
227 2064 425 2121 epistolae
472 2064 770 2122 adscripscrat:
815 2068 930 2109 Haeo
962 2068 1113 2110 Dasea&
1142 2084 1181 2110 a.
1214 2068 1341 2110 1552.
1403 2068 1504 2113 Sine
1534 2077 1638 2113 teste

105 2138 293 2194 loquenti
341 2138 480 2180 statim
511 2138 686 2180 credidit
717 2138 947 2182 Gerdesius
978 2147 1018 2182 et
1049 2141 1090 2182 in
1122 2156 1248 2182 suum
1282 2141 1487 2197 pudorem
1519 2158 1637 2185 caus-

104 2226 172 2253 sae
215 2209 349 2253 malae
381 2210 534 2252 exstitit
565 2218 785 2266 patronus.
848 2210 996 2255 Simile
1028 2213 1189 2269 ingenii
1219 2228 1397 2256 acumen
1430 2214 1637 2258 desidera-

104 2298 199 2324 mus
239 2282 281 2324 in
323 2282 524 2338 temporis
565 2282 819 2335 definitione,
865 2300 950 2341 quo
995 2285 1091 2327 data
1128 2286 1183 2328 sit
1213 2301 1262 2328 ea
1294 2286 1496 2343 Epistola,
1530 2304 1638 2344 quae

106 2354 224 2397 nobis
271 2353 417 2395 ordine
463 2356 509 2396 4a
541 2362 617 2404 est,
651 2361 691 2396 et
720 2355 793 2397 ubi
824 2355 876 2398 ad
908 2355 1067 2399 calcem
1101 2372 1141 2413 p.
1175 2357 1260 2399 553
1292 2358 1542 2402 certissimas
1574 2376 1640 2402 ra-

109 2425 240 2468 tiones
271 2424 474 2476 dedimus,
509 2439 586 2467 cur
618 2426 659 2468 in
682 2442 826 2468 errore
848 2428 1006 2469 versari
1029 2426 1261 2470 Gerdesius
1284 2429 1403 2472 nobis
1425 2430 1636 2484 videatur3

106 2504 148 2540 et
192 2497 249 2540 sic
289 2497 442 2553 passim
488 2497 566 2539 hoc
604 2498 644 2539 in
678 2498 874 2554 epistolis,
908 2514 1012 2555 quas
1041 2500 1245 2542 scrinium
1279 2501 1367 2543 eius
1399 2503 1638 2559 complecti·

107 2575 193 2619 tur,
241 2568 520 2624 disquirendis
562 2567 785 2612 observare
817 2577 890 2621 est,
923 2571 1122 2613 iudicium
1158 2588 1253 2614 eum
1288 2573 1523 2616 adhibuisse
1555 2575 1643 2618 fere

109 2656 335 2697 nusquam.
400 2641 497 2682 Hoc
549 2656 714 2697 quoque
760 2642 803 2684 in
851 2642 1046 2685 Gerdesii
1092 2643 1273 2686 editione
1309 2646 1531 2688 molestum
1566 2654 1639 2699 est,

110 2713 223 2769 quod
253 2712 379 2755 series
411 2713 698 2769 epistolarum,
733 2729 859 2770 quam
893 2716 1089 2757 conflavit
1122 2717 1259 2772 potius
1293 2733 1419 2773 quam
1453 2718 1641 2761 elabora-

111 2785 182 2836 vit,
223 2786 386 2840 saepius
426 2785 765 2841 interrumpitur,
813 2801 890 2828 nec
936 2787 1136 2829 continuo
1177 2804 1220 2830 se
1265 2789 1460 2845 singulae
1505 2789 1643 2832 subse-

113 2864 300 2913 quantur
332 2856 544 2912 epistolae,
577 2856 647 2898 sed
679 2857 719 2898 in
753 2864 936 2913 quatuor
968 2859 1090 2901 tomis
1121 2858 1330 2916 dispersae
1361 2860 1640 2917 disiectaeque

113 2930 188 2984 ipsi
219 2928 365 2970 lectori
409 2928 593 2984 undique
636 2929 948 2985 conquirendae
989 2940 1098 2972 sunt.
1162 2932 1474 2975 Aunotationes
1504 2934 1642 2986 etiam,
