1818 3178
116 117 492 126 aavemmmwaeaeaemaeaeae‘ae
496 117 837 124 raedaelldermW‘1‘JW-1VN1
841 117 922 125 mlv-x.»
927 117 979 124 «Ν-
984 116 1163 124 ψΜνΛιψν-»Νκψ
1167 120 1173 123 ,
1181 117 1200 123 .›.
1206 120 1211 123 .
1216 117 1343 123 vnffiae‘v‘ae‘
1347 117 1385 123 affl
1389 117 1437 124 μή
1442 117 1630 124 μὴν-κκωΜ

139 558 284 595 PETIS
320 571 339 595 a
376 571 445 603 mc,
480 563 521 597 ut
557 559 627 597 tibi
653 559 782 609 paucis
810 571 994 609 exponam
1021 561 1170 596 nostrae
1197 558 1259 594 hic
1287 556 1480 594 doctrinae
1509 557 1552 594 de
1580 570 1619 594 re

92 623 387 660 sacramentaria
415 636 596 661 summam
625 636 772 661 omnem
801 624 985 674 simulque
1013 627 1047 661 et
1076 621 1350 660 controversiae
1370 625 1493 672 partes
1512 635 1620 672 prae-

90 687 229 738 cipuas,
257 700 350 737 quae
378 687 474 724 inter
502 689 640 726 multos
669 701 771 725 nunc
797 688 924 726 eadem
953 688 998 726 de
1025 701 1064 725 re
1092 688 1268 738 agitatur.
1307 686 1390 735 Ego
1418 699 1505 724 vero
1531 686 1620 722 doc-

88 751 208 789 trinae
236 751 385 802 quidem
415 758 565 789 nostrae
593 765 775 789 summam
804 752 964 789 libenter
992 751 1063 789 tibi
1090 750 1279 794 indicabo,
1301 754 1339 786 ut
1358 748 1460 786 illius
1483 752 1619 786 certam

93 830 113 853 a
149 816 260 853 nobis
298 817 480 854 rationem
520 816 669 863 habeas,
696 817 742 854 ad
771 830 883 867 quam
911 816 1051 867 alioqui
1077 814 1302 853 reddendam
1334 814 1452 864 parati
1481 826 1623 864 semper

89 885 199 931 atque
241 880 403 931 expediti
439 894 518 918 esse
547 880 735 920 debemus.
791 881 985 919 Caeterum
1016 879 1271 918 controversia
1300 878 1343 915 de
1372 878 1623 915 Sacramentis

92 958 191 982 nunc
236 949 365 983 exorta
411 946 521 983 latius
568 950 682 996 patet,
728 959 839 997 quam
884 950 924 983 ut
970 945 1098 996 paucis
1143 944 1279 995 exponi
1316 944 1453 994 possit,¹
1483 949 1523 981 et*
1555 955 1622 992 ego

89 1011 308 1061 alioqui,-nt
343 1011 446 1048 illam
482 1015 649 1048 exortam
687 1024 766 1048 esse
805 1007 1040 1048 vehementer
1078 1011 1198 1055 doleo,
1233 1010 1285 1047 ita
1314 1022 1406 1055 eam,
1435 1009 1466 1046 si
1494 1021 1621 1046 verum

91 1076 220 1119 fatear,
257 1089 332 1113 non
371 1076 504 1124 (llob)
542 1076 701 1113 libenter
738 1076 896 1125 attingo,
930 1076 1069 1113 nedum
1109 1079 1151 1113 ut
1178 1074 1279 1112 illius
1307 1074 1401 1110 mihi
1429 1087 1622 1111 censuram

93 1153 236 1177 sumere
272 1140 394 1178 velim.
451 1141 582 1178 Quum
618 1144 743 1178 tamen
780 1154 821 1178 ea
857 1145 912 1178 est
951 1144 1016 1178 tua
1053 1140 1152 1191 apud
1178 1153 1238 1176 me
1265 1139 1459 1184 autoritas,
1487 1142 1527 1176 ut
1553 1137 1624 1175 tibi

91 1205 231 1254 petenti
260 1217 334 1242 non
365 1205 473 1242 facilc
500 1204 643 1255 aliquid
663 1206 806 1255 negare
833 1204 986 1254 possim,
1007 1205 1142 1241 faciam
1171 1207 1206 1240 et
1223 1203 1308 1247 hoc,
1328 1206 1369 1239 ut
1389 1202 1459 1239 tibi
1479 1206 1515 1239 et
1535 1214 1626 1239 con-

93 1269 296 1307 troversiae
321 1270 439 1320 ipsius
468 1269 664 1315 rationem,
692 1274 728 1307 et
755 1269 890 1320 quibus
921 1282 1088 1319 quaeque
1113 1277 1200 1319 pars
1229 1267 1458 1317 argumentis
1486 1266 1627 1304 nitatur

91 1337 231 1384 quanto
260 1346 411 1383 possum
438 1334 657 1384 compendio
681 1346 878 1384 exponam,
895 1354 945 1362 —
963 1337 1006 1371 tu
1023 1333 1260 1386 interim'pro
1279 1336 1344 1370 tuo
1365 1333 1404 1369 in
1424 1345 1483 1369 me
1501 1344 1626 1369 amore

94 1404 131 1435 et
158 1398 378 1436 brevitatem
408 1403 444 1435 et
471 1398 670 1436 infantiam
698 1399 769 1435 hac
795 1399 835 1436 in
863 1403 968 1449 parte
996 1402 1165 1436 nostram
1194 1398 1285 1435 boni
1314 1397 1499 1436 eonsules.

145 1463 258 1501 Quod
294 1463 409 1512 igitur
445 1463 491 1500 ad
529 1463 739 1501 doctrinam
784 1463 945 1515 primum
979 1466 1148 1501 nostram
1185 1463 1327 1509 attinet,
1370 1462 1545 1500 docemus
1583 1462 1627 1519 (le

91 1528 342 1566 Sacramentis
378 1529 417 1566 in
454 1542 599 1578 genere,
638 1530 878 1566 Sacramenta
917 1541 996 1566 esse
1024 1528 1165 1567 Christi
1191 1528 1466 1573 institutiones,
1493 1526 1625 1565 Eccle-

91 1591 166 1628 siae
194 1604 281 1628 suae
306 1591 345 1628 in
375 1591 446 1628 hoc
472 1591 710 1642 potissimum
736 1592 905 1638 traditas,
932 1592 1094 1642 primum
1120 1596 1163 1629 ut
1189 1591 1337 1629 illarum
1366 1605 1436 1629 usn
1454 1582 1622 1640 legitimo

92 1655 260 1692 Ecclesia
288 1659 367 1692 tota
394 1655 433 1693 in
463 1656 618 1693 salutari
649 1669 732 1693 cum
762 1655 912 1694 Christo
942 1655 1105 1693 Domino
1136 1656 1411 1701 communione,
1430 1668 1494 1706 per
1510 1648 1623 1706 ‘qua'nl

93 1720 224 1764 solam,
268 1719 354 1757 dum
403 1719 475 1757 fide
519 1720 820 1770 apprehenditur,
865 1720 956 1759 iusti
1001 1720 1159 1766 sumus,¹
1185 1719 1418 1769 obsignetur.
1481 1719 1626 1774 Deinde

92 1787 132 1820 ut
177 1783 288 1820 simul
333 1783 578 1822 admoneatur
623 1785 745 1831 etiam,
794 1784 911 1822 debiti
954 1784 1030 1822 iam
1076 1786 1133 1822 sui
1170 1798 1263 1830 esse,
1306 1790 1347 1823 ut
1394 1785 1471 1823 eius
1507 1772 1625 1838 ipsius

93 1848 368 1885 communionis
407 1861 488 1886 eum
536 1849 685 1886 Christo
722 1849 924 1899 imaginem
960 1849 1155 1899 exprimat,
1191 1849 1232 1886 in
1269 1850 1373 1887 cuius
1406 1850 1482 1887 fide
1509 1848 1624 1901 ‘'obsi-

93 1916 242 1960 gnatnr.
297 1913 423 1952 Huius
470 1914 662 1952 doctrinae
707 1915 831 1952 fontes
877 1927 922 1952 ex
968 1915 1085 1952 Paulo
1121 1911 1530 1966 Apostolo‘petimuss
1550 1915 1628 1965 qui,

94 1978 139 2014 ‹le
194 1978 475 2016 circumcisione
522 1979 718 2025 disserens,
764 1980 868 2017 illam
915 1984 949 2017 et
995 1979 1286 2029 obsignaculum
1328 1977 1496 2018 institiae
1538 1980 1627 2017 fidei

94 2048 212 2086 vocat,
249 2057 321 2095 qua
360 2047 487 2081 nostra
526 2057 608 2081 cum
646 2043 795 2081 Christo
835 2044 1098 2082 communione
1137 2048 1293 2091 constat,
1330 2048 1366 2082 et
1405 2043 1525 2082 cordis
1562 2041 1626 2095 pei·

92 2121 172 2146 cam
203 2109 536 2153 circumcisionem,
564 2114 603 2146 ut
630 2109 731 2146 illius
773 2113 949 2160 perpetuo
978 2110 1259 2156 admoneamur,
1287 2109 1476 2159 designari
1505 2110 1626 2148 docet.

95 2174 212 2211 Porro
241 2182 279 2211 ut
307 2178 362 2211 est
391 2187 485 2211 unus
515 2178 624 2224 atque
651 2173 750 2211 idem
777 2173 824 2211 ab
853 2176 981 2222 (111⁸)
1009 2178 1160 2212 aeterno
1189 2174 1283 2212 etin
1304 2178 1495 2211 aeternum
1515 2173 1628 2226 Deus,

93 2252 209 2276 unum
253 2244 364 2289 atque
404 2239 504 2277 idem
550 2239 678 2276 salutis
717 2243 866 2277 nostrae
901 2239 1077 2284 medium,
1116 2252 1248 2290 nempe
1283 2239 1457 2277 meritum
1494 2240 1626 2277 mortis

95 2302 248 2347 Christi,
275 2316 349 2340 una
377 2304 466 2340 item
495 2307 605 2353 atque
633 2303 760 2340 eadem
787 2308 963 2354 perpetuo
983 2303 1084 2341 illius
1104 2303 1210 2349 fides,
1229 2326 1279 2332 —
1297 2302 1349 2341 ita
1371 2303 1496 2341 omnia
1515 2304 1624 2342 etiam

95 2368 333 2404 Sacramenta
371 2371 406 2404 et
443 2367 577 2405 veteris
606 2371 641 2405 ct
670 2372 819 2406 nostrae
845 2367 1036 2406 Ecclesiae
1076 2382 1192 2406 unum
1221 2373 1330 2420 atque
1357 2369 1456 2407 idem
1481 2368 1626 2423 invir-

95 2436 172 2470 tute
207 2437 242 2470 et
279 2432 455 2482 mysterio
493 2434 774 2471 Sacramentum
812 2447 890 2471 esse
919 2434 1105 2480 docemus,
1132 2434 1279 2472 etiamsi
1307 2435 1488 2485 symbolis
1516 2432 1628 2486 at‘q‘uc

94 2495 286 2532 elementis
325 2496 401 2533 suis
439 2496 593 2542 varient,
631 2496 702 2534 nisi
739 2496 838 2547 quod
875 2497 1009 2534 veteris
1037 2497 1226 2536 Ecclesiae
1255 2497 1495 2536 sacramentis
1525 2500 1625 2536 coin·

94 2560 222 2597 munio
262 2573 343 2597 cum
381 2565 536 2598 venturo
572 2561 693 2598 adhuc
729 2561 877 2599 Christo
918 2562 1080 2600 Domino
1116 2562 1220 2600 iuxta
1247 2562 1528 2614 promissiones,
1557 2577 1625 2602 no-

96 2628 193 2662 strae
221 2638 307 2663 vero
335 2625 525 2663 Ecclesiae
554 2627 794 2664 sacramentis
824 2639 906 2664 cum
934 2627 1100 2665 exhibito
1128 2627 1204 2665 iam
1231 2628 1380 2666 Christo
1414 2629 1625 2666 communio

96 2693 223 2726 autore
253 2691 394 2741 Spiritu
425 2691 561 2728 Sancto
590 2691 823 2740 obsignetur.
864 2691 925 2729 Sic
952 2692 1051 2730 enim
1080 2691 1216 2730 Paulus
1244 2697 1279 2731 et
1309 2697 1467 2731 veterem
1494 2693 1626 2731 Eccle-

96 2752 187 2789 siam
232 2753 456 2804 baptizatam
490 2767 584 2791 esse
629 2760 664 2791 et
708 2755 862 2792 eandem
908 2755 1106 2793 nobiscnm
1143 2768 1266 2794 escam
1301 2756 1420 2795 edisse
1457 2756 1628 2807 idemque

96 2816 235 2854 bibisse
269 2819 443 2868 poculum
483 2818 604 2862 (locet,
640 2831 683 2855 ac
719 2832 788 2856 nos
825 2831 972 2857 rursum
1013 2820 1252 2859 circumcisos
1281 2834 1360 2860 esse
1388 2821 1626 2859 Paschalcm·

94 2892 166 2929 que
204 2880 365 2919 Coenam
403 2882 538 2918 habere
576 2881 711 2918 diserte
748 2886 917 2920 testatur.
973 2883 1085 2921 quta
1123 2885 1220 2922 hanc
1256 2885 1373 2931 igitur
1416 2884 1625 2923 doctrinam

150 2944 183 2981 Ι.
1434 2953 1480 2987 31
