1818 3178
174 61 247 97 526
828 78 886 106 ΕΡ.
916 80 1058 108 Doc'rR.

170 170 481 216 circumcisionis,
517 177 594 212 tum
632 188 751 226 neque
789 177 957 217 femellas
993 180 1237 231 baptizandas
1273 197 1361 232 esse,
1399 186 1483 236 quia
1520 186 1589 231 hae
1614 201 1691 227 non

172 234 553 283 circumcidebantur,
579 242 615 276 et
641 240 689 277 ad
716 245 890 280 octavum
921 243 1015 282 diem
1044 246 1156 283 etiam
1186 247 1422 298 baptismum,
1450 251 1692 309 quemadmoss

169 296 258 335 dum
285 303 321 336 et
350 299 671 340 circumcisionem
698 304 884 355 adstringi
912 312 1096 358 oportere.
1147 309 1194 347 Id
1222 324 1333 361 porro
1359 314 1535 364 quoniam
1564 316 1693 354 obser-

168 367 296 400 vatum
334 376 410 401 non
438 378 518 403 esse
545 371 706 414 constat,
734 369 824 407 hinc
852 384 939 409 sane
966 385 1155 423 apparere,
1181 387 1257 415 non
1285 376 1384 414 idem
1411 392 1490 417 esse
1518 380 1699 431 baptismi,

166 428 202 462 et
230 426 523 467 circumcisionis
551 437 838 472 sacramentum.
893 435 976 473 Imo
1012 437 1100 474 inde
1136 439 1319 487 colligunt
1344 442 1454 481 etiam
1483 445 1606 482 nullos
1633 445 1693 483 in-

166 490 290 528 fantes
329 491 511 542 baptizari
546 495 702 533 omnino
742 497 888 544 debere,
916 500 1003 550 quia
1031 501 1120 538 olim
1149 503 1316 542 femellae
1343 518 1419 543 non
1448 508 1692 548 circumcide-

165 552 315 593 bantur.
360 555 444 593 Hac
472 570 537 596 sua
565 559 858 600 raeioeinatione
884 568 1019 613 putant
1047 566 1176 604 subrui
1202 567 1276 604 iam
1303 581 1411 618 posse
1438 576 1605 610 nostram
1632 587 1692 611 ar·

162 620 497 666 gumentationem.
552 623 747 662 Caeterum
785 626 919 665 docere
945 629 1047 679 prius
1076 629 1261 669 debebant
1289 632 1499 673 istiusmodi
1536 638 1690 676 ratioci-

164 682 348 731 nationes,
386 698 480 736 quae
517 688 630 726 nullis
666 689 883 729 innituntur
918 693 1156 739 testimoniis,
1187 701 1334 734 tantum
1369 699 1517 749 pondus
1554 701 1690 741 habere

165 747 265 797 apud
302 749 384 799 pios
423 755 605 801 oportere,
631 757 673 791 ut
701 756 1018 803 argumentationi
1046 771 1065 796 e
1094 759 1207 797 verbo
1236 761 1363 800 divino
1391 764 1526 814 petitae
1554 767 1691 817 opponi

163 809 324 860 possint.
379 812 458 850 Ubi
495 814 595 855 enim
631 815 703 853 hoc
731 818 948 868 probabunt
977 821 1181 872 scripturae
1209 824 1445 873 testimoniis,
1471 828 1608 877 quibus
1635 834 1691 868 ta-

162 885 249 910 men
286 875 376 914 solis
404 875 653 917 insistendum
682 893 760 918 esse
790 882 936 929 docent,
963 889 1006 922 ut
1033 886 1065 923 si
1091 886 1189 925 idem
1217 901 1305 927 usus
1333 903 1411 928 esse
1439 891 1570 932 debeat
1599 895 1689 946 bap-

162 937 265 975 tismi
301 943 338 977 et
373 941 680 990 circumcisionis,
707 946 863 986 eandem
890 950 1092 1001 utrobique
1119 951 1229 990 etiam
1258 958 1294 992 et
1320 957 1496 1007 temporis
1523 962 1559 996 et
1585 959 1688 998 loco·

162 1015 245 1040 rum
283 1009 320 1042 et
353 1019 599 1056 personarum
634 1010 820 1049 rationem
854 1026 933 1052 esse
968 1015 1125 1054 omnino
1151 1018 1412 1058 retinendam?
1439 1021 1476 1059 id
1507 1023 1538 1061 si
1567 1024 1690 1063 doceri

162 1080 239 1106 non
275 1074 411 1119 potest,
437 1071 513 1109 imo
543 1074 574 1111 si
603 1074 790 1114 diversum
817 1077 943 1117 doceri
970 1084 1107 1131 potest,
1133 1082 1294 1121 etiamne
1321 1085 1445 1124 adhuc
1469 1088 1690 1136 gloriabun-

161 1134 223 1169 tur
251 1134 452 1173 refutatam
480 1149 502 1174 a
530 1150 568 1175 se
597 1152 676 1177 esse
704 1146 874 1180 nostram
902 1149 1297 1194 argumentationem?
1350 1154 1402 1190 At
1429 1167 1517 1192 vero
1544 1168 1613 1194 nos
1640 1158 1687 1195 ab

162 1194 432 1236 elementorum
469 1201 648 1240 servitute
682 1203 843 1252 liberati,
877 1207 1014 1246 seimus
1050 1211 1345 1262 sub—(32)latam
1374 1230 1452 1255 esse
1480 1218 1690 1269 Euangelio

161 1263 198 1297 et
242 1263 451 1312 temporum
494 1268 531 1302 et
566 1279 809 1316 personarum
847 1271 1161 1321 observationem,
1205 1280 1516 1329 quemadmodum
1548 1284 1689 1323 Paulus

161 1323 283 1365 docet.
336 1326 386 1365 Et
424 1328 581 1378 proinde
608 1330 647 1369 in
677 1339 995 1374 sacramentorum
1024 1351 1088 1376 usu
1117 1353 1193 1378 non
1221 1347 1297 1380 tam
1323 1344 1474 1384 illorum
1501 1361 1689 1388 moramur

161 1387 346 1437 symbola,
382 1402 457 1428 non
485 1396 693 1443 temporum
731 1408 774 1433 ac
811 1409 1053 1447 personarum
1090 1402 1128 1440 in
1164 1404 1211 1442 iis
1238 1406 1549 1458 observationem,
1575 1427 1686 1464 quam

160 1451 426 1501 promissiones
471 1457 596 1506 potius
645 1459 757 1498 unius
794 1462 1032 1515 eiusdemque
1070 1472 1247 1518 perpetuo
1285 1471 1366 1517 Dei,
1402 1487 1520 1513 unum
1556 1478 1687 1517 salutis

162 1518 315 1553 nostrae
350 1516 390 1554 in
425 1517 500 1556 illis
534 1522 756 1568 mysterium
792 1528 828 1562 et
865 1538 979 1563 unam
1015 1528 1112 1566 eirca
1140 1543 1267 1570 eorum
1295 1548 1399 1573 usum
1432 1538 1548 1577 Patris
1576 1540 1686 1579 simul

162 1589 206 1614 ac
234 1577 322 1615 Filii
350 1579 594 1622 voluntatem.
640 1584 727 1622 Hoc
754 1586 874 1637 primo
903 1589 1140 1630 refutandum
1170 1594 1391 1636 adversariis
1419 1600 1500 1646 erit,
1528 1602 1559 1639 si
1585 1605 1686 1642 refu·

159 1643 275 1679 tatam
302 1656 323 1680 a
352 1656 390 1681 se
418 1651 586 1684 nostram
613 1652 974 1696 argumentationem
1002 1655 1158 1703 gloriari
1187 1659 1323 1698 volent.
1377 1663 1450 1701 Sed
1477 1665 1687 1705 universam

163 1706 385 1757 scripturam
413 1709 544 1748 subrui
573 1712 682 1763 plane
711 1721 911 1765 oporteret,
939 1718 970 1756 si
998 1719 1067 1757 hoc
1096 1722 1215 1760 refelli
1244 1724 1406 1766 deberet.
1461 1729 1687 1781 Quanquam

162 1770 283 1804 autem
322 1768 468 1808 sublata
497 1771 766 1813 elementorum
793 1789 813 1813 a
841 1777 959 1816 Paulo
987 1780 1251 1822 observatione
1280 1787 1481 1826 consistere
1508 1803 1584 1828 non
1612 1791 1686 1830 iam

160 1828 278 1879 possit
305 1829 456 1869 illorum
483 1837 519 1871 et
547 1834 592 1872 de
620 1841 752 1874 octavo
781 1838 1075 1881 circumcisionis
1104 1844 1164 1882 die
1189 1849 1226 1884 et
1254 1846 1298 1885 de
1325 1849 1482 1888 femellis
1511 1865 1586 1890 non
1615 1854 1686 1891 cir-

160 1894 323 1931 cumcidi
359 1896 479 1935 solitis
508 1903 587 1937 tota
614 1913 768 1951 prorsus
796 1904 1047 1954 ratiocinatio,
1073 1910 1382 1964 perspicuumque
1409 1914 1458 1953 sit
1485 1921 1570 1967 post
1597 1919 1686 1956 sub-

158 1957 273 1996 latam
310 1961 422 1998 semel
462 1970 799 2013 προσωποληψῖκν,
829 1969 934 2007 cuius
950 1969 1096 2021 'magna
1124 1987 1267 2026 semper
1294 1981 1373 2016 erat
1399 1980 1497 2030 apud
1525 1981 1686 2021 Iudaeos

160 2021 389 2071 observatio,
415 2027 564 2065 excludi
599 2042 620 2066 a
659 2030 845 2082 baptismo
883 2039 1012 2073 nostro
1051 2051 1125 2076 non
1155 2039 1299 2088 debere,
1326 2043 1392 2093 qui
1418 2044 1464 2082 ad
1494 2046 1687 2085 eircumci-

158 2087 301 2126 sionem
331 2102 407 2128 non
435 2092 687 2142 pertinebant,
716 2118 766 2126 —
793 2103 929 2147 tamen,
958 2115 1031 2152 quo
1059 2104 1178 2154 magis
1205 2107 1366 2157 intelligi
1393 2111 1511 2160 possit
1540 2114 1686 2152 vanitas

157 2151 268 2193 istius
304 2153 474 2205 ipsorum
510 2170 528 2194 a
568 2158 823 2200 foemellarum
854 2165 1023 2216 exemplo
1052 2168 1189 2217 petitae
1216 2174 1564 2221 argumentationis,
1591 2176 1685 2215 illud

157 2216 251 2254 mibi
287 2220 486 2258 ostendent
520 2222 644 2271 velim,
679 2226 778 2264 unde
813 2228 906 2265 mihi
933 2230 1259 2272 ratiocinationem
1288 2236 1383 2274 hane
1410 2240 1686 2290 approbabunt,

156 2285 210 2326 ut,
238 2283 338 2333 quod
365 2285 463 2335 apud
486 2289 625 2325 veteres
653 2288 699 2326 ad
729 2299 867 2329 sexum'
884 2293 1112 2334 foemineum
1138 2311 1214 2336 non
1234 2301 1445 2350 pertinebat
1464 2304 1566 2351 olim,
1585 2305 1682 2344 idem

158 2359 305 2398 quoque
342 2353 378 2386 et
413 2350 510 2401 apud
548 2365 617 2390 nos
655 2353 750 2392 nihil
789 2370 865 2394 nou
902 2358 948 2396 ad
976 2360 1077 2411 ipsas
1105 2364 1217 2401 modo
1246 2365 1441 2413 foeminas,
1470 2370 1531 2407 sed
1562 2384 1608 2409 ne
1635 2372 1682 2409 ad

155 2412 342 2450 masculos
370 2414 521 2464 quidem
549 2418 659 2455 etiam
689 2418 822 2458 debeat
850 2424 1003 2461 omnino
1020 2426 1216 2476 pertinere.
1246 2429 1321 2468 Hic
1342 2445 1430 2470 sane
1449 2446 1467 2471 e
1489 2435 1682 2486 seripturis

155 2475 418 2515 documentum
449 2480 602 2531 aliquod
629 2482 775 2522 adferre
803 2498 865 2524 eos
894 2490 1105 2539 oportebat,
1134 2497 1172 2530 ut
1199 2500 1235 2531 et
1262 2494 1408 2544 legibus
1437 2499 1525 2543 suis,
1545 2500 1682 2550 quibus

150 2553 189 2578 se
218 2540 298 2579 sine
326 2542 522 2594 scripturis
551 2546 648 2584 nihil
676 2548 809 2588 docere
837 2552 931 2590 velle
958 2556 1201 2605 profitentur,
1229 2559 1500 2608 satisfacerent,
1521 2568 1556 2601 et
1572 2565 1681 2603 nobis

151 2601 263 2639 etiam
308 2617 401 2653 quae
436 2605 572 2645 docent
610 2614 710 2647 certa
737 2600 829 2650 esse
867 2615 972 2653 verbi
1009 2616 1128 2656 divini
1164 2621 1392 2661 testimoniis
1433 2625 1679 2668 declararent.

151 2665 266 2704 Nunc
295 2681 378 2706 cum
407 2669 500 2708 nihil
531 2672 745 2712 huiusmodi
773 2682 892 2716 exstet
919 2680 958 2717 in
987 2682 1104 2720 saeris
1130 2684 1283 2733 litteris,
1311 2692 1420 2739 atque
1447 2689 1540 2729 adeo
1568 2691 1679 2731 ctiam

152 2732 212 2770 vel
241 2733 429 2771 communi
456 2736 622 2775 omnium
651 2741 775 2779 sensui
804 2750 999 2794 repugnet,
1025 2747 1161 2787 mirum
1192 2755 1247 2789 est
1273 2765 1335 2790 eos
1362 2753 1414 2790 ita
1443 2754 1514 2792 sibi
1541 2755 1581 2794 in
1610 2757 1680 2796 hac

153 2795 441 2836 ratiocinatione
476 2799 635 2851 placere,
673 2808 712 2842 ut
750 2819 828 2845 non
862 2808 974 2847 aliam
1004 2812 1126 2865 magis
1155 2815 1230 2853 fere
1256 2822 1425 2868 urgeant,
1452 2825 1486 2857 et
1516 2820 1610 2861 hane
1638 2836 1680 2866 eo
