1818 3178
204 113 277 149 452
696 124 911 151 nnspouslo
940 125 1032 152 anv.
1066 125 1230 153 HOSIUM.

199 224 316 261 oculis
355 224 520 262 videntes
558 237 706 262 cernere
742 225 789 262 ad
827 225 980 262 salutem
1010 239 1111 262 suam
1141 226 1312 276 amplius,
1347 230 1458 276 atque
1488 226 1539 263 ita
1569 226 1713 263 demum

197 301 262 339 per
289 288 555 339 poenitentiam
585 289 723 327 servari
751 290 876 336 etiam,
902 290 1002 327 iusto
1032 290 1099 327 Dei
1128 290 1267 327 iudicio
1294 292 1451 341 possint.
1489 290 1578 327 Non
1606 292 1715 338 (169)

197 356 252 390 est
280 352 408 400 igitur,
436 352 536 402 quod
565 353 725 391 somniet
754 353 895 392 Hosius
925 354 969 392 de
996 359 1125 391 nostro
1153 354 1198 391 ad
1228 356 1435 405 speluncam
1461 367 1562 392 suam
1585 354 1716 397 reditu,

197 428 318 465 neque
351 415 450 452 enim
488 428 597 453 canes
634 429 774 461 sumus,
810 417 874 467 qui
911 417 956 454 ad
996 417 1172 454 vomitum
1210 430 1273 467 per
1309 417 1376 454 Dei
1412 410 1568 466 gratiam
1596 416 1717 453 redire

197 491 360 529 unquam
401 480 570 525 velimus,
603 480 862 532 patiemurque
899 481 1019 525 facile,
1055 483 1141 519 dum
1177 481 1279 518 aliud
1316 495 1390 519 non
1434 495 1644 532 possumus,
1677 487 1716 519 ut

197 543 437 581 Reverendus
479 545 585 582 Pater
622 544 660 582 in
689 546 765 582 suis
794 546 988 596 Papaeque
1017 546 1072 582 sui
1100 558 1143 583 ac
1170 557 1318 582 suorum
1349 546 1514 583 omnium
1543 547 1716 583 vomitio-

197 606 308 644 nibus
346 606 532 645 dilieietur
570 608 658 646 dum
687 610 798 650 volet.
826 615 949 660 atque,
976 610 1056 647 Ibis
1085 610 1290 660 Aegyptiae
1316 612 1445 656 instar²
1472 624 1574 648 suam
1601 611 1718 661 ipsius

196 671 273 708 illis
302 685 529 723 suorumque
555 673 659 710 alvos
688 674 891 712 medicetur
926 680 961 712 et
999 678 1112 712 curet.
1167 674 1248 711 Nos
1277 688 1395 725 neque
1421 675 1514 712 tales
1543 674 1717 719 medicos,

195 750 315 787 neque
350 741 426 774 tam
463 739 629 789 speciosa
666 739 826 776 remedia
865 740 996 776 salutis
1025 745 1173 777 nostrae
1200 740 1444 790 postulamus,
1471 739 1606 789 quibus
1632 740 1716 776 uni-

196 815 262 839 cus
297 802 504 840 animarum
533 803 711 848 medicus,
740 804 910 841 Christus
948 804 1145 849 Dominus,
1173 804 1397 854 unicumque
1426 804 1599 841 salutaris
1628 804 1716 840 doc-

193 866 315 904 trinae
351 867 466 917 ipsius
504 867 707 904 remedium
744 868 893 905 abunde
935 868 1024 905 satis
1060 873 1127 912 est,
1164 868 1309 905 etiamsi
1349 868 1468 905 nullas
1504 867 1717 905 istiusmodi

195 931 284 968 Ibes
314 931 519 982 Aegyptias
557 944 640 969 cum
677 945 803 969 earum
840 932 1119 970 medicamentis
1156 933 1404 970 admittamus.
1460 933 1608 970 Quodsi
1634 933 1717 969 Ho-

196 996 250 1032 sio
287 1001 322 1033 et
357 996 434 1033 suis
469 996 520 1033 ita
557 1000 611 1033 est
655 997 898 1034 constitutum
935 997 1100 1042 omnino,
1127 1002 1169 1035 ut
1197 1010 1280 1034 cum
1309 998 1457 1034 Christo
1488 997 1648 1034 Domino
1677 997 1713 1034 in

197 1060 427 1106 Sacerdotio,
465 1060 594 1110 Regno
632 1064 668 1098 et
705 1061 887 1098 Doctrina
923 1061 1053 1112 ipsius,
1092 1074 1173 1098 cum
1214 1062 1352 1111 Spiritu
1391 1074 1477 1098 vero
1513 1062 1650 1098 Sancto
1679 1061 1716 1098 in

196 1124 397 1174 Scripturis
439 1125 589 1171 sanctis,
628 1125 766 1163 Divino
804 1126 946 1176 alioqui
987 1126 1110 1163 afflatu
1147 1126 1316 1177 proditis,
1363 1126 1572 1175 belligerari
1607 1131 1717 1176 atque

193 1189 246 1226 ita
283 1189 428 1227 demum
467 1189 545 1227 Deo
584 1190 653 1240 ipsi
686 1203 806 1241 pares,
842 1195 905 1228 aut
941 1191 973 1228 ei
1007 1192 1167 1229 maiores
1197 1192 1307 1229 etiam
1344 1204 1422 1229 esse
1450 1192 1560 1239 (170)
1590 1191 1718 1234 velint,

195 1254 431 1291 accumulent
468 1253 541 1291 sibi
575 1254 646 1305 ipsi
682 1255 773 1292 iram
814 1254 882 1292 Dei
918 1255 957 1292 in
996 1255 1054 1292 die
1080 1255 1169 1302 irae,
1198 1260 1378 1306 quantum
1416 1255 1553 1302 volent,
1590 1255 1716 1292 sorde·

191 1323 298 1356 scant
335 1318 452 1367 magis
488 1332 531 1356 ac
567 1319 687 1368 magis
721 1319 844 1356 adhuc
881 1319 944 1370 qui
982 1319 1149 1362 sordent,
1185 1324 1219 1357 et
1255 1321 1293 1357 in
1333 1320 1526 1357 Diabolica
1555 1320 1624 1357 hac
1652 1333 1716 1356 sua

192 1382 373 1420 obstinati
410 1388 520 1433 atque
555 1384 740 1421 excaecati
785 1383 907 1421 cordis
944 1384 1134 1434 impietate
1170 1385 1419 1433 obrigescant,
1446 1406 1495 1413 -
1523 1397 1591 1422 nos
1627 1397 1714 1422 sane

191 1448 301 1485 nobis
328 1448 472 1486 nullam
499 1449 654 1486 omnino
685 1462 767 1486 cum
792 1449 868 1486 illis
898 1449 965 1487 hac
1000 1450 1040 1487 in
1078 1454 1182 1500 parte
1219 1450 1514 1488 communionem
1543 1463 1621 1488 esse
1650 1463 1713 1500 pa-

191 1512 264 1549 lam
302 1517 481 1550 testamur
517 1517 551 1551 et
585 1513 806 1551 testabimur
841 1514 880 1552 in
910 1522 1109 1561 aeternum,
1138 1514 1272 1552 nedum
1301 1519 1341 1552 ut
1380 1528 1462 1552 cum
1495 1515 1546 1553 eis
1585 1516 1620 1552 in
1652 1528 1712 1552 eo-

191 1576 273 1613 dem
309 1576 557 1623 idololatriae,
592 1578 807 1616 rebellionis
844 1579 1071 1630 apostaticae
1116 1584 1149 1616 et
1194 1579 1486 1618 abominationis
1533 1581 1709 1618 barathro

191 1654 270 1678 esse
306 1641 475 1681 velimus.
528 1644 654 1693 Atque
692 1643 761 1679 hoc
798 1643 870 1680 sibi
905 1657 1125 1695 responsum
1169 1644 1301 1681 babeat
1338 1644 1576 1681 Reverendus
1604 1645 1714 1682 Pater

192 1704 372 1753 Caligula,
409 1705 453 1742 de
488 1709 724 1756 praepostera
762 1719 874 1757 quam
910 1706 1018 1743 nobis
1060 1706 1229 1744 obtendit
1265 1707 1477 1744 idololatria
1508 1713 1635 1745 nostra
1677 1712 1715 1745 et

192 1782 256 1806 sua
294 1769 520 1806 exsecranda
557 1770 706 1820 pietate,
741 1771 788 1808 ad
817 1785 927 1821 quam
957 1784 1040 1815 nos,
1077 1777 1117 1809 ut
1153 1769 1357 1822 poenarum
1388 1772 1503 1823 ipsius
1533 1786 1603 1810 una
1633 1786 1713 1810 cum

194 1832 378 1881 Magistro
409 1846 474 1870 suo
505 1833 666 1871 Diabolo
695 1835 893 1886 participes
923 1836 1050 1880 simus,
1078 1849 1251 1874 revocare
1280 1836 1417 1874 frustra
1446 1841 1612 1875 conatur.

783 1964 851 2002 Ad
879 1965 1130 2016 septimam

247 2093 361 2131 Hosii
398 2107 551 2144 eamque
585 2093 752 2131 ultimam
792 2097 827 2132 et
864 2095 901 2132 in
938 2109 1010 2146 qua
1050 2095 1121 2133 sibi
1158 2095 1249 2133 mire
1275 2096 1394 2146 placet
1422 2097 1715 2145 argumentatio—

194 2172 279 2196 nem
317 2158 361 2195 de
399 2158 545 2209 Templi
573 2158 910 2209 Hierosolymitani
939 2160 1146 2198 Pinnaculo
1176 2165 1211 2197 et
1248 2159 1444 2197 Diabolica
1479 2161 1558 2198 illic
1592 2165 1714 2199 tenta·

192 2223 294 2260 tione
323 2227 501 2273 superest,
532 2227 570 2260 ut
597 2223 670 2260 iam
700 2224 1001 2274 respondeamus.
1058 2227 1182 2275 Atque
1210 2226 1320 2272 (171)
1350 2224 1408 2261 hic
1437 2225 1627 2262 observari
1655 2239 1715 2262 ve-

193 2287 256 2324 lim
295 2301 316 2324 a
353 2288 424 2338 piis
454 2287 628 2325 omnibus
657 2301 811 2327 acumen
842 2288 1070 2327 Hosianicae
1110 2290 1351 2339 Theologiae.
1406 2289 1547 2339 Fingit,
1582 2290 1714 2341 pinna-

193 2352 318 2388 culum
353 2352 483 2403 templi
519 2352 633 2396 illius,
669 2365 742 2390 non
783 2353 893 2390 modo
930 2357 1060 2404 typum
1095 2354 1210 2392 fuisse
1247 2354 1436 2392 Ecclesiae
1473 2355 1623 2397 Christi,
1651 2355 1712 2392 sed

193 2415 305 2452 etiam
349 2429 469 2454 arcem
514 2416 702 2467 quandam
737 2417 858 2455 omnis
897 2418 1089 2455 doctrinae
1123 2418 1254 2469 ipsius,
1289 2423 1335 2462 et,
1370 2422 1411 2456 ut
1448 2423 1711 2467 nugamentum

194 2480 265 2517 hoc
304 2480 413 2518 nobis
451 2481 697 2527 commendet,
732 2486 900 2520 autorem
926 2482 1025 2520 illius
1053 2483 1142 2520 facit
1170 2483 1408 2521 Vincentium
1438 2483 1621 2534 quendam
1649 2482 1713 2519 Li-

194 2544 396 2590 rinensem,
423 2559 531 2595 quem
558 2546 641 2584 ideo
671 2547 811 2597 alioqui
840 2547 1043 2585 Ambrosio
1072 2561 1195 2599 parem
1228 2548 1306 2586 vult
1336 2548 1475 2592 haberi,
1502 2548 1600 2598 quod
1630 2560 1711 2584 eum

196 2609 434 2659 synchronon
473 2622 536 2646 seu
572 2610 764 2660 aequalem
801 2611 857 2648 illi
894 2611 1007 2649 fuisse
1043 2612 1144 2658 dicit,
1180 2612 1285 2663 quasi
1324 2624 1420 2658 vere,
1452 2612 1552 2648 cuius
1579 2610 1714 2661 aliquis

192 2674 356 2725 aequalis
384 2673 467 2718 fuit,
495 2687 618 2724 parem
648 2675 704 2712 illi
732 2675 805 2713 iam
834 2675 979 2713 demum
1009 2677 1122 2714 etiam
1149 2677 1265 2714 fuisse
1293 2680 1472 2727 oporteat.
1517 2675 1589 2712 Sed
1618 2676 1715 2713 unde

193 2751 329 2789 quaeso
365 2737 585 2788 pinnaculae
620 2738 721 2776 illius
750 2739 1118 2790 Hierosolymitanae
1146 2741 1190 2778 ad
1222 2740 1360 2778 Christi
1389 2739 1595 2777 Ecclesiam
1624 2753 1714 2777 ana-

192 2802 320 2851 logia?
375 2801 546 2839 Christus
592 2802 785 2852 Templum
832 2804 954 2854 ipsum
1001 2804 1150 2842 domum
1187 2803 1411 2855 precationis
1450 2807 1570 2847 vocat,
1612 2803 1712 2854 quod

192 2870 296 2906 extra
333 2866 509 2917 templum
544 2865 636 2903 illud
674 2867 839 2916 typicum
869 2881 987 2917 neque
1015 2868 1188 2905 invocare
1217 2867 1418 2905 Dominum
1447 2867 1596 2918 publico
1624 2872 1713 2905 tunc
