1818 3178
509 139 559 166 Da
589 139 871 167 sAcRAMEN'rIs
902 140 1115 167 ECOLESIAE
1142 141 1319 170 canisi-1.
1607 134 1674 174 171

205 240 304 278 Dum
329 241 445 290 igitur
470 240 511 278 in
539 245 668 278 nostra
695 240 764 279 hac
793 241 890 279 eirca
915 242 1131 292 mysterium
1159 245 1483 283 Sacramentorum
1503 245 1679 283 observa-

149 305 252 342 tione
288 305 457 349 dicimus,
503 306 628 342 omnia
658 306 895 344 Sacramenta
922 311 958 344 et
987 307 1118 344 veteris
1146 311 1182 345 et
1210 313 1358 346 nostrae
1387 308 1574 347 Ecclesiae
1602 322 1681 347 esse

150 382 264 406 unum
294 374 405 419 atque
431 368 530 405 idem
559 369 851 415 Sacramentum,
879 370 978 420 quod
1006 371 1156 421 quidem
1183 370 1229 408 ad
1256 372 1475 422 mysterium
1502 376 1537 410 et
1565 373 1678 410 finem

148 433 297 470 illorum
327 432 471 478 attinet,
510 433 619 469 simul
647 433 876 471 ostendimus
906 435 1176 472 controversias
1205 448 1332 473 omnes
1361 436 1676 474 Sacramentarias

152 509 227 534 non
264 497 402 534 versari
439 497 536 534 cirea
573 498 789 548 mysterium
826 503 888 535 aut
924 499 1035 536 finem
1073 500 1417 547 Saeramentorum,
1453 501 1517 539 sed
1551 501 1678 552 potius

154 559 251 596 eirca
281 560 400 608 signa,
427 573 521 613 quae
547 559 688 615 alioqui
715 560 816 597 varia
844 573 923 597 esse
950 561 1129 606 videmus,
1154 567 1189 599 et
1216 562 1396 600 elementa
1422 564 1585 602 illorum.

203 623 370 674 Cumque
408 620 583 661 vilissima
622 624 668 661 sit
695 637 779 674 pars
809 625 1137 662 Sacramentorum
1165 625 1314 674 signum
1341 627 1493 678 eiusque
1520 628 1680 665 elemen-

152 689 202 728 ta,
243 690 278 722 et
317 686 360 722 de
387 686 703 736 praestantissima
730 687 809 723 eius
835 691 952 736 parte,
981 700 1110 737 nempe
1139 686 1183 724 de
1209 689 1400 738 mysterio,
1426 690 1524 727 inter
1552 703 1680 727 omnes

152 749 363 792 conveniat,
398 763 528 801 nempe
565 750 609 787 de
646 755 772 787 nostra
803 762 887 787 cum
916 750 1067 787 Christo
1096 750 1259 789 Domino
1288 758 1437 791 aeterna
1466 767 1583 805 neque
1611 768 1681 792 uu-

151 826 260 862 quam
298 813 602 864 interrumpenda
640 813 915 860 communione,
952 814 1141 865 multoque
1182 816 1299 865 magis
1338 830 1497 868 aequum
1525 819 1584 863 sit,
1613 832 1681 856 nos

152 882 314 914 attentos
342 890 421 914 esse
446 877 493 914 ad
521 877 696 927 mysteria
724 876 805 926 ipsa
834 877 1172 919 Sacramentorum,
1201 883 1241 915 ut
1267 879 1341 916 illis
1369 880 1407 917 in
1437 893 1525 930 paee
1543 887 1679 918 etcum

152 941 357 989 gratiarum
393 941 540 978 actione
577 941 763 985 fruamur,
800 953 913 990 quam
951 945 989 977 ut
1026 941 1070 978 de
1107 941 1224 990 signis
1261 943 1456 981 illorumve
1491 945 1681 982 elementis

154 1006 423 1044 controversias
461 1018 548 1058 non.
565 1005 792 1043 necessarias
818 1017 1054 1050 moveamus,
1079 1026 1130 1033 -
1158 1019 1234 1044 non
1262 1008 1357 1044 tanti
1385 1021 1463 1046 esse
1491 1009 1680 1047 faciendas

153 1074 327 1121 putamus
361 1071 554 1120 signorum
580 1069 922 1119 elementorumque
949 1069 989 1106 in
1016 1082 1055 1106 re
1084 1070 1380 1108 Sacramentaria
1409 1073 1681 1110 controversias

154 1135 283 1184 (modo
321 1148 366 1172 ne
404 1135 458 1172 vis
493 1136 536 1171 ac
572 1134 735 1182 dignitas
771 1134 939 1183 my-(fol.
969 1134 1157 1181 67³)sterii
1192 1135 1431 1184 attingatur),
1465 1143 1506 1174 ut
1532 1143 1682 1188 propter

152 1200 235 1236 illas
263 1199 477 1236 societatem
506 1198 806 1235 Ecclesiasticam
836 1198 975 1235 violare
1003 1200 1268 1249 quoquomodo
1301 1200 1509 1238 debeamus.

206 1264 349 1302 Quarto
387 1264 497 1301 nobis
535 1263 808 1301 observandum
844 1270 899 1301 est
932 1264 971 1300 in
1009 1264 1078 1300 hac
1105 1271 1423 1302 sacramentorum
1451 1266 1682 1311 diffinitione,

154 1329 265 1380 quod,
310 1328 620 1379 quemadmodum
658 1328 825 1366 omnium
862 1334 1179 1366 sacramentorum
1215 1330 1433 1379 mysterium
1470 1331 1559 1368 olim
1596 1346 1684 1370 sane

152 1394 227 1431 iam
255 1394 375 1444 coepit
401 1394 441 1431 in
467 1394 596 1444 primis
625 1394 737 1431 etiam
764 1393 901 1431 nostris
929 1394 1247 1444 progenitoribus,
1265 1400 1463 1446 postquam
1480 1396 1524 1433 de
1544 1398 1683 1435 semine

153 1465 309 1498 venturo
337 1462 578 1512 promissioni
607 1461 869 1507 credidissent,
897 1461 1079 1512 duratque
1105 1462 1308 1500 etiamnum
1338 1464 1417 1501 sine
1440 1464 1681 1515 interruptio-

153 1538 199 1562 ne
235 1525 310 1562 ulla
346 1525 386 1562 iu
422 1525 589 1563 Ecclesia
637 1525 789 1570 Christi,
824 1530 859 1563 et
894 1526 1001 1576 plene
1038 1526 1184 1563 demum
1219 1526 1331 1564 etiam
1368 1528 1407 1564 in
1450 1534 1682 1565 mortuorunm

153 1589 422 1627 resurrectione
449 1590 669 1641 complenda
696 1594 909 1641 expectatur
937 1590 1165 1635 omnin0,—-
1183 1591 1234 1628 ita
1262 1591 1369 1640 signa
1398 1593 1507 1629 etiam
1531 1593 1608 1630 eius
1628 1594 1682 1644 ip-

155 1655 232 1691 sius
265 1655 444 1704 mysterii,
478 1655 525 1692 ab
558 1655 718 1706 ipsomet
745 1655 908 1692 Domino
945 1655 1130 1701 instituta,
1167 1656 1274 1704 signa
1311 1660 1396 1694 sunt
1432 1658 1677 1707 proculdubio

154 1718 207 1755 rei
252 1717 289 1755 et
331 1719 562 1768 praeteritae,
596 1732 690 1769 quae
727 1719 867 1756 dudum
902 1719 1043 1769 alioqui
1081 1719 1212 1770 coepit,
1250 1719 1286 1757 et
1323 1721 1540 1770 praesentis,
1586 1735 1680 1772 quae

154 1782 357 1819 etiamnum
385 1783 491 1821 duret
517 1784 555 1820 in
585 1783 725 1821 Christi
752 1782 920 1820 Ecclesia
949 1783 1028 1820 sine
1055 1784 1131 1821 ulla
1158 1784 1442 1835 interruptione,
1474 1785 1508 1823 et
1526 1787 1684 1832 futurae,

155 1852 336 1897 quatenus
368 1847 469 1885 illius
506 1849 817 1899 complementum
853 1848 976 1886 adhuc
1000 1849 1040 1886 in
1069 1854 1197 1886 nostra
1224 1850 1494 1888 resurrectione
1520 1852 1589 1889 sub
1620 1865 1683 1903 spe

156 1911 359 1948 certissima
386 1917 634 1962 expectamus.

207 1976 256 2013 Et
291 1977 449 2026 proinde
484 1977 677 2022 falluntur,
713 1978 776 2028 qui
814 1977 912 2015 nuda
949 1978 1147 2028 ociosaque
1184 1977 1290 2027 signa
1317 1992 1337 2015 a
1365 1978 1474 2016 nobis
1503 1981 1682 2018 constitui

154 2040 194 2077 in
232 2041 480 2079 Sacramentis
522 2046 668 2091 putant,
711 2048 905 2094 propterea
942 2042 1041 2093 quod
1078 2043 1392 2080 Sacramentalem
1429 2044 1603 2082 unionem
1640 2045 1681 2082 in

157 2107 231 2144 ulla
266 2106 355 2143 reali
390 2107 557 2150 omnino,
592 2107 649 2143 vel
691 2119 774 2144 eum
810 2108 931 2156 signo,
969 2107 1130 2144 ministri
1168 2107 1338 2144 videlicet
1366 2120 1485 2158 opere,
1513 2109 1569 2146 vel
1598 2121 1681 2146 eum

154 2172 233 2208 eius
269 2170 460 2207 elementis
489 2170 666 2218 con-(fol.
695 2171 943 2218 67¹»)nexi0ne
971 2184 1172 2218 agnoscere
1199 2183 1274 2207 non
1302 2171 1500 2220 possimus.
1551 2172 1682 2223 Neque

153 2236 252 2273 enim
298 2235 397 2272 nuda
434 2235 672 2285 vulgariaque
707 2238 771 2272 aut
820 2235 946 2272 ociosa
991 2235 1096 2284 signa
1141 2235 1179 2272 iu
1227 2236 1477 2273 Sacramentis
1512 2237 1682 2282 facimus,

155 2301 290 2338 nedum
327 2305 368 2337 ut
409 2299 731 2336 Sacramentorum
770 2299 1018 2337 ministerium
1057 2300 1240 2336 actionem
1287 2300 1437 2337 comicis
1484 2301 1681 2350 tragicisve

154 2363 556 2415 repraesentationibus
584 2363 740 2400 similem
767 2376 846 2400 esse
874 2364 1076 2400 dixerimus
1094 2376 1271 2413 unquam,
1289 2385 1339 2391 —
1358 2363 1420 2401 sed
1450 2378 1592 2415 semper
1619 2369 1676 2403 te-

154 2429 241 2466 stati
286 2441 425 2471 sumus,
469 2430 579 2476 atque
622 2426 825 2464 etiamnum
861 2431 1054 2469 testamur,
1098 2428 1204 2475 signa
1242 2427 1565 2465 Sacramentorum
1601 2442 1680 2466 esse

155 2493 261 2541 sigua
297 2505 317 2529 a
355 2491 432 2528 Deo
469 2491 548 2541 ipso
587 2494 622 2527 et
657 2490 805 2528 Christo
834 2491 997 2528 Domino
1026 2491 1212 2534 ordinata,
1248 2491 1385 2541 quibus
1414 2504 1556 2542 semper
1584 2493 1681 2530 adsit

156 2556 307 2606 spiritus
344 2560 506 2598 sanctus,
534 2553 703 2591 assiduus
731 2555 872 2604 alioqui
900 2555 1004 2592 testis
1032 2560 1067 2592 et
1095 2555 1327 2604 glorificator
1360 2556 1499 2593 Christi
1528 2556 1681 2593 Domini

155 2621 194 2658 in
230 2620 334 2657 omni
371 2620 485 2670 ipsius
514 2619 761 2664 institutione,
797 2620 1001 2669 efficiatque
1028 2620 1066 2657 in
1094 2619 1242 2670 piorum
1270 2620 1417 2664 animis,
1453 2625 1494 2657 ut
1520 2620 1556 2657 in
1586 2621 1679 2670 legi-

154 2685 246 2722 timo
277 2687 599 2721 sacramentorum
628 2683 847 2726 ministerio,
874 2689 978 2720 motu
1007 2684 1128 2721 cordis
1157 2685 1276 2721 nostri
1303 2698 1367 2735 per
1394 2685 1514 2735 ipsum
1542 2685 1680 2722 excita-

154 2749 196 2793 ti,
231 2762 315 2786 vere
348 2761 417 2785 nos
452 2748 491 2785 in
529 2752 656 2784 nostra
694 2759 777 2784 cum
814 2747 963 2784 Christo
999 2747 1160 2784 Domino
1199 2748 1461 2785 communione
1487 2748 1560 2784 iam
1589 2748 1677 2786 olim

157 2813 277 2851 delata
307 2813 511 2861 obsignari,
548 2825 630 2849 vere
656 2812 719 2849 illa
746 2812 832 2849 item
861 2812 972 2849 etiam
999 2812 1037 2849 in
1065 2818 1238 2862 praesens
1265 2812 1338 2850 frui
1366 2825 1428 2862 per
1457 2812 1565 2849 fidem
1594 2826 1678 2850 sen-

156 2877 304 2923 tiamus,
331 2882 441 2927 atque
468 2877 514 2914 ad
536 2876 774 2914 certissimam
798 2878 1056 2930 eomplementi
1074 2878 1173 2918 illius
1192 2877 1482 2930 expectationem
1503 2880 1678 2933 propulsa

158 2942 260 2982 omni
288 2941 487 2983 diffidentia
515 2942 711 2991 erigamur.
