1818 3178
206 89 278 128 516
854 98 914 125 ΕΡ.
947 97 1098 126 υοοΤιι.

218 198 464 242 obedieutiae,
499 210 613 248 quam
650 196 750 235 Deus
788 196 860 234 sibi
889 200 1032 246 gratam
1061 196 1178 235 fuisse
1206 197 1278 235 hoc
1305 197 1414 247 signo
1443 196 1585 235 scilicet
1611 196 1745 235 testari

220 263 392 302 voluerit.
446 261 518 299 Sed
559 262 656 299 hanc
692 262 1042 313 interpretationem
1079 261 1218 299 refellit
1253 262 1390 300 Paulus
1427 264 1520 313 ipse,
1556 261 1645 299 dum
1681 261 1747 307 ait,

220 327 476 365 Abrahamum
514 326 609 364 nihil
640 326 815 363 habuisse
844 326 889 363 de
915 339 988 376 quo
1016 325 1116 376 apud
1145 325 1263 363 Deum
1291 326 1446 376 gloriari
1472 325 1743 377 quoquomodo

220 390 415 442 potuisset,
441 389 578 427 nedum
608 395 646 427 ut
674 389 775 427 Deus
794 390 907 427 ullam
929 389 1031 427 illius
1052 389 1287 427 obedientiae
1308 390 1610 428 communionem
1630 389 1746 427 veluti

219 468 296 492 rem
323 455 398 492 sibi
424 454 599 505 placitam
627 454 666 492 in
696 454 773 492 eius
801 454 942 492 familia
963 454 1010 492 ad
1031 453 1214 492 iustitiam
1237 454 1421 505 imputare
1438 455 1610 498 voluerit.
1626 454 1744 491 multo

220 519 344 556 minus
381 523 504 556 autem
541 518 757 567 obsignare,
792 518 929 569 quippe
966 531 1048 555 cum
1077 518 1269 555 Abraham
1297 518 1377 580 ipse
1405 519 1509 556 nullo
1539 531 1606 556 suo
1635 531 1746 569 opere

220 582 299 620 Deo
326 583 471 633 placere
497 586 623 633 posset
650 587 687 620 et
713 582 760 619 ad
787 582 1069 633 approbandam
1098 581 1178 619 Deo
1199 595 1303 619 suam
1322 581 1573 619 obedientiam
1593 581 1744 620 alterius

219 660 301 697 ope,
328 659 460 697 nempe
488 646 638 683 Christo
667 646 823 683 Domini
851 651 988 695 egeret.
1049 645 1174 684 Quid!
1203 645 1306 696 quod
1385 649 1461 683 erte
1489 645 1580 683 dicit
1607 645 1744 683 Paulus

220 709 542 747 circumcisionem
571 709 736 758 sigillum
766 722 846 747 esse
873 708 1053 753 iustitiae,
1081 721 1158 746 non
1186 707 1309 759 operis
1335 658 1463 752 ffiius,
1491 707 1554 745 sed
1582 707 1681 754 fidei,
1709 711 1745 744 et

220 788 303 813 cum
332 774 544 812 obedientia
573 774 620 812 ad
649 787 742 825 opus
770 773 952 825 pertineat
981 786 1163 824 opereque
1183 777 1341 817 constet,
1361 785 1434 823 quo
1454 777 1562 823 pacto
1584 772 1744 811 exclusis

217 853 238 877 a
264 838 410 877 iustitia
439 839 508 876 hac
528 838 705 889 operibus
731 838 779 875 ad
800 837 1051 875 obedientiam
1080 837 1184 874 illam
1213 838 1427 875 referemus.
1459 836 1585 874 Quare
1605 835 1744 873 fallun-

217 909 278 943 tur
305 904 369 955 qui
399 903 468 941 hac
496 903 642 941 ratione
670 903 806 940 docent
835 902 1063 953 baptismum
1092 901 1258 950 sigillum
1287 914 1367 939 esse
1395 905 1547 938 nostrae
1566 897 1744 936 obedien·

216 969 291 1007 tiae
318 982 405 1018 erga
435 967 564 1013 Deum,
591 980 687 1018 quae
713 966 771 1004 illi
798 966 837 1004 in
866 966 977 1003 nobis
1006 966 1163 1017 placeat,
1190 964 1506 1016 quemadmodum
1534 962 1745 1001 Abrahami

217 1033 472 1072 obedientiam
497 1031 684 1084 placuisse
713 1031 831 1069 videri
860 1031 992 1069 volunt
1018 1030 1234 1069 testimonio
1264 1028 1577 1068 circumcisionis,
1613 1027 1745 1079 Neque

217 1098 279 1135 hic
306 1098 384 1147 agit
410 1097 559 1143 Paulus,
579 1110 627 1134 an
655 1096 802 1148 piorum
831 1108 941 1147 opera
969 1095 1140 1146 placeant
1168 1094 1260 1140 Deo,
1289 1093 1351 1132 sed
1381 1093 1535 1131 modum
1564 1105 1607 1130 ac
1626 1091 1742 1129 ratio-

215 1176 299 1201 nem
337 1161 469 1199 salutis
497 1166 647 1199 nostrae
674 1160 820 1198 indicat
848 1173 911 1197 seu
940 1159 1236 1203 iustificationis,
1263 1172 1283 1196 a
1302 1172 1374 1209 qua
1404 1170 1556 1208 operum
1586 1161 1739 1195 nostro-

213 1240 296 1264 rum
324 1225 491 1263 omnium
520 1225 743 1274 dignitatem
770 1224 936 1262 excludit
964 1231 1001 1261 et
1029 1223 1132 1268 dicit,
1154 1236 1200 1261 ne
1219 1222 1479 1261 Abrahamum
1507 1220 1671 1272 quidem,
1690 1219 1742 1257 ita

214 1290 409 1329 laudatum
444 1289 587 1340 alioqui
622 1288 886 1339 patriarcham,
918 1287 1094 1325 habuisse
1122 1286 1342 1338 quidquam,
1369 1285 1470 1337 quod
1496 1285 1575 1323 Deo
1603 1296 1740 1335 appro—

215 1355 302 1392 bare
345 1359 485 1405 posset,
530 1352 678 1391 etiamsi
716 1352 800 1390 voci
835 1352 939 1389 illius
977 1364 1122 1389 summa
1158 1350 1342 1400 religione
1391 1348 1595 1387 obediisset
1631 1354 1743 1399 atque

213 1418 317 1456 omni
354 1418 533 1456 virtutum
568 1429 704 1466 genere
738 1416 833 1454 alios
869 1429 998 1453 omnes
1027 1419 1230 1467 superaret.
1285 1414 1333 1452 Et
1360 1413 1512 1465 quidem
1538 1412 1742 1464 plurimum

213 1481 341 1520 damni
374 1482 485 1519 nobis
521 1481 626 1519 daret
658 1484 695 1518 et
733 1479 968 1518 circumcisio
1000 1479 1110 1517 simul
1137 1483 1171 1516 et
1200 1478 1421 1529 baptismuS,
1449 1477 1480 1515 si
1509 1481 1675 1515 nostram
1703 1475 1743 1513 in

215 1546 324 1584 nobis
352 1545 605 1583 obedientiam
633 1544 864 1594 obsignaret.
921 1543 1110 1581 Nimirum
1140 1542 1243 1580 aliud
1271 1541 1369 1579 nihil
1396 1545 1431 1579 et
1457 1541 1496 1578 in
1525 1539 1741 1578 Abrahamo

214 1615 249 1648 et
278 1610 316 1648 in
345 1610 456 1647 nobis
485 1609 662 1647 omnibus
691 1609 968 1657 obsignaretur,
995 1621 1106 1659 quam
1134 1611 1264 1644 nostra
1290 1605 1492 1643 infirmitas
1519 1608 1630 1655 atque
1649 1604 1741 1641 adeo

214 1673 294 1723 ipsa
331 1672 490 1711 servitus
518 1672 674 1724 peccati,
702 1685 773 1723 qua
802 1685 847 1709 ne
874 1671 1068 1709 Abraham
1097 1669 1248 1721 quidem
1274 1669 1355 1720 ipse
1383 1668 1546 1714 carebat,
1572 1673 1742 1719 essetque

213 1738 288 1775 iam
315 1741 350 1775 et
379 1736 613 1774 circumcisio
642 1741 678 1775 et
706 1736 915 1787 baptismus
943 1748 1020 1772 non
1048 1734 1181 1772 salutis
1209 1746 1298 1772 sane
1325 1738 1473 1771 nostrae
1500 1736 1564 1770 aut
1583 1732 1745 1783 promis-

211 1802 328 1840 sionis
365 1801 513 1839 divinae
549 1803 734 1851 σφραγίς,
763 1800 828 1838 sed
858 1798 1197 1838 condemnationis.
1250 1798 1301 1836 Et
1328 1801 1452 1835 tamen
1481 1796 1546 1848 qui
1573 1796 1646 1834 hoc
1674 1795 1742 1833 do-

213 1871 309 1911 cent,
336 1878 375 1904 se
397 1867 497 1904 solos
525 1878 604 1903 esse
627 1865 853 1914 gloriantur,
880 1864 945 1916 qui
974 1864 1178 1914 scripturas
1205 1862 1422 1911 intelligant
1448 1872 1743 1911 germanumque

210 1930 360 1968 illarum
398 1943 549 1967 sensum
578 1929 754 1973 habeant,
789 1929 883 1966 alios
920 1941 1005 1966 vero
1033 1941 1120 1979 prae
1158 1940 1197 1965 se
1233 1927 1334 1964 velut
1370 1939 1493 1964 rerum
1529 1924 1741 1963 divinarum

210 1999 381 2046 expertes
409 2008 453 2033 ac
480 1999 626 2033 tantum
656 2008 733 2032 non
761 1994 948 2032 Ethnicos
977 1996 1236 2032 contemnunt.
1283 1993 1379 2029 Sunt
1406 2004 1555 2029 rursum
1584 1990 1649 2041 qui
1676 2003 1740 2027 eo-

210 2060 293 2098 dem
322 2059 474 2111 quidem
502 2064 686 2111 spectant,
712 2059 775 2097 sed
805 2059 878 2097 alia
907 2059 1067 2098 ratione.
1119 2058 1296 2096 Iustitiae
1324 2056 1493 2106 sigillum
1519 2055 1740 2104 intelligunt

210 2137 286 2162 non
324 2129 410 2162 ante
445 2132 550 2162 actae
587 2124 823 2162 obedientiae
860 2124 1184 2176 approbationem,
1222 2122 1286 2160 sed
1319 2121 1593 2172 professionem
1625 2131 1742 2157 novae

208 2193 244 2227 et
280 2189 387 2240 quasi
423 2188 610 2240 quandam
640 2189 983 2238 inaugurationem,
1009 2202 1082 2239 qua
1111 2192 1272 2226 veterem
1310 2185 1498 2223 hominem
1535 2196 1671 2222 exuere
1707 2186 1743 2221 et

210 2266 349 2290 novum
387 2265 456 2291 nos
492 2252 647 2291 induere
681 2254 913 2304 profitemur.
969 2252 1017 2290 Et
1046 2252 1224 2303 quoniam
1252 2251 1417 2289 infantes
1447 2262 1493 2287 ne
1521 2249 1741 2298 dignoscere

210 2317 362 2368 quidem
396 2320 557 2368 possunt
586 2321 746 2355 veterem
775 2317 966 2356 hominem
992 2331 1013 2355 a
1042 2329 1153 2363 novo,
1182 2315 1319 2354 nedum
1346 2315 1466 2353 altero
1495 2317 1608 2351 exuto
1648 2311 1744 2350 alte·

208 2394 289 2418 rum
326 2381 492 2427 induere,
526 2381 621 2419 nihil
657 2381 704 2419 ad
739 2381 902 2420 infantes
941 2381 1166 2433 baptismum
1193 2381 1377 2432 pertinere
1407 2379 1549 2417 volunt.
1604 2376 1677 2414 Sed
1704 2379 1741 2413 et

208 2445 279 2483 hos
313 2445 450 2484 refellit
486 2446 596 2484 etiam
634 2446 714 2497 ipse
748 2446 901 2489 Paulus,
930 2446 1018 2484 dum
1045 2445 1305 2484 Abrahamum
1336 2443 1539 2482 credidisse
1564 2441 1645 2479 Deo
1673 2439 1739 2485 ait,

210 2523 286 2548 non
315 2514 436 2548 autem
459 2510 571 2548 ullam
593 2509 846 2548 obedientiam
874 2510 1084 2562 professum
1113 2523 1203 2556 esse,
1233 2509 1338 2546 cuius
1368 2505 1602 2545 circumcisio
1623 2503 1737 2541 veluti

210 2574 390 2625 quaedam
417 2574 657 2623 inauguratio
695 2581 804 2620 esset,
833 2588 952 2626 neque
978 2577 1064 2622 (25)
1092 2577 1246 2625 propter
1275 2573 1389 2610 ullam
1417 2567 1653 2608 obedientiae
1681 2566 1739 2604 vel

206 2637 478 2688 professionem
508 2638 564 2675 vel
592 2638 905 2689 approbationem
934 2638 1194 2676 Abrahamum
1222 2639 1434 2688 reputatum
1463 2631 1576 2670 fuisse
1595 2630 1735 2668 iustum

208 2717 228 2741 a
257 2703 350 2748 Deo,
378 2702 441 2741 sed
467 2708 662 2754 propterea
690 2703 942 2755 potissimum,
968 2703 1070 2755 quod
1099 2703 1249 2740 divinae
1274 2697 1516 2753 promissioni
1536 2696 1616 2742 sine
1636 2695 1740 2734 omni

206 2766 470 2818 disquisitione
515 2766 747 2813 credidisset,
790 2781 945 2819 eamque
987 2768 1124 2806 Paulus
1164 2780 1241 2805 non
1279 2761 1515 2803 obedientiae
1552 2759 1615 2798 sed
1652 2759 1740 2797 fidei

203 2831 385 2876 iustitiam
422 2831 583 2884 appellat
611 2837 646 2870 et
674 2832 781 2871 docet
808 2833 907 2872 illius
937 2835 1140 2884 σφρκγῒδκ
1169 2845 1248 2870 esse
1277 2826 1610 2868 circumcisionem.
1665 2824 1738 2865 Sed
