1818 3178
531 102 747 131 RESPoNsm
777 103 871 130 Anv.
902 101 1068 129 HosmM.
1497 91 1568 127 435

42 207 227 254 volebant,
262 228 314 237 —
338 205 499 243 etiamne
526 205 669 243 Hosius
699 204 875 243 maiorem
904 204 977 242 sibi
1013 203 1136 241 adhuc
1163 202 1274 240 fidem
1310 201 1349 239 in
1378 200 1570 239 nectendis

42 272 118 311 suis
156 271 353 309 calumniis
390 270 521 308 haberi
556 271 667 316 volet,
704 283 814 321 quam
852 270 960 307 libris
997 274 1033 306 et
1071 281 1202 306 manus
1237 267 1361 306 utrius
1404 267 1571 318 ipsorum

40 337 293 376 testimoniis?
345 336 471 386 Atque
506 335 742 386 Episcopalis
777 334 928 386 quidem
965 334 1078 371 Hosii
1113 333 1235 384 pudor
1261 336 1298 370 et
1324 332 1506 370 modestia
1531 331 1572 369 id

41 402 138 440 forte
164 400 383 452 postulabit,
411 399 476 437 sed
504 413 582 438 non
609 399 706 438 tanti
728 400 803 437 iam
822 400 918 437 fiunt
938 399 1076 448 (gratia
1097 398 1144 436 sit
1163 397 1326 436 Domino
1339 399 1365 445 1)
1382 397 1571 435 larvarum

42 463 322 518 Episcopalium
355 465 590 516 praestigiae,
626 469 668 503 ut
704 469 856 516 propter
891 464 976 502 illas
1012 464 1096 515 plus
1132 463 1180 501 sit
1216 462 1439 501 credendum
1468 475 1572 500 men-

40 530 147 569 tienti
184 530 386 581 Episcopo,
421 543 533 580 quam
575 530 634 568 vel
668 529 830 581 publicis
867 541 996 566 eorum
1032 528 1299 573 monumentis,
1333 528 1391 565 vel
1426 527 1574 578 scriptis

39 594 151 633 etiam
179 608 292 632 manu
319 595 486 645 ipsorum
514 594 563 631 ad
589 593 728 632 amicos
757 593 951 644 Epistolis‚
977 591 1024 630 ad
1052 605 1146 643 quos
1175 605 1275 637 sane,
1302 605 1397 642 quae
1424 592 1461 629 in
1491 591 1573 629 ani-

39 661 214 707 (118)m0
255 658 446 705 habemus,
482 658 598 696 libere
633 658 866 696 confidenter
901 660 936 695 et
975 657 1053 694 sine
1094 657 1281 708 hypocrisi
1309 657 1384 694 ulla
1412 656 1574 694 scribere

41 723 216 761 solemus.
270 723 384 761 Porro
413 723 494 774 ipsa
522 722 635 760 Hosii
662 721 938 772 argumentatio
965 721 1092 772 prodit
1120 721 1283 758 hominis
1318 721 1356 758 in
1388 720 1574 758 struendis

40 788 237 826 calumniis
271 788 474 843 vanitatem
502 791 613 838 atque
641 786 925 837 impudentiam.
989 788 1068 831 Ait,
1105 785 1302 823 Calvinum
1330 798 1438 834 aegre
1464 786 1574 830 ferre,

39 852 141 903 quod
169 851 338 890 Luthero
374 864 462 902 prae
497 864 536 889 se
561 851 752 889 tribuatur
781 849 917 887 Heliae
942 849 1086 896 titulus,
1115 849 1202 900 quia
1227 849 1284 886 illi
1322 849 1479 893 invidet,
1512 849 1574 887 in-

39 917 165 956 videre
191 920 327 960 autem,
356 916 442 967 quia
462 916 501 953 id
522 915 771 966 reprehendit.
800 915 993 952 Praeclara
1013 927 1100 952 sane
1118 918 1229 965 atque
1248 914 1370 952 Hosio
1386 915 1574 966 Episcopo

39 981 154 1030 digna
181 993 335 1032 prorsus
362 979 654 1029 argumentatio,
683 979 746 1017 sed
774 992 869 1030 quae
888 978 927 1016 in
946 978 1069 1029 ipsum
1084 978 1212 1016 eadem
1238 991 1349 1029 opera
1370 979 1576 1030 retorqueri

40 1050 176 1097 potest.
239 1047 317 1084 Aut
355 1045 454 1082 enim
500 1044 642 1090 laudat,
687 1047 750 1082 aut
793 1043 1031 1095 reprehendit
1067 1043 1222 1090 Hosius,
1259 1043 1423 1082 Luthero
1459 1044 1576 1082 tribui

42 1110 177 1148 Heliae
213 1109 381 1148 titulum.
435 1108 476 1146 Si
501 1108 643 1154 laudat,
671 1121 775 1146 suam
802 1108 881 1158 ipse
908 1108 1136 1158 impietatem
1163 1112 1328 1155 accusat,
1355 1109 1455 1159 quod
1484 1108 1574 1146 doc-

38 1175 178 1213 trinam
222 1174 324 1211 illius
362 1173 529 1219 damnat,
567 1186 677 1224 quem
712 1185 780 1223 pro
809 1172 994 1222 Propheta
1023 1172 1207 1222 agnoscit.
1256 1173 1296 1210 Si
1323 1173 1574 1224 reprehendit,

38 1242 114 1279 iam
147 1240 282 1278 iisdem
322 1240 465 1277 retibus
513 1243 642 1289 captus
671 1241 829 1283 tenetur,
864 1251 959 1288 quae
1001 1237 1156 1275 Calvino
1192 1237 1364 1277 tetendit.
1423 1238 1575 1277 Invidet

39 1306 218 1344 nimirum
244 1305 411 1343 Luthero
440 1304 594 1343 titulum
622 1303 768 1350 Heliae,
797 1303 884 1354 quia
912 1303 1019 1340 illum
1046 1302 1299 1354 reprehendit,
1336 1307 1371 1341 et
1399 1304 1486 1355 quia
1512 1303 1573 1342 in-

39 1371 153 1416 videt,
194 1383 303 1419 aegre
340 1370 411 1407 fert
447 1369 554 1406 illum
599 1381 687 1419 prae
724 1380 762 1406 se
807 1366 975 1405 Luthero
1020 1367 1149 1412 tribui,
1195 1367 1498 1419 quandoquidem
1535 1383 1575 1407 se

38 1434 111 1472 hoc
146 1434 267 1484 elogio
304 1433 431 1471 ornari
475 1433 615 1472 mallet.
669 1431 855 1483 Excipiet,
896 1432 1014 1470 multa
1059 1431 1282 1483 reprehendi
1317 1446 1438 1484 posse,
1479 1447 1574 1484 quae

38 1511 117 1537 non
151 1497 373 1536 invidemus.
428 1499 480 1536 At
516 1510 602 1535 vero
632 1497 703 1535 hac
729 1496 810 1547 ipsa
838 1496 1056 1547 exceptione
1084 1509 1123 1534 se
1149 1498 1260 1545 (119)
1286 1497 1441 1548 ipsemet
1468 1499 1575 1536 vani-

36 1564 126 1602 tatis
159 1567 271 1614 atque
305 1562 560 1614 impudentiae
597 1563 637 1600 in
673 1562 907 1600 traducendo
947 1561 1093 1600 Calvini
1138 1562 1290 1601 nomine
1327 1568 1502 1614 coarguet
1538 1569 1574 1603 et

40 1629 252 1668 convincet.
305 1629 456 1666 Etenim
485 1628 516 1666 si
554 1627 776 1679 reprehendi
813 1640 834 1664 a
870 1626 979 1664 nobis
1016 1627 1133 1664 multa
1169 1631 1338 1677 possunt,
1374 1641 1468 1679 quae
1495 1641 1572 1667 non

40 1695 266 1740 invidemus,
302 1697 376 1731 tam
415 1706 503 1731 sane
538 1697 594 1730 est
628 1692 668 1730 in
705 1705 817 1729 manu
853 1691 1020 1737 Calvino,
1048 1704 1158 1742 quam
1184 1691 1257 1742 ipsi
1286 1691 1420 1738 Hosio,
1446 1705 1571 1744 repre-

40 1759 201 1797 hendere
239 1758 280 1796 in
317 1757 485 1796 Luthero
524 1756 662 1794 Heliae
698 1756 864 1801 titulum,
900 1755 1047 1793 etiamsi
1082 1768 1167 1793 eum
1202 1755 1259 1793 illi
1286 1769 1363 1794 non
1393 1756 1572 1804 invideat,

42 1824 180 1863 nedum
217 1827 260 1861 ut
296 1823 332 1861 ei
365 1823 470 1860 illum
509 1835 596 1873 prae
633 1835 672 1859 se
707 1821 824 1859 tribui
861 1834 969 1870 aegre
1006 1821 1114 1866 ferat,
1148 1821 1224 1858 nisi
1260 1821 1291 1858 si
1324 1835 1366 1859 ea
1400 1826 1456 1860 est
1482 1836 1572 1873 pur-

39 1893 193 1941 puratae
231 1888 424 1937 Caligulae
459 1887 732 1938 praerogativa,
759 1890 799 1924 ut
827 1886 900 1924 sibi
928 1890 1077 1935 arroget
1104 1890 1256 1937 propter
1284 1887 1438 1925 bifidam
1466 1901 1571 1926 suam

38 1954 209 1999 infulam,
246 1952 348 2002 quod
384 1951 468 1989 aliis
497 1951 785 2002 haudquaquam
812 1949 1006 2001 permittit.
1060 1952 1184 2001 Atque
1211 1964 1300 1989 sane
1327 1955 1414 1990 sunt
1441 1952 1572 2000 multa,

40 2032 134 2071 quae
169 2031 288 2069 neque
315 2030 380 2069 per
414 2016 674 2063 invidentiam,
707 2029 827 2066 neque
863 2029 927 2066 per
955 2015 1069 2053 ullam
1098 2017 1245 2054 omnius
1273 2017 1571 2057 malevolentiam

40 2084 104 2122 alii
139 2083 179 2121 in
221 2082 316 2129 aliis,
355 2081 418 2119 sed
456 2082 536 2119 solo
571 2080 713 2131 gloriae
751 2080 820 2118 Dei
848 2080 970 2118 studio
999 2081 1304 2131 reprehendimus
1343 2083 1509 2135 adeoque
1535 2088 1572 2122 et

41 2149 275 2194 damnamus,
311 2146 449 2185 nedum
485 2150 538 2192 ut,
573 2160 668 2197 quae
709 2145 755 2183 ad
792 2159 876 2184 eum
912 2146 1064 2184 modum
1091 2146 1131 2184 in
1160 2147 1243 2184 aliis
1270 2160 1499 2195 accusamus,
1525 2149 1572 2187 ad

39 2228 109 2253 nos
127 2214 230 2265 ipsos
258 2212 457 2251 transferri
484 2212 563 2250 ullo
592 2212 703 2249 modo
731 2225 808 2250 non
837 2212 920 2249 dico
948 2212 1116 2257 velimus,
1144 2212 1207 2250 sed
1236 2213 1347 2251 etiam
1375 2215 1573 2265 patiamur.

40 2279 102 2317 Sic
138 2277 320 2329 propheta
358 2289 480 2327 usque
515 2276 608 2314 adeo
645 2276 886 2314 abominatur
922 2276 1189 2314 malevolorum
1227 2281 1387 2321 coetum,
1421 2282 1464 2316 ut
1500 2279 1574 2317 sibi

38 2345 185 2384 nullum
223 2342 321 2394 apud
358 2342 445 2380 illos
478 2342 604 2379 locum
639 2341 794 2379 omnino
831 2341 1017 2392 reliquum
1053 2355 1133 2380 esse
1159 2342 1261 2388 velit,
1297 2347 1332 2381 et
1367 2347 1491 2382 tamen
1528 2344 1573 2383 de

40 2422 119 2455 sua,
157 2421 238 2446 cum
278 2420 369 2456 erga
406 2405 539 2453 Deum,
567 2409 647 2444 tum
676 2419 764 2456 erga
790 2406 1001 2456 proximum
1031 2394 1242 2453 dilectione,
1270 2409 1380 2456 (120)
1408 2408 1504 2446 nihil
1531 2421 1575 2447 eo

39 2473 189 2525 quidem
224 2472 377 2511 nomine
412 2471 582 2510 remittit.
638 2471 766 2510 Quare
803 2471 833 2509 si
870 2475 906 2509 et
935 2471 1111 2509 Calvinus
1145 2484 1288 2522 nosque
1322 2473 1462 2523 pariter
1489 2486 1573 2513 cum

39 2538 106 2576 illo
143 2550 272 2575 omnes
308 2549 386 2574 non
425 2535 499 2573 alio
537 2547 638 2579 sane,
665 2548 776 2585 quam
813 2534 974 2572 tuendae
1008 2533 1150 2572 Christi
1176 2534 1331 2573 Domini
1365 2536 1507 2585 gloriae
1539 2541 1576 2574 et

42 2601 246 2640 Doctrinae
292 2598 536 2650 Apostolicae
584 2596 722 2643 studio,
764 2601 1043 2648 praeposterum
1082 2598 1180 2635 hunc
1216 2599 1452 2649 quorundam
1489 2613 1575 2648 erga

41 2665 249 2704 Lutherum
276 2663 449 2702 affectum
477 2663 517 2700 in
546 2662 668 2700 delato
696 2661 753 2699 illi
790 2661 925 2699 Heliae
961 2661 1070 2700 titulo
1100 2662 1231 2700 merito
1258 2663 1576 2714 reprehendimus,

41 2744 85 2770 eo
121 2731 223 2783 quod
259 2728 471 2768 istiusmodi
506 2728 639 2766 titulos
685 2727 757 2765 hoc
792 2731 958 2778 tempore
995 2727 1034 2764 in
1072 2727 1212 2766 Christi
1249 2728 1419 2767 Ecclesia
1456 2728 1576 2766 haud-

43 2809 228 2848 quaquam
269 2794 424 2833 omnino
452 2792 627 2831 ferendos
664 2805 744 2831 esse
780 2792 861 2830 sine
888 2792 965 2830 ulla
992 2792 1135 2844 alioqui
1160 2793 1432 2832 moderationis
1459 2794 1577 2832 alicu-

42 2861 98 2898 ius
144 2858 420 2910 significatione
448 2861 669 2903 statuamus,
696 2878 746 2886 —-
773 2856 933 2895 etiamne
960 2856 1083 2895 adhuc
1122 2857 1267 2909 Hosius
1303 2862 1453 2897 nostrae
1489 2857 1576 2898 huic
