1818 3178
172 147 227 177 XL
801 135 1027 165 PRAEFATIO
1038 153 1047 165 .

181 264 250 307 sed
289 263 375 303 vice
420 261 579 301 inversa
620 256 885 312 posteriorem
927 267 1092 309 quoque
1124 267 1272 295 versus
1302 259 1464 309 partem
1497 251 1686 305 absolvit,

186 336 302 378 cuius
331 334 391 375 rei
419 329 610 374 carminis
639 328 800 369 initium
833 325 1030 382 praebeat
1062 324 1326 381 exemplum:

312 473 379 495 ’·65
401 467 906 496 8310111213141161

189 475 280 497 1...3
963 464 1643 487 ¹7161514131211109876543

186 512 310 552 aspi
300 498 382 537 iec
394 492 888 535 namraromitt

928 489 1142 531 ictum
1173 503 1236 534 or
1273 504 1424 530 arma
1453 502 1691 541 neezpsa

268 645 325 665 ΓΞ·
340 644 362 665 8·
376 645 398 664 Δ·
412 643 434 663 5·
447 642 543 663 6·7·s·
556 641 580 662 9·
596 641 632 662 ¹0·
649 640 688 661 11·
707 640 743 662 {e-
760 640 795 661 ¹3·
813 616 910 661 wls!
957 616 1110 660 ''15‘14-13·
1129 637 1167 658 12·
1184 637 1221 658 Μ’
1238 637 1459 659 10-9·s-7·6-5·
1472 639 1496 660 4·
1510 638 1534 658 Ξ·
1549 638 1563 658 Ξ
1588 637 1610 659 1·

269 667 569 709 sisemente
602 678 720 719 reg
750 670 816 704 et
856 676 988 720 non
1036 666 1140 713 bey
1171 676 1191 702 e
1221 676 1243 702 φ’
1273 666 1449 702 ernam
1413 662 1602 703 mesi-3.

239 791 367 832 Poeta
407 803 568 830 saevam
610 787 741 828 Ducis
772 786 811 827 in
845 801 885 827 se
917 786 1163 827 concitatam
1198 785 1302 826 iram
1336 784 1480 827 sedare
1511 792 1552 828 et
1583 802 1693 828 com-

187 876 350 918 pescere
395 860 541 909 studet,
590 858 794 914 simulque
826 872 920 898 eum
953 857 1097 898 invitat
1127 864 1185 907 ut,
1220 856 1419 898 classibus
1449 857 1690 910 instructus,

186 933 362 976 Gothica
391 938 503 973 terra
533 930 742 986 profectus
773 929 1023 970 Lithuaniae
1068 927 1205 970 littora
1240 928 1420 970 invadat.
1479 928 1692 983 Perquam

186 1005 401 1047 artificiosa
439 1003 564 1044 totius
595 1001 787 1044 carminis
818 1001 1061 1056 compositio
1082 1001 1170 1042 eius
1196 1000 1513 1057 intelligentiam
1537 1001 1693 1043 mirum

184 1077 223 1118 in
256 1075 422 1117 modum
457 1073 649 1116 obscurat
678 1080 718 1114 et
746 1072 928 1128 impedit,
962 1087 1091 1126 quare
1124 1072 1225 1114 haec
1255 1072 1296 1113 in
1319 1073 1512 1113 universo
1534 1071 1582 1113 de
1605 1072 1693 1114 eius

186 1153 434 1203 argumento
463 1145 667 1186 monuisse
711 1143 896 1185 sufficiat.
958 1143 1049 1186 Cur
1090 1151 1228 1185 tamen
1261 1142 1312 1185 ab
1342 1144 1365 1185 a
1396 1143 1533 1185 Lasco
1566 1143 1695 1200 melos

184 1218 288 1260 illud
320 1215 632 1259 abiudicandum
665 1214 786 1268 idque
819 1215 1009 1270 spurium
1040 1214 1276 1256 habendum
1308 1231 1395 1256 esse
1447 1214 1695 1264 censuerim,

186 1290 257 1332 has
288 1289 386 1331 mihi
417 1288 534 1329 video
563 1287 802 1328 iustissimas
834 1286 986 1328 habere
1019 1287 1218 1328 rationes:

244 1363 281 1401 1.
313 1359 474 1401 nullum
516 1358 729 1400 Freherus
758 1357 918 1413 profert
962 1363 1108 1399 testem
1151 1365 1191 1400 et
1220 1358 1383 1400 nonnisi
1414 1357 1576 1400 rumori
1607 1372 1696 1400 cre·

187 1432 298 1475 didit.

248 1506 284 1545 2.
315 1502 430 1544 Fatis
461 1501 610 1543 functis
639 1505 699 1542 est
719 1504 858 1542 noster
880 1515 914 1542 a.
941 1501 1051 1542 1660
1088 1500 1158 1557 (13
1178 1499 1315 1558 Ian.);
1341 1499 1520 1543 Carolus
1542 1507 1696 1549 autem,

189 1573 515 1619 Sudermanniae
544 1571 641 1623 (luiz,
686 1578 807 1613 natus
847 1577 910 1613 est
937 1571 1078 1613 decem
1112 1587 1241 1614 annos
1273 1579 1406 1621 antea,
1438 1588 1476 1614 a.
1509 1573 1620 1614 1550
1655 1573 1697 1629 (8

192 1645 318 1702 Oct.).
377 1645 479 1687 Tale
511 1659 676 1686 carmen
707 1651 845 1685 autem
877 1659 901 1685 a
933 1659 1064 1699 puero
1104 1660 1214 1686 nono
1249 1645 1392 1687 aetatis
1422 1659 1533 1686 anno
1563 1660 1699 1700 neque

190 1719 274 1774 legi
306 1718 450 1774 potuit,
496 1731 630 1772 neque
670 1716 801 1772 igitur
840 1715 930 1758 dari
972 1715 1022 1758 ad
1054 1717 1190 1772 ipsum
1222 1717 1262 1758 in
1294 1731 1421 1759 causa
1452 1717 1698 1773 praesertim

192 1790 365 1846 privata.

251 1860 288 1903 3.
321 1859 565 1901 Inscribitur
596 1861 651 1901 ad
678 1860 827 1901 Ducem
859 1860 1183 1911 Suclermanniae,
1218 1874 1341 1915 quem
1374 1860 1545 1902 titulum
1568 1859 1699 1904 Caro-

196 1931 258 1972 lus
289 1931 449 1972 nonnisi
479 1937 571 1986 post
600 1930 755 1971 obitum
787 1930 965 1972 Gustavi
998 1930 1031 1982 I,
1066 1930 1104 1974 d.
1141 1933 1191 1974 29
1215 1930 1330 1987 Sept.
1355 1932 1479 1984 1560,
1503 1933 1530 1974 i.
1552 1948 1587 1975 e.
1610 1938 1701 1975 octo

198 2018 367 2053 menses,
411 2009 624 2058 postquam
662 2002 823 2045 Lascus
869 2019 892 2044 e
934 2003 1034 2045 vivis
1073 2011 1317 2054 excesserat,
1348 2004 1440 2046 iure
1471 2005 1704 2048 testamenti

198 2073 367 2129 adeptus
398 2080 457 2115 est
491 2075 538 2130 ¹).

254 2144 298 2187 Si
330 2146 419 2200 quis
464 2145 667 2187 undenam
700 2146 913 2202 irrepserit
958 2145 1160 2188 ridiculus
1205 2161 1339 2199 error,
1386 2163 1451 2189 me
1497 2155 1629 2205 roget,
1661 2148 1702 2190 in

199 2224 394 2271 promptu
414 2231 498 2257 esse
531 2216 696 2258 videtur
728 2218 980 2270 coniectura,
1013 2217 1123 2273 quod
1156 2219 1334 2260 nominis
1365 2218 1590 2261 similitudo
1631 2235 1704 2261 no-

201 2289 273 2330 stri
303 2305 395 2331 cum
438 2288 571 2331 IVANE
602 2290 787 2332 LASICKY
822 2291 1016 2348 (Ioannes
1046 2291 1227 2333 Lasitius
1260 2292 1388 2349 vulgo
1420 2292 1569 2351 dictus)
1603 2292 1707 2336 Fre·

202 2360 300 2401 horo
331 2361 582 2415 imposuerit.
641 2361 834 2412 Lasitius,
866 2364 937 2418 qui
969 2379 1004 2404 a.
1040 2363 1150 2406 1534
1180 2371 1302 2406 natus
1333 2380 1455 2406 omne
1486 2364 1590 2407 illud
1621 2381 1707 2408 sae-

203 2430 343 2472 culum
387 2447 576 2487 egressus
607 2441 677 2481 est,
712 2433 905 2475 facillime
939 2433 1082 2476 Caroli
1110 2436 1212 2477 iram
1247 2436 1287 2477 in
1320 2451 1363 2478 se
1392 2437 1601 2479 concitare
1634 2453 1704 2494 po-

202 2502 290 2552 tuit,
325 2516 451 2556 quun]
486 2503 571 2557 ipse
601 2503 922 2546 Bobemicorum
956 2505 1135 2547 fratrum
1166 2507 1393 2549 indefessus
1414 2518 1708 2566 propugnator

204 2573 384 2629 maligne
429 2574 523 2615 satis
557 2573 800 2617 Calvinismi
832 2576 909 2618 sub
941 2576 1095 2620 Carolo
1125 2579 1166 2620 in
1198 2578 1376 2622 Polonia
1406 2581 1616 2623 successui
1647 2582 1708 2624 in-

203 2643 360 2685 videret
391 2644 440 2701 '·).

244 2791 269 2829 ¹)
294 2790 342 2822 Cf.
364 2792 524 2829 niumm,
548 2791 674 2823 Geneal.
697 2792 844 2837 'Faba-lle,
868 2793 915 2825 ed.
941 2794 1019 2836 belg.
1043 2796 1069 2828 Ι.
1085 2796 1149 2828 tab.
1165 2797 1214 2828 82.
1238 2797 1442 2836 SCELOSSER,
1458 2798 1648 2840 Weltgesch.
1665 2798 1714 2831 ed.

204 2845 283 2886 belg.
307 2846 394 2876 XIII.
418 2857 448 2887 p.
471 2846 540 2879 271.

245 2901 270 2938 ²)
295 2899 343 2931 Cs.
368 2900 480 2931 Lai-itii
503 2901 595 2933 vitam
619 2901 649 2933 iu
674 2901 823 2940 Hanzoc,
849 2903 1106 2947 ReubEueyclop.
1128 2907 1368 2949 Ergfinzungen.
1392 2908 1467 2941 1092
1490 2909 1582 2941 Heft.
1605 2908 1676 2943 770.
