1818 3178
506 187 557 213 nn
585 186 748 213 cnmsm
776 183 1093 212 chRNA'rroNE.
1507 169 1552 204 19

46 288 310 342 compositivae
334 287 535 340 particulae
561 287 808 325 observemus.
851 286 936 323 Scio
963 296 1049 322 vero
1075 286 1112 321 te
1137 281 1200 319 hic
1223 277 1404 328 gravatim
1429 276 1469 314 id
1496 277 1549 313 la-

46 359 171 394 turum
198 367 288 399 esse,
312 352 413 405 quod
438 355 474 390 te
500 352 549 390 ad
574 365 788 401 graecarum
816 363 944 388 vocum
972 347 1280 398 significationem
1305 354 1476 382 revocare
1502 341 1554 378 ita

48 432 170 458 coner.
225 418 298 457 Sed
331 416 425 455 mihi
451 429 527 454 non
552 417 648 454 tanti
675 416 735 453 hic
762 414 971 453 faciendum
999 416 1054 450 est
1078 415 1185 449 tuum
1209 408 1399 451 iudicium,
1424 405 1555 457 quanti

50 483 210 534 Spiritus
244 482 363 520 sancti
397 494 476 520 non
509 481 619 518 inane
652 480 790 530 alioqui
826 478 1035 522 consilium,
1060 476 1125 526 qui
1151 479 1388 526 posteaquam
1415 470 1554 508 doctri-

49 560 120 586 nae
153 546 399 596 Evangelicae
433 549 541 596 atque
577 545 814 596 Apostolicac
849 542 1091 591 Archetypon
1125 552 1204 578 esse
1239 537 1357 575 voluit
1390 535 1556 585 linguam

49 623 233 662 graecam,
267 610 387 648 nostri
419 622 488 647 nos
523 609 634 647 etiam
669 608 777 646 oflicii
812 619 890 645 esse
924 609 1107 656 putamUS‚
1140 607 1182 640 ut
1216 613 1432 652 germanum
1457 599 1558 637 illius

50 675 279 714 intellectum
305 688 325 712 e
351 674 519 712 fontibus
546 673 682 724 potius,
707 685 818 723 quam
842 684 862 708 e
881 669 1022 714 rivulis,
1041 668 1144 705 iuxta
1165 666 1252 704 doni
1273 665 1392 703 nostri
1409 676 1557 702 mensu-

51 752 132 776 ram
156 742 334 789 petamus.
363 738 418 775 Ut
444 737 592 775 interim
618 742 759 774 taccam
785 747 862 773 non
888 746 966 771 esse
993 733 1165 770 decorum
1184 731 1384 768 christiano
1406 729 1562 771 doctori,

30 840 33 842 ,
54 802 175 854 qualis
199 806 241 840 tu
268 801 397 839 haberi
424 802 492 846 vis,
519 814 596 839 non
623 801 742 838 solum
768 799 941 847 ignorare
966 795 1177 845 Archetypa
1195 794 1439 843 Evangelicae
1455 797 1564 842 atquc

54 866 294 917 Apostolicae
329 866 528 908 doctrinae,
564 865 628 903 sed
663 877 705 902 ea
741 866 975 900 contemnere
1012 858 1284 910 quodammodo
1319 858 1442 900 etiam,
1477 856 1564 892 dum

55 942 173 980 neque
206 932 247 966 tu
279 929 358 979 ipse
392 928 432 965 in
467 928 542 965 illis
569 925 737 971 versaris,
763 928 800 962 et
825 924 974 962 illorum
1000 921 1213 960 testimonia
1240 933 1315 958 non
1342 931 1566 969 magnopere

55 991 222 1031 moraris.
263 991 382 1030 Quasi
417 1004 502 1029 vero
540 993 771 1040 contemptus
805 987 866 1025 hic
901 1000 979 1024 non
1012 986 1053 1023 in
1084 985 1205 1036 ipsum
1239 984 1350 1022 etiam
1387 983 1567 1033 Spiritum

56 1061 225 1096 sanctum
260 1056 454 1102 derivetur,
480 1055 692 1104 linguarum
713 1053 753 1090 in
780 1051 947 1089 Ecclesia
974 1053 1008 1088 et
1035 1062 1160 1087 earum
1187 1047 1413 1097 cognitionis
1440 1050 1567 1083 aucto-

43 1135 146 1168 ,rcm,
180 1134 289 1172 quem
323 1124 363 1158 tu
396 1120 545 1157 interim
570 1118 622 1155 ita
647 1117 719 1155 tibi
743 1129 912 1167 usurpas,
937 1118 979 1152 ut
1005 1114 1104 1152 solus
1131 1113 1251 1150 fidelis
1279 1110 1482 1161 scripturae
1507 1110 1566 1146 in-

55 1189 195 1237 terpres
222 1184 339 1223 videri
365 1184 466 1221 velis.
497 1182 569 1220 Sed
594 1181 642 1219 ad
668 1181 894 1218 institutum.
925 1179 1022 1216 Satis
1048 1181 1199 1229 apparet
1225 1175 1344 1222 exiis,
1362 1188 1455 1225 quae
1472 1174 1568 1211 dixi-

59 1313 377 1351 assimiliationem
411 1310 500 1348 Filii
533 1309 604 1347 Dei
629 1309 677 1347 ad
704 1321 785 1355 nos,
810 1321 889 1346 non
915 1311 1039 1345 autem
1065 1307 1112 1344 ad
1136 1310 1239 1344 tuam
1265 1304 1569 1356 acceptationem.

110 1379 192 1416 Iam
218 1389 303 1415 vero
330 1375 404 1413 tuis
430 1375 547 1426 ipsius
572 1374 684 1412 armis
711 1377 831 1411 tecum
858 1385 1024 1422 agemus,
1050 1375 1086 1409 et
1113 1370 1334 1409 donabimus
1361 1369 1432 1406 tibi
1447 1381 1570 1405 veram

59 1456 138 1481 esse
163 1446 266 1480 tuam
292 1441 353 1478 hic
371 1440 410 1477 in
428 1439 539 1477 verbo
560 1438 773 1476 assumendi
791 1437 1146 1488 interpretationem,
1163 1435 1308 1473 etiamsi
1327 1433 1571 1471 clarissimum

60 1509 108 1546 sit
132 1507 237 1545 illam
265 1505 464 1544 consistere
490 1504 593 1542 nullo
620 1503 731 1541 modo
758 1516 878 1554 posse,
904 1515 982 1540 non
1007 1501 1108 1551 quod
1136 1501 1183 1538 sit
1209 1500 1332 1550 impia,
1358 1498 1454 1536 nihil
1474 1497 1573 1535 enim

62 1571 174 1609 habet
208 1571 370 1609 alienum
404 1583 425 1607 a
461 1568 671 1606 Christiana
707 1568 846 1617 regula,
881 1567 946 1605 sed
981 1565 1081 1617 quod
1116 1565 1163 1603 ad
1197 1578 1282 1602 eum
1316 1564 1422 1601 Pauli
1448 1563 1571 1600 locum

63 1636 166 1675 nullo
201 1635 312 1672 modo
348 1633 540 1685 pertineat.
595 1633 676 1681 Age
711 1644 811 1676 vero,
845 1630 1048 1681 accipiatur
1082 1629 1142 1666 hic
1170 1630 1414 1677 assumpsisse
1440 1640 1506 1677 pro
1536 1628 1574 1663 z'n

61 1702 224 1749 qratiam
250 1698 442 1749 recepisse.
480 1696 584 1734 Quid
610 1701 685 1733 tum
702 1695 856 1746 postea?
885 1694 987 1731 Num
1004 1693 1088 1730 ideo
1107 1693 1241 1729 falsum
1260 1692 1341 1736 erit,
1359 1691 1459 1741 quod
1478 1691 1574 1727 Pau-

63 1764 122 1801 lus
148 1762 256 1800 docet
282 1762 328 1800 de
355 1761 475 1799 carnis
501 1765 538 1798 et
565 1759 757 1809 sanguinis
785 1759 903 1796 nostri
930 1758 970 1795 in
991 1757 1138 1795 Christo
1157 1755 1465 1807 participatione?
1493 1754 1575 1790 Imo

65 1840 150 1865 vero
177 1827 247 1864 hac
271 1830 336 1864 tua
361 1823 665 1876 interpretatione
694 1822 975 1861 confirmabitur
1004 1821 1172 1859 doctrina
1198 1824 1324 1858 nostra
1343 1820 1387 1856 de
1404 1820 1577 1856 incarna-

64 1892 167 1930 tione
194 1890 344 1928 Christi.
398 1889 498 1927 Illud
524 1889 622 1927 enim
651 1902 696 1926 ex
722 1888 793 1925 hoc
819 1887 926 1925 Pauli
951 1887 1034 1924 loco
1062 1886 1236 1924 efficietur
1261 1885 1365 1922 iuxta
1391 1888 1492 1921 tuam
1519 1883 1577 1933 ip-

65 1956 141 1994 sius
173 1954 526 2005 interpretationem,
570 1952 708 1990 Filium
745 1953 813 1989 Dei
849 1951 1057 2002 oportuisse
1091 1951 1172 1987 fieri
1205 1950 1383 1987 fratribus
1420 1948 1577 1985 similem

68 2020 188 2057 carnis
225 2019 389 2069 ipsorum
420 2017 716 2068 participatione,
749 2019 990 2066 posteaquam
1024 2014 1121 2058 illos,
1148 2027 1224 2051 non
1252 2017 1374 2050 autem
1401 2012 1579 2059 Angelos.

67 2084 106 2122 in
133 2083 292 2133 gratiam
317 2081 467 2131 recepit.
507 2080 660 2130 Eritque
678 2079 785 2117 Pauli
804 2082 1061 2128 argumentum
1080 2077 1305 2120 huiusmodi,
1324 2080 1509 2126 sumptum
1530 2074 1577 2110 ab

67 2154 216 2187 aeterna
259 2159 302 2184 ac
335 2145 559 2183 immutabili
604 2144 751 2181 iusticia
793 2143 865 2181 Dei
900 2147 936 2180 et
970 2143 1148 2180 fidelitate
1185 2141 1392 2179 Sacerdotii
1429 2139 1580 2182 Christi,

67 2225 176 2264 quem
203 2211 338 2249 Paulus
366 2223 441 2247 non
468 2208 743 2246 misericordem
770 2207 902 2252 solum,
928 2206 992 2244 sed
1018 2207 1163 2244 fidelem
1190 2217 1336 2256 quoque
1362 2204 1580 2241 Pontificem

68 2277 239 2329 appellat.
282 2275 400 2313 Filius
429 2273 498 2311 Dei
524 2273 693 2310 homines
720 2272 768 2320 (C
794 2275 865 2319 va),
891 2284 967 2309 non
995 2271 1173 2320 Angelos,
1199 2270 1239 2307 in
1257 2269 1415 2318 gratiam
1432 2268 1582 2318 recepit⁷

69 2347 106 2380 et
140 2341 180 2378 hi
213 2340 329 2390 recipi
354 2351 430 2377 non
457 2341 639 2388 poterant,
664 2331 739 2374 nisi
763 2336 904 2374 abolita
930 2335 1083 2372 Diaboli
1108 2335 1148 2372 in
1176 2334 1261 2370 illos
1288 2332 1498 2383 tyrannide,
1524 2331 1581 2368 id-

70 2418 141 2456 que
165 2417 230 2456 per
255 2407 424 2448 mortem,
451 2415 543 2453 quae
569 2401 672 2438 carni
696 2405 844 2438 nostrae
868 2400 909 2438 in
934 2412 1093 2451 poenam
1117 2399 1261 2450 peccati
1278 2397 1479 2436 constituta
1495 2401 1586 2434 erat.

69 2470 316 2519 Posteaquam
341 2468 455 2517 igitur
483 2479 607 2504 semen
634 2465 808 2504 Abrahae
833 2465 1044 2515 assumpsit,
1070 2464 1142 2502 hoc
1162 2468 1230 2509 est,
1245 2463 1286 2501 in
1303 2462 1461 2512 gratiam
1482 2474 1582 2499 rece-

71 2534 161 2585 pit„
173 2533 301 2574 debuit
336 2545 424 2570 sane
460 2531 639 2569 fratribus
668 2543 740 2579 per
766 2532 889 2567 omnia
925 2529 1057 2567 similis
1084 2528 1202 2574 reddi,
1225 2531 1267 2565 ut
1295 2540 1332 2565 se
1359 2540 1436 2564 non
1464 2526 1582 2563 solum

72 2596 361 2642 misericordem,
396 2595 459 2634 sed
494 2595 639 2633 fidelem
676 2605 824 2644 quoque
858 2593 1077 2631 Pontificem
1113 2605 1192 2631 esse
1219 2591 1423 2629 declararet
1448 2590 1488 2627 in
1515 2603 1583 2627 no-

74 2665 233 2699 strorum
260 2664 495 2711 peccatorum
521 2658 744 2710 expiatione.
787 2658 936 2709 (Neque
962 2658 1061 2696 enim
1087 2662 1163 2696 tam
1190 2657 1347 2695 fideliter
1375 2667 1586 2704 succurrere

73 2724 236 2776 potuisse
270 2724 388 2762 videri
422 2727 544 2775 potest
577 2722 761 2760 Dominus
800 2726 926 2760 noster
953 2722 1075 2767 nobis,
1101 2721 1166 2772 qui
1193 2711 1463 2759 tentationibus
1492 2718 1582 2756 sub-

73 2789 161 2827 iecti
195 2802 332 2834 sumus,
368 2788 400 2826 si
435 2802 473 2826 se
507 2787 638 2825 iisdem
672 2787 942 2825 tentationibus
977 2787 1088 2825 etiam
1115 2786 1319 2826 obnoxium
1346 2786 1501 2836 ipsemet
1527 2796 1587 2820 as-

76 2858 221 2904 sumpta
256 2853 444 2892 servitutis
477 2857 626 2891 nostrae
658 2851 777 2889 forma
812 2864 890 2889 non
925 2851 1181 2899 reddidisset.)
1235 2851 1360 2889 Quam
1387 2849 1478 2887 facit
1501 2848 1590 2888 iam.

74 2921 313 2969 posteaquam
341 2917 461 2955 factus
496 2921 532 2954 et
558 2916 635 2968 ipsc
662 2915 848 2953 obnoxius
876 2915 1014 2954 nostris
1041 2915 1313 2953 tentationibus
1333 2915 1416 2965 (per
1439 2916 1594 2951 naturae

1399 2979 1446 3019 2*
