1818 3178
207 52 279 90 546
853 66 912 94 nr.
942 67 1086 97 nocrn.

213 161 391 206 cordiam,
425 162 739 211 quemadmodum
775 163 938 203 Iacobus
975 171 1011 204 et
1046 168 1177 206 Petrus
1205 168 1352 216 docent,
1378 172 1491 223 idque
1517 173 1732 212 testimonio

212 225 506 274 promissionum
543 225 619 263 veri
655 227 816 266 viventis
852 233 888 267 et
924 231 1066 269 aeterni
1094 231 1177 277 Dei,
1203 246 1295 283 quas
1321 249 1385 287 per
1412 238 1659 287 Euangelium
1686 240 1733 278 ad

212 301 281 326 nos
309 289 347 325 in
377 289 525 327 Christo
555 290 694 328 delatas
724 291 917 333 habemus.
954 294 1073 332 Porro
1102 301 1294 344 μετάνεια
1322 314 1386 339 seu
1421 303 1556 341 mentis
1584 308 1735 343 nostrae

211 352 406 389 innovatio
448 354 556 391 testis
592 360 646 392 est
680 360 791 406 atque
831 357 944 396 index
980 359 1148 411 adeoque
1183 366 1219 400 et
1255 364 1395 402 fructus
1432 366 1542 404 etiam
1586 372 1735 406 nostrae

211 416 515 464 regenerationis,
552 419 638 464 (46)
692 418 945 458 Innovatione
988 422 1085 460 enim
1130 425 1324 469 sentimus,
1359 439 1427 464 nos
1468 433 1617 467 renatos
1654 443 1735 468 esse

208 484 405 530 postquam
442 481 686 527 adolevimus,
722 495 786 533 per
822 496 933 534 quam
971 485 1133 536 Spiritus
1170 489 1331 526 Sanctus
1366 491 1619 531 testimonium
1649 506 1737 544 per-⁷

211 542 325 588 bibet,
360 556 443 582 cum
482 545 593 582 nobis
627 545 732 596 ipsiS,
767 551 847 585 tum
886 561 971 586 vero
1010 550 1121 588 etiam
1148 552 1219 589 toti
1248 552 1450 598 Ecclesiae,
1477 558 1578 606 quod
1604 571 1732 596 sumus

208 607 277 644 filii
314 607 396 646 Dei.
450 608 778 648 Quemadmodum
813 611 923 649 iudex
963 613 1071 651 testis
1107 620 1143 653 et
1179 618 1324 654 fructus
1360 618 1447 655 fidei
1475 625 1529 656 est
1558 620 1735 667 charitas,

208 683 301 721 quae
337 684 406 709 nos
443 676 564 710 certos
599 673 723 712 reddit
759 675 804 713 de
837 681 965 714 nostra
1002 677 1042 715 in
1079 678 1199 717 Deum
1236 680 1321 727 fide,
1358 681 1446 719 dum
1483 695 1546 720 eos
1572 697 1593 721 a
1621 685 1732 724 nobis

207 739 357 785 propter
404 735 593 774 Christum
639 739 757 775 amari
801 742 994 788 sentimus,
1039 755 1134 793 quos
1178 757 1243 794 per
1277 744 1485 784 doctrinam
1522 745 1734 797 Euaugelii,

207 797 316 835 unius
343 802 454 849 atque
481 800 645 838 eiusdem
673 802 869 840 nobiscum
899 806 1066 855 corporis
1094 808 1261 845 membra
1288 822 1367 847 esse
1394 810 1544 850 scimus.
1572 811 1729 851 Interim

205 866 329 900 tamen
357 863 455 900 aliud
485 868 541 902 est
566 864 671 909 fides,
697 867 799 905 aliud
827 871 883 905 est
912 869 1086 917 charitas,
1114 871 1167 909 ita
1194 872 1294 910 aliud
1322 879 1378 912 est
1405 875 1554 926 proprie
1579 889 1731 925 regene-

205 927 314 973 ratio,
351 927 452 965 aliud
492 929 700 976 innovatio,
738 932 886 970 etiamsi
922 934 961 971 in
996 935 1135 974 adultis
1163 938 1320 975 alterum
1349 940 1396 976 ab
1424 940 1540 978 altero
1569 942 1731 992 separari

204 1004 280 1029 non
317 992 448 1043 possit,
485 996 803 1045 quemadmodum
839 1002 874 1035 et
903 999 995 1037 fides
1025 1000 1108 1038 viva
1136 1002 1216 1040 sine
1245 1002 1426 1042 charitate
1453 1018 1532 1042 esse
1559 1019 1637 1044 non
1663 1020 1731 1057 po-

202 1060 286 1096 test.
343 1057 419 1095 Hic
455 1071 542 1096 vero
577 1059 739 1098 libenter
774 1062 1000 1102 assentimur
1035 1065 1272 1112 adversariis,
1298 1067 1344 1105 ad
1373 1082 1496 1106 veram
1524 1070 1644 1108 nostri
1670 1071 1729 1109 in-

202 1121 441 1160 novationem
479 1124 728 1163 necessarium
757 1139 837 1163 esse
867 1127 971 1165 verbi
998 1130 1142 1167 externi
1180 1131 1347 1169 auditum
1382 1124 1617 1185 fatemurque
1645 1148 1728 1172 ver-

201 1185 290 1223 bum
320 1191 512 1225 externum
541 1189 709 1238 regulam
739 1203 818 1228 esse
846 1196 996 1230 nostrae
1023 1193 1295 1239 innovationis,
1322 1197 1399 1234 imo
1427 1210 1512 1234 vero
1541 1198 1591 1235 ita
1618 1199 1728 1249 plane

199 1250 394 1296 sentimus,
429 1251 615 1290 neminem
653 1267 736 1292 vere
772 1254 947 1293 innovari
984 1256 1058 1294 nisi
1087 1259 1225 1302 credat,
1252 1260 1440 1298 neminem
1468 1275 1551 1300 vere
1579 1263 1728 1301 credere

199 1314 264 1365 qui
301 1327 375 1352 non
411 1315 584 1361 audierit,
623 1330 700 1355 non
735 1319 908 1369 equidem
947 1320 1139 1359 doctrinas
1178 1323 1385 1370 hominum,
1423 1325 1486 1362 sed
1516 1325 1725 1365 doctrinam

197 1380 314 1430 ipsius
343 1380 412 1418 Dei
441 1381 552 1419 nobis
580 1382 620 1419 in
649 1382 736 1421 Iesu
765 1384 905 1422 Christi
934 1385 1143 1436 Euangelio
1173 1389 1387 1428 revelatam.
1442 1390 1515 1428 Sed
1545 1405 1725 1441 negamus

194 1444 279 1482 ideo
316 1458 337 1482 a
376 1445 563 1496 baptismo
600 1447 765 1486 infantes
801 1449 984 1487 arcendos
1012 1464 1103 1497 esse,
1131 1453 1233 1503 quod
1260 1453 1433 1492 innovari
1462 1468 1537 1493 non
1565 1457 1726 1506 possint,

196 1509 499 1561 quandoquidem
539 1510 639 1549 Deus
676 1526 696 1549 a
734 1512 1019 1552 circumcisione
1056 1516 1141 1554 illos
1170 1530 1247 1556 non
1284 1518 1456 1564 exclusit,
1492 1520 1638 1558 etiamsi
1674 1521 1720 1559 ad

197 1585 276 1610 eam
301 1577 459 1611 aetatem
489 1574 612 1612 cordis
642 1574 878 1614 circumcisio
908 1577 1002 1615 nihil
1030 1579 1246 1630 pertineret.
1284 1582 1438 1633 Alioqui
1466 1587 1531 1621 aut
1557 1584 1721 1623 eiusdem

195 1636 332 1673 erroris
358 1636 557 1674 nobiscum
585 1637 704 1675 Deum
734 1638 854 1689 ipsum
884 1641 1114 1680 accusabunt
1142 1643 1357 1691 adversarii,
1384 1647 1483 1696 quod
1505 1647 1723 1687 circumcidi

194 1713 257 1738 eos
291 1701 456 1747 iusserit,
492 1702 557 1752 qui
595 1703 706 1740 corde
743 1703 962 1743 circumcidi
997 1706 1121 1745 adhuc
1157 1721 1233 1747 non
1270 1715 1454 1760 poterant,
1483 1712 1513 1749 si
1541 1725 1609 1750 nos
1637 1713 1720 1751 ideo

194 1778 260 1803 sua
299 1766 475 1805 societate
510 1766 689 1816 indignos
726 1782 806 1806 esse
835 1774 967 1820 putant
995 1772 1096 1823 quod
1124 1786 1187 1811 eos
1216 1774 1449 1825 baptizamus
1479 1777 1543 1827 qui
1569 1790 1634 1828 per
1659 1777 1720 1816 in-

193 1831 349 1868 fantiam
386 1831 559 1869 innovari
592 1833 714 1870 adhuc
750 1846 826 1871 non
863 1835 1022 1885 possint,
1058 1843 1123 1875 aut
1158 1838 1198 1875 in
1227 1839 1339 1877 nobis
1367 1841 1528 1891 amplius
1556 1856 1634 1880 non
1661 1856 1720 1881 re·

191 1895 436 1946 prehendent,
463 1896 565 1947 quod
592 1897 696 1936 iuxta
725 1897 795 1936 Dei
821 1901 1031 1951 exemplum
1061 1906 1097 1940 et
1125 1903 1356 1942 voluntatem
1383 1905 1547 1944 infantes
1570 1913 1719 1946 nostros

193 1961 438 2012 baptizamus.
494 1962 626 2013 Neque
656 1976 742 2001 vero
770 1963 855 2001 ideo
883 1977 904 2001 a
933 1964 1121 2016 baptismo
1149 1968 1383 2007 excludimus
1412 1970 1632 2020 mysterium
1659 1971 1718 2009 in-

193 2026 408 2065 novationis
434 2049 484 2056 —
511 2027 649 2065 Paulus
678 2028 774 2066 enim
805 2028 1034 2079 baptismum
1052 2036 1088 2068 et
1108 2033 1401 2081 regenerationis
1422 2035 1533 2073 simul
1553 2040 1588 2073 et
1606 2036 1717 2074 inno-

190 2090 352 2128 vationis
393 2091 582 2129 lavacrum
612 2096 720 2129 vocat
746 2114 796 2122 —-
824 2092 887 2131 sed
924 2093 1022 2132 inter
1059 2097 1353 2145 regenerationis
1390 2102 1426 2136 et
1462 2099 1716 2139 innovationis

190 2154 363 2203 mysteria
393 2154 593 2193 discrimen
622 2156 809 2206 quoddam
839 2170 884 2195 ex
912 2157 1021 2196 Pauli
1049 2159 1219 2198 doctrina
1246 2162 1435 2211 ponimus,
1462 2169 1573 2214 atque
1593 2167 1719 2216 ecppoe·

189 2222 346 2268 γιτικόν
375 2219 410 2256 id
442 2233 521 2258 esse
549 2220 726 2258 docemus
754 2220 790 2258 in
822 2222 1021 2272 baptismo,
1049 2224 1150 2274 quod
1176 2225 1221 2261 ad
1251 2227 1573 2275 regenerationem
1600 2229 1714 2279 perti-

186 2287 262 2329 net,
291 2289 554 2334 παραινετικιὶ
584 2298 669 2322 vero
697 2298 738 2322 ea
768 2287 906 2334 omnia,
927 2301 1169 2342 quaecunque
1187 2289 1289 2328 iuxta
1314 2290 1490 2341 baptismi
1513 2293 1714 2342 allegorias

186 2347 229 2384 ad
260 2348 378 2385 nostri
406 2349 695 2397 abnegationem
722 2355 832 2401 atque
858 2350 1142 2406 innovationem
1171 2355 1396 2395 reseruntur.
1451 2356 1593 2407 Estque
1622 2358 1711 2409 bap-

186 2412 318 2451 tismus
356 2413 453 2464 apud
490 2426 560 2451 nos
597 2428 673 2452 non
709 2415 790 2466 ipsa
829 2417 1060 2465 regeneratio
1094 2418 1216 2469 (prior
1251 2425 1306 2457 est
1343 2420 1441 2458 enim
1480 2427 1710 2460 sacramento

184 2477 382 2528 promissio
419 2483 455 2516 et
491 2479 740 2529 promissione
777 2480 865 2519 item
904 2482 1079 2520 voluntas
1115 2483 1180 2520 illa
1217 2483 1286 2521 Dei
1313 2498 1377 2535 per
1405 2499 1517 2536 quam
1544 2500 1564 2524 a
1593 2491 1711 2524 morte

182 2540 227 2578 ad
275 2541 387 2578 vitam
423 2542 527 2580 iuxta
567 2543 756 2594 copiosam
793 2544 894 2582 illius
931 2546 1227 2585 misericordiam
1263 2551 1553 2598 regeneramur),
1591 2563 1710 2600 neque

182 2606 269 2643 item
305 2610 362 2644 est
388 2608 582 2645 renovatio
612 2609 704 2659 ipsa,
734 2623 819 2647 nam
848 2610 943 2648 alios
971 2617 1057 2649 ante
1085 2612 1327 2663 baptismum,
1355 2614 1449 2652 alios
1477 2627 1562 2652 vero
1591 2615 1706 2664 longo

182 2674 265 2721 post
302 2670 530 2721 baptismum
566 2672 766 2711 intervallo
804 2680 1004 2713 renovatos
1041 2689 1121 2714 esse
1148 2677 1329 2726 legimus:
1359 2678 1422 2716 sed
1449 2682 1504 2716 est
1533 2680 1706 2729 σφραγίς

181 2738 330 2772 nostrae
377 2736 667 2784 regenerationis
713 2738 789 2775 sive
833 2739 1101 2792 acceptationis
1146 2741 1185 2779 in
1229 2741 1390 2789 gratiam
1437 2741 1505 2779 Dei
1551 2748 1702 2793 propter

179 2799 382 2847 Christum,
426 2806 578 2852 propter
620 2815 728 2854 quem
772 2803 936 2843 infantes
976 2817 1125 2856 quoque
1163 2807 1281 2845 nostri
1325 2812 1531 2855 servantur,
1565 2813 1602 2847 et
1645 2814 1702 2849 est
