1818 3178
184 162 314 194 xxxvl
811 146 1048 179 PRAEFATIO.

189 277 323 311 tamen
365 279 488 321 opere
533 258 696 303 nonnisi
737 255 868 298 obiter
913 251 1117 310 quaedam
1148 249 1191 291 in
1225 247 1382 291 Adami
1411 243 1572 304 syllabo
1602 259 1695 287 cor-

190 340 294 382 rexit
336 345 375 379 et
415 334 586 377 meliora
631 328 819 386 promisit
858 326 994 382 potius
1024 324 1065 365 in
1102 327 1314 378 posterum
1346 334 1473 376 quam
1504 317 1614 359 dedit
1646 318 1696 372 ¹).

194 410 262 453 Ad
308 409 428 450 aliam
468 405 604 459 itaque
648 398 840 442 indefessi
873 396 948 438 viri
984 391 1403 436 lucubratiunculam
1434 388 1550 432 nobis
1580 387 1701 429 deve-

190 480 382 524 niendum
414 485 484 527 est,
517 481 563 515 ut
591 472 640 514 de
669 470 799 512 Lasci
829 481 1003 524 operum
1034 463 1279 506 collectione
1311 469 1469 504 certam
1500 460 1588 502 eius
1608 473 1699 501 sen-

190 553 354 594 tentiam
387 549 599 590 scitemur:
634 557 783 598 nempe
815 540 864 582 ad
896 537 1108 580 historiam
1141 549 1269 590 quam
1299 533 1464 589 scripsit
1484 531 1697 574 Ecclesiae

191 622 349 664 Frisiae
379 615 617 660 Orientalis.
652 612 777 655 Dedit
806 611 848 652 in
880 610 957 652 hoc
988 621 1114 664 opere
1145 605 1211 647 vir
1241 604 1388 646 doctus
1417 603 1696 660 spicilegium,

190 691 296 748 quod
330 689 437 731 haud
459 687 611 742 absque
631 684 783 726 iudicio
805 696 856 723 ex
879 680 1163 727 Hosmmmo,
1186 675 1432 725 LAVATERQ,
1456 672 1699 717 Scfloocmo

190 771 229 804 et
258 761 500 803 MEINERSIO
531 761 758 799 messuerat
788 759 827 794 et
857 751 942 793 suis
972 749 1087 792 auxit
1117 747 1254 803 dignis
1285 761 1391 802 quae
1413 745 1611 802 legantur
1633 742 1702 785 ob-

190 830 498 875 servationibus.
530 828 803 870 Mutuaverat
833 822 884 864 ab
919 820 1181 878 Hospiniano
1213 817 1402 860 libellum
1435 816 1504 858 cui
1524 815 1696 857 titulus:

194 904 400 959 Confessio
430 904 476 943 cle
511 898 640 942 Coena
670 895 840 939 Domini
871 898 910 935 in
934 909 1014 949 qua
1037 892 1212 945 explicat
1228 889 1444 943 qenuz'nam
1464 887 1702 930 sententiam

188 978 384 1018 verborum
411 973 559 1015 Christi
591 994 612 1019 u
628 969 807 1022 accipite,
831 963 1045 1007 eomedite²⁹
1067 963 1119 1020 ²).
1150 961 1349 1004 Lavateri
1369 958 1590 1002 autoritate
1612 971 1702 999 cer-

191 1048 337 1088 tiorem
367 1045 461 1087 facit
481 1044 691 1092 lectorem,
726 1040 993 1081 Bommssm
1024 1034 1074 1076 de
1106 1031 1250 1075 Coena
1270 1037 1495 1074 tractatum
1516 1027 1703 1072 Londini

193 1118 242 1160 ab
274 1118 297 1160 a
326 1117 461 1159 Lasco
491 1114 643 1156 editum
675 1126 760 1152 esse
784 1112 832 1166 ³).
891 1107 957 1150 Ex
986 1106 1176 1149 Martino
1207 1102 1448 1148 Sonoocmo
1477 1099 1706 1157 desumpsit

192 1189 379 1246 opusculi
409 1190 456 1230 cle
472 1188 568 1243 fay.
594 1199 689 1238 pap.
720 1181 883 1224 illicitis
911 1179 1037 1222 saeris
1068 1177 1237 1219 titulum
1256 1176 1304 1232 ¹),
1337 1181 1377 1216 et
1399 1173 1587 1230 quamvis
1608 1171 1704 1214 hae-

190 1261 362 1302 sitanter
391 1256 624 1300 adversario
653 1269 727 1296 suo
757 1251 988 1294 Meinersio
1020 1248 1206 1298 credidit,
1240 1247 1387 1289 Seriem
1410 1245 1596 1301 colloquii
1617 1259 1703 1286 oum

193 1332 359 1373 Brentio
389 1329 440 1371 ad
470 1328 651 1371 Lascum
683 1332 870 1367 autorem
919 1319 1190 1364 deferendum
1221 1334 1323 1362 esse.
1386 1317 1453 1359 De
1483 1331 1559 1359 suo
1589 1315 1703 1357 deni-

195 1419 275 1460 que
312 1403 590 1444 Catecliismum
618 1395 895 1447 Lonclinensis,
937 1401 984 1435 ut
1013 1400 1055 1435 et
1084 1394 1291 1434 Emclanae
1323 1389 1541 1440 Ecclesiae,
1579 1386 1706 1430 Lasci

193 1490 366 1532 operum
397 1472 554 1531 syllabo
585 1469 731 1513 adiecit
763 1468 812 1525 ⁵),
844 1467 986 1522 sicque
1016 1481 1069 1507 ex
1097 1479 1245 1516 novem,
1276 1477 1383 1520 quae
1419 1460 1612 1504 Adamus
1643 1474 1706 1502 re-

196 1553 425 1597 censuerat,
458 1551 597 1587 noster
629 1538 946 1599 quatuordecim
978 1537 1103 1580 Lasci
1133 1551 1260 1593 opera
1291 1534 1428 1577 effecit
1458 1535 1511 1590 6).

249 1618 335 1670 Qui
365 1617 512 1659 dehinc
541 1630 656 1657 suam
686 1613 728 1654 in
759 1611 883 1654 Lasci
914 1609 1065 1652 libellis
1096 1606 1336 1665 digerendis
1369 1620 1542 1662 operam
1577 1602 1705 1646 eollo-

196 1698 327 1749 caret,
349 1690 634 1732 BERTRAMIUM
665 1684 825 1739 excepit
855 1683 1077 1723 DANIELUS
1109 1679 1352 1722 Gmumsms
1385 1684 1425 1718 et
1445 1675 1606 1718 duobus
1637 1674 1707 1717 vix

196 1762 343 1818 elapsis
382 1761 498 1802 annis
538 1759 580 1800 in
626 1771 750 1814 opere
796 1752 1018 1812 periodico‚
1061 1750 1171 1807 quod
1220 1758 1322 1792 tunc
1352 1749 1708 1791 Miscellaneorum

199 1832 536 1885 Groninyanoram
567 1843 716 1871 nomen
748 1825 941 1869 sortitum
974 1830 1078 1875 erat,
1112 1822 1243 1864 fusius
1266 1820 1471 1877 quaedam
1493 1817 1712 1876 prodromi

201 1904 286 1945 vice
316 1917 363 1944 ea
385 1902 433 1943 de
455 1915 499 1943 re
530 1897 751 1956 disputavit
782 1902 821 1938 et
852 1895 990 1951 coegit
1014 1895 1063 1950 ⁷).
1115 1892 1351 1935 Primarius
1383 1897 1520 1933 autem
1553 1889 1640 1931 eius
1670 1894 1713 1930 et

199 1975 316 2030 quasi
345 1973 535 2016 classicus
565 1971 614 2013 de
644 1969 769 2013 Lasci
799 1966 1009 2024 opusculis
1042 1964 1173 2016 locus,
1206 1963 1277 2006 ubi
1306 1963 1354 2006 de
1386 1962 1590 2004 industria
1620 1975 1710 2003 sen-

201 2047 367 2089 tentiam
408 2060 524 2088 suam
556 2042 749 2094 condidit,
782 2040 995 2098 reperitur
1024 2038 1067 2081 in
1099 2038 1187 2080 eius
1233 2037 1443 2091 Florileqii
1473 2034 1595 2078 tertia
1625 2032 1711 2076 edi-

242 2264 266 2302 ¹)
292 2263 317 2294 Ι.
340 2263 374 2295 F.
398 2262 573 2299 BERTRAM,
597 2260 682 2292 Hist.
705 2259 774 2291 crit.
798 2259 827 2289 I.
851 2258 870 2288 ὰ
894 2256 1002 2289 Lasco.
1025 2255 1147 2287 Aurich
1173 2254 1265 2288 1733.
1289 2253 1324 2287 S.
1347 2253 1480 2285 29—31.

243 2320 267 2357 ἓ)
291 2318 375 2349 Ron.
407 2317 654 2352 Hosmmsnus,
684 2314 769 2346 Uist,
800 2311 1063 2344 sacramentaria.
1097 2310 1208 2352 Tiguri
1243 2309 1335 2342 1598.
1364 2309 1456 2341 Tom.
1484 2306 1528 2341 ΙΙ.
1561 2317 1587 2338 a.
1617 2306 1711 2339 1602.

203 2384 232 2415 p.
255 2372 345 2405 219¹).

239 2431 269 2470 ³)
293 2430 501 2465 LAVATERUS,
523 2427 607 2459 Hist.
629 2428 766 2457 Sacram.
789 2424 880 2456 1602.
903 2435 934 2465 p.
959 2423 1029 2454 110.

241 2486 268 2524 ¹⁵)
291 2484 336 2514 M.
359 2484 524 2519 Scnoocx‚
548 2482 594 2511 De
616 2480 706 2511 bouis
728 2477 973 2510 Ecclesiasticis.
995 2477 1092 2508 Gron.
1117 2475 1208 2508 1651.
1231 2485 1262 2516 p.
1287 2473 1358 2507 527.

243 2540 270 2578 ὓ)
294 2539 341 2570 Cf.
365 2538 390 2569 Ι.
414 2538 447 2568 F.
471 2537 646 2572 Enniam,
672 2534 794 2566 Erlic'ut.
816 2544 846 2564 u.
872 2531 1022 2563 Verthez'd.
1042 2531 1210 2564 Ost-Fries.
1229 2527 1602 2571 Kirelienqesclt.Aurich
1619 2526 1712 2561 1733.

201 2605 230 2635 p.
254 2594 303 2624 93.
326 2592 464 2623 Libellus
487 2591 611 2631 defuy.
628 2600 702 2630 pap.
726 2589 773 2620 ill.
794 2598 879 2619 sacr.
898 2590 929 2618 et
955 2588 1021 2619 Cat.
1045 2586 1134 2617 Emd.
1157 2586 1253 2618 etiam
1276 2586 1564 2618 commemorantur
1586 2583 1618 2615 iu
1641 2583 1667 2616 Ι.
1683 2583 1711 2618 Ι,

200 2651 473 2683 ΙΙΑιωκΕΝῐιυΤΗ,
500 2647 616 2684 Oostfr.
643 2643 858 2685 Oorspronlcel.
882 2642 1003 2674 Emden
1028 2642 1119 2675 1712.
1142 2653 1173 2684 p.
1197 2642 1266 2674 122.

238 2707 264 2744 ⁶)
289 2704 362 2736 Scio
387 2703 480 2734 ctiam
503 2702 534 2732 in
558 2702 743 2732 Funrrson
766 2700 863 2734 Anat,
889 2699 969 2736 crit„
991 2698 1120 2729 Ibem-:R
1144 2701 1175 2730 et
1191 2699 1369 2735 Annum,
1387 2692 1711 2735 Gelelzrten-Lexieon,

199 2761 356 2797 lennon,
381 2758 500 2788 Zaverl.
526 2756 742 2792 Nachrichten,
766 2755 809 2786 Is.
833 2763 872 2785 LE
896 2753 1001 2791 Lonc,
1028 2753 1247 2791 Kwishwke,
1271 2752 1426 2794 quaedam
1449 2752 1487 2783 de
1504 2751 1596 2783 Lasci
1612 2751 1715 2793 operi·

196 2814 252 2843 bus
281 2813 412 2850 monci-i,
443 2823 520 2853 quac
554 2813 658 2841 tamen
688 2808 866 2850 compendii
901 2818 994 2839 causa
1019 2808 1140 2840 idcirco
1165 2808 1293 2839 reticeri
1315 2808 1461 2849 possunt,
1484 2806 1568 2848 quod
1591 2806 1710 2848 partim

197 2867 310 2898 nullius
333 2866 483 2897 momenti
506 2867 588 2903 sunt,
611 2866 642 2896 et
664 2874 724 2905 qua
746 2865 835 2905 parte
858 2873 949 2894 suum
965 2862 1121 2904 praetium
1137 2862 1255 2894 habent
1271 2862 1354 2894 infra
1366 2861 1710 2894 commemorabuntur·

244 2924 270 2966 ⁷)
294 2923 383 2957 Misc.
409 2923 503 2956 Gron.
525 2921 616 2955 Tom.
638 2919 700 2955 ΙΙΙ,
722 2919 797 2953 [asc.
821 2919 850 2953 1.
873 2929 899 2953 a.
924 2916 1015 2952 1740.
1037 2928 1067 2959 p.
1092 2917 1142 2951 80.
