1818 3178
166 107 238 142 510
818 114 877 141 ΕΡ.
910 112 1052 140 nocrr..

167 231 316 261 nostros
346 220 505 272 Spiritus
534 222 693 258 Sanctus
721 220 846 257 afflatu
876 219 1004 256 divino
1035 232 1115 264 suo,
1142 223 1183 256 ut
1206 219 1332 257 audita
1350 218 1487 257 Christi
1508 218 1690 262 doctrina,

172 285 273 322 illam
299 282 581 332 amplectamur.
610 281 780 319 Illustrat
808 281 846 319 in
875 280 986 318 nobis
1013 280 1114 330 quod
1142 280 1365 325 audivimus,
1392 285 1431 318 ut
1457 281 1496 318 in
1525 293 1686 323 amorem

166 349 354 400 rapiamur
390 346 473 391 Dei,
507 346 571 397 qui
608 359 677 387 nos
713 346 817 396 prior
851 345 983 383 dilexit
1019 358 1063 383 ac
1098 358 1163 396 per
1199 345 1390 383 Christum
1424 346 1464 383 in
1492 345 1588 383 filios
1616 345 1688 383 iam

168 411 408 449 charissimos
436 411 649 448 condonata
677 422 777 447 noxa
803 409 1033 446 infirmitatis
1060 414 1212 446 nostrae
1240 409 1442 459 adoptavit.
1497 410 1689 447 Postremo

167 475 235 513 dat
260 474 371 512 nobis
400 473 507 523 signa
535 472 850 521 certis-(20)sima
877 486 964 510 suae
991 471 1236 523 praesentiae,
1264 486 1394 523 nempe
1419 472 1508 511 fidei
1535 474 1695 516 fructus,

167 539 283 578 veluti
302 538 490 589 suiipsius
506 537 663 579 indices.
682 537 783 588 quod
803 549 873 576 nos
894 541 1015 574 certos
1030 536 1189 574 reddant
1208 536 1252 574 de
1273 549 1355 573 vera
1369 541 1447 574 tum
1468 541 1595 575 nostra
1609 541 1690 575 tum

168 601 327 640 aliorum
355 601 442 644 fide,
468 613 512 637 ac
539 607 618 638 tum
647 599 794 637 demum
820 611 943 636 veram
963 598 1074 636 fidem
1093 598 1133 635 in
1153 598 1265 636 nobis
1283 602 1319 651 et
1336 597 1419 635 aliis
1437 597 1690 648 intelligamus

168 678 263 710 esse,
299 665 331 702 si
368 663 534 702 studium
562 662 816 701 fructificandi
850 662 889 699 in
919 661 1030 699 nohis
1057 661 1182 710 vigere
1210 661 1424 706 sentiamus,
1452 662 1562 712 idque
1588 662 1692 700 iuxta

169 727 324 765 verbum
352 725 433 773 Dei,
466 725 656 777 propriam
685 725 771 762 fidei
799 724 1013 763 cathedram
1043 737 1106 761 seu
1135 723 1272 769 sedem,
1297 745 1348 753 -—
1375 724 1432 761 sin
1461 725 1585 761 minus
1612 730 1691 762 tum

168 803 238 829 nos
274 805 295 828 a
328 790 402 828 fide
436 790 549 838 longe
577 789 701 827 adhuc
728 789 858 827 abesse
886 788 1060 827 sciamus.
1115 788 1277 826 Necesse
1303 793 1359 826 est
1387 794 1511 827 autem
1538 802 1617 827 eam
1647 790 1693 828 de

169 854 243 893 fide
284 853 494 892 doctrinam
533 853 574 890 in
611 852 781 897 Ecclesia
816 852 983 891 retineri.
1037 852 1128 890 Non
1164 851 1264 889 enim
1298 852 1436 890 dormit
1480 853 1622 891 Sathan
1658 858 1695 891 et

168 932 265 971 quos
304 932 325 956 a
362 917 435 956 fide
470 930 595 955 arcere
630 917 668 955 vi
703 921 829 968 aperta
857 929 934 954 non
962 920 1095 967 potest,
1123 930 1185 954 eos
1211 917 1285 954 alia
1311 917 1370 954 via
1398 918 1626 966 aggreditur,
1651 924 1693 957 ut

168 984 244 1021 illis
278 995 346 1034 pro
380 981 454 1028 fide
489 981 829 1033 praesumptionem
865 980 1056 1019 obtrudat.
1110 979 1224 1018 Multi
1248 981 1391 1019 iactant
1419 981 1560 1019 Christi
1586 983 1694 1020 meri-

169 1053 262 1091 tum,
294 1047 437 1084 iactant
472 1045 664 1096 persoluta
698 1057 763 1096 per
799 1044 905 1082 illum
941 1044 1044 1081 Patri
1077 1043 1152 1081 iam
1180 1057 1275 1094 quae
1304 1044 1529 1083 debebamus
1558 1046 1696 1092 omnia,

170 1112 312 1149 iactant
348 1123 388 1148 se
424 1109 646 1161 iustificatos
681 1109 767 1153 fide,
794 1122 905 1159 quam
934 1121 972 1145 se
1000 1107 1120 1145 nihilo
1148 1107 1391 1146 infirmiorem
1424 1109 1529 1146 Petro
1558 1110 1694 1148 habere

170 1175 393 1225 gloriantur.
429 1173 579 1212 interim
616 1173 815 1222 indulgent
850 1173 926 1211 suis
954 1172 1068 1219 vitiis,
1096 1185 1214 1223 neque
1240 1173 1359 1210 ullum
1389 1172 1480 1210 dant
1508 1174 1693 1224 specimen

171 1239 377 1290 praesentis
412 1239 451 1276 in
481 1252 519 1276 se
547 1238 709 1289 Spiritus
737 1237 878 1282 Sancti,
907 1237 988 1275 sine
1014 1250 1088 1287 quo
1116 1249 1226 1274 nemo
1253 1250 1405 1288 prorsus
1434 1238 1556 1276 dicere
1582 1239 1693 1278 etiam

172 1317 257 1344 vere
283 1304 491 1344 Dominum
517 1304 644 1341 Iesum
670 1306 805 1354 potest,
832 1302 970 1341 nedum
996 1306 1039 1339 ut
1064 1302 1103 1339 in
1130 1302 1235 1339 illum
1264 1302 1402 1340 credat.
1450 1303 1578 1342 Quare
1606 1304 1695 1342 satis

172 1384 252 1410 non
288 1374 343 1419 est
375 1368 415 1406 in
451 1367 525 1406 fide
561 1366 817 1416 dignoscenda
853 1366 968 1404 inniti
995 1365 1102 1405 verbi
1129 1365 1249 1403 divini
1274 1365 1514 1411 testimoniis,
1539 1380 1634 1417 quae
1660 1376 1696 1406 et

174 1435 319 1474 Sathan
346 1434 566 1484 detorquere
593 1432 700 1470 novit
728 1444 771 1470 ac
798 1431 869 1469 sub
895 1431 1045 1468 illorum
1073 1431 1159 1468 fuco
1187 1430 1315 1468 multis
1342 1431 1514 1481 imponit,
1542 1432 1605 1470 sed
1633 1445 1695 1470 au-

172 1505 293 1539 torem
321 1510 471 1549 quoque
497 1496 585 1534 fidei
612 1500 762 1534 nostrae
789 1495 989 1544 diligenter
1016 1494 1155 1532 intueri
1183 1494 1372 1538 debemus,
1398 1495 1463 1545 qui
1490 1508 1574 1533 cum
1601 1496 1696 1534 alius

174 1576 255 1601 esse
290 1574 366 1600 non
403 1560 536 1612 possit,
571 1573 684 1610 quam
712 1558 861 1596 divinus
888 1559 953 1596 ille
981 1562 1093 1608 atque
1121 1558 1334 1595 adorandus
1361 1558 1525 1609 spiritus,
1550 1559 1582 1597 is
1609 1574 1696 1598 vero

175 1633 250 1666 tam
288 1640 364 1665 non
402 1628 525 1676 potest
562 1637 639 1662 nou
679 1624 820 1674 spirare
855 1622 895 1660 in
923 1623 1046 1668 nobis,
1075 1622 1164 1659 dum
1190 1622 1296 1659 illum
1321 1628 1552 1672 praesentem
1581 1624 1696 1662 habe·

177 1705 270 1737 mus,
299 1703 409 1741 quam
439 1702 516 1727 non
543 1692 666 1740 potest
693 1700 769 1726 non
799 1700 942 1738 semper
968 1700 1048 1725 esse
1074 1686 1188 1730 Deus,
1215 1686 1379 1735 cogitare
1398 1686 1573 1725 debemus
1589 1689 1698 1727 fidem

175 1756 257 1794 sine
302 1754 444 1806 Spiritu
489 1755 628 1791 Sancto
672 1766 753 1791 esse
788 1765 865 1790 non
899 1747 1027 1803 posse}
1045 1756 1082 1789 et
1115 1751 1183 1789 ubi
1217 1750 1250 1788 is
1286 1751 1396 1796 adsit,
1431 1765 1515 1789 eum
1558 1753 1699 1803 spirare

175 1821 290 1859 etiam
317 1820 356 1857 in
384 1819 495 1856 nobis
523 1821 708 1868 oportere,
742 1820 785 1855 ut
813 1817 957 1855 fructos
985 1829 1023 1854 se
1051 1815 1186 1864 dignos
1214 1814 1415 1862 faciamus3
1443 1829 1536 1866 quos
1564 1817 1596 1854 si
1623 1831 1699 1856 non

176 1885 370 1924 videamus
398 1887 434 1921 et
461 1882 612 1921 interim
639 1886 766 1919 tamen
795 1881 938 1919 Christi
964 1879 1136 1918 meritum
1163 1879 1340 1931 praetexi,
1367 1879 1478 1917 fidem
1504 1880 1636 1919 iactari
1664 1887 1700 1920 et

178 1946 475 1987 misericordiam
502 1945 710 1998 praedicari
738 1944 945 1991 audiamus,
973 1944 1187 1982 existimare
1214 1942 1402 1989 debemuS‚
1428 1957 1491 1982 cos
1518 1945 1582 1995 qui
1611 1945 1700 1983 haec

177 2012 320 2051 faciant
345 2024 423 2049 non
451 2009 623 2061 equidem
650 2009 762 2047 fidem
789 2009 905 2055 illam,
935 2008 999 2046 sed
1025 2007 1113 2045 fidei
1139 2008 1280 2045 larvam
1305 2008 1444 2058 potius,
1471 2008 1507 2045 h.
1527 2022 1575 2054 e.,
1593 2022 1700 2060 prae-

179 2075 431 2126 sumptionem
467 2074 616 2119 haberc,
651 2086 761 2124 quam
805 2072 947 2111 Sathan
983 2071 1070 2109 fidei
1106 2071 1263 2109 similem
1300 2071 1417 2109 videri
1452 2072 1542 2116 vult,
1569 2077 1604 2110 et
1631 2086 1700 2124 pro

177 2155 263 2180 vera
299 2139 373 2178 fide
399 2138 582 2177 obtrudit.
637 2137 819 2175 Consistit
844 2141 969 2175 autem
995 2136 1086 2173 fides
1115 2148 1192 2174 non
1220 2135 1261 2173 in
1287 2135 1494 2182 intellectu,
1519 2136 1698 2187 quemad-

178 2206 331 2245 modum
358 2208 582 2254 argutantur
610 2202 801 2254 sophistae
829 2201 892 2239 sed
920 2202 961 2238 in
987 2200 1103 2238 animi
1129 2199 1275 2238 affectu.
1325 2199 1446 2238 Corde
1472 2201 1572 2238 enim
1601 2201 1700 2238 credi

176 2271 226 2309 ad
258 2270 444 2309 iustitiam
483 2269 593 2307 docet
628 2268 781 2311 Paulus,
816 2280 893 2304 non
920 2266 1130 2309 intellectu,
1165 2264 1313 2302 etiamsi
1338 2264 1534 2303 intellectu
1560 2265 1702 2316 percipi

175 2334 280 2386 prius
308 2336 492 2385 oporteat,
519 2331 622 2383 quod
651 2331 762 2369 corde
789 2330 939 2368 demum
968 2329 1116 2366 credere
1144 2328 1332 2367 debemus.
1367 2327 1439 2366 Est
1465 2328 1582 2378 igitur
1607 2329 1699 2367 fides

176 2397 294 2436 animi
330 2397 451 2436 nostri
486 2395 641 2434 affectus
676 2408 741 2446 per
777 2394 958 2445 Spiritum
997 2394 1178 2431 Sanctum
1213 2393 1251 2430 iu
1289 2392 1400 2430 nobis
1427 2393 1543 2431 verbo
1569 2393 1699 2431 audito

176 2461 377 2505 excitatus,
403 2473 479 2511 quo
507 2459 587 2498 Deo
615 2459 817 2504 credimus,
844 2458 952 2496 illum
979 2470 1148 2494 amamus
1175 2461 1211 2494 et
1238 2456 1297 2494 illi
1323 2456 1398 2495 iam
1426 2457 1599 2507 deinceps
1616 2469 1700 2507 per-

178 2528 290 2576 petuo
327 2523 605 2563 adhaerendum
639 2536 721 2562 esse
757 2522 971 2566 statuimus,
996 2520 1145 2559 etiamsi
1170 2520 1390 2558 infirmitate
1417 2524 1545 2558 nostra
1570 2533 1700 2571 perpe-

177 2594 245 2627 tuo
280 2601 491 2640 peccemus,
546 2586 608 2625 Sic
644 2587 785 2625 Paulus
814 2585 932 2624 credit
959 2584 1039 2622 Deo
1069 2584 1158 2622 dum
1185 2584 1415 2622 reddendam
1443 2584 1517 2621 sibi
1544 2583 1698 2621 omnino

178 2666 360 2692 coronam
385 2652 552 2690 iustitiae
579 2652 627 2690 ab
653 2651 722 2690 illo
748 2651 851 2689 velut
878 2651 977 2688 iusto
1004 2649 1130 2688 iudice
1156 2652 1330 2688 testatur.
1371 2648 1434 2686 Sic
1460 2651 1560 2686 amat
1587 2647 1698 2685 Chri·

175 2722 287 2765 stum,
313 2720 357 2756 ut
382 2716 422 2755 in
449 2715 552 2754 illius
577 2716 739 2764 gratiam
767 2714 949 2755 mundum
979 2713 1052 2752 sibi
1078 2716 1115 2751 et
1144 2727 1182 2751 se
1208 2712 1352 2751 mundo
1381 2711 1599 2750 crucifixum
1619 2724 1699 2749 esse

174 2782 290 2821 dicat.
319 2782 382 2820 Sic
408 2781 587 2819 adhaeret
615 2780 709 2826 Deo,
737 2783 775 2818 ut
802 2779 872 2817 etsi
899 2778 1026 2817 carnis
1051 2778 1272 2816 infirmitate
1298 2776 1376 2826 legiv
1399 2776 1544 2828 peccati
1563 2776 1699 2814 servire

174 2851 343 2897 cogatur,
378 2849 502 2884 mente
537 2850 661 2884 tamen
698 2859 762 2895 per
797 2844 981 2895 Spiritum
1009 2844 1188 2881 Sanctum
1217 2842 1382 2880 excitata
1409 2841 1490 2879 Deo
1517 2845 1696 2892 perpetuo
