1818 3178
176 95 246 129 506
826 101 884 128 BP.
916 100 1056 128 uoc'rm

174 214 369 261 propterea
403 207 503 258 quod
538 207 578 244 in
613 207 715 245 illam
753 207 822 245 sub
849 214 1043 258 peccatum
1070 207 1274 245 venundati
1301 209 1454 246 omnino
1483 210 1556 246 iam
1583 211 1699 247 serne-

176 287 273 319 mur,
305 271 539 310 transtulerit
574 271 723 309 demum
759 276 863 323 pater
898 272 998 309 Deus
1035 284 1115 308 eam
1149 272 1292 321 peccati
1326 273 1447 311 nostri
1475 274 1702 318 servitutem,

177 351 270 388 quae
306 349 375 373 nos
412 336 459 373 ad
493 339 650 373 mortem
685 339 874 373 aeternam
910 334 1138 386 impellebat,
1174 335 1214 372 in
1251 349 1349 382 eum,
1384 338 1449 388 qui
1477 338 1524 375 ab
1552 351 1596 375 eo
1623 352 1700 376 non

178 402 298 438 solum
328 413 405 437 non
433 403 559 450 posset
586 399 700 444 vinci,
728 399 792 436 sed
819 412 899 437 eam
927 403 963 437 et
989 399 1029 436 in
1057 399 1177 449 seipso
1207 402 1243 436 et
1268 412 1333 450 per
1360 413 1398 439 se
1415 401 1458 439 in
1478 402 1588 440 nobis
1607 408 1704 440 esset

177 469 430 516 superaturus.
459 464 681 509 Transtulit,
708 464 843 514 inquit,
872 463 1055 501 Dominus
1081 463 1121 500 in
1147 464 1254 501 illum
1278 464 1514 516 iniquitatem
1533 467 1702 505 omnium

175 534 356 566 nostrum.
385 527 493 565 Pacis
520 527 635 576 igitur
663 532 813 565 nostrae
840 541 927 576 erga
955 524 1077 565 Deum
1105 528 1201 565 ratio
1231 540 1296 566 seu
1322 530 1456 568 modus
1484 531 1524 568 in
1552 531 1702 569 Christo

176 593 319 644 positus
346 597 415 636 est,
443 593 549 630 cuius
575 592 694 630 livore
722 593 842 630 sanati
871 605 1012 631 sumus.
1065 591 1178 630 Unde
1206 596 1242 630 et
1269 607 1290 631 a
1317 593 1461 632 Ioanne
1487 608 1606 644 agnus
1634 609 1701 633 vo·

176 661 295 702 catus,
331 656 395 707 qui
430 655 470 693 in
508 669 547 694 se
573 656 764 694 sustulerit
791 655 909 693 totius
935 656 1068 693 mundi
1094 660 1300 706 peecatum,
1326 661 1363 694 et
1389 659 1701 708 quemadmodum

175 722 216 758 in
256 721 406 759 Christo
445 720 598 758 homine
632 719 729 758 nihil
765 733 872 758 suum
906 720 1043 771 reperit
1077 733 1198 770 neque
1235 721 1371 759 habere
1397 726 1521 772 potest
1548 724 1703 768 Sathan,

175 785 227 822 ita
261 798 382 835 neque
415 784 456 821 in
492 784 605 821 nobis
639 784 844 834 quidquam
881 783 1040 834 amplius
1076 783 1188 822 habet
1224 784 1350 830 etiam,
1384 786 1533 836 corpori
1562 786 1703 825 Christi

175 849 347 895 inclusis,
382 853 565 900 quatenus
602 861 690 886 san-e
717 848 764 886 ad
791 847 982 885 Christum
1010 848 1251 898 pertinemus.
1305 849 1366 886 Ad
1396 849 1587 888 Christum
1616 864 1701 888 vero

175 913 365 964 pertinent
402 926 544 957 omneS,
585 924 679 963 quos
719 912 918 963 promissio
956 912 1216 962 complectitur
1251 916 1288 950 et
1324 913 1480 951 dubium
1508 926 1598 951 sane
1625 928 1703 952 non

175 982 241 1024 est,
279 982 355 1014 tam
390 977 475 1023 late,
515 989 560 1014 ne
597 976 718 1014 dicam
745 976 880 1024 (latius,
914 980 1040 1027 patere
1075 975 1235 1013 Divinae
1270 974 1533 1027 promissionis
1562 978 1635 1016 vim
1662 978 1703 1016 in

174 1042 357 1079 servando
387 1042 551 1087 homine,
578 1053 692 1092 quam
719 1040 758 1077 in
785 1040 1070 1077 condemnando
1098 1040 1164 1077 illo
1192 1040 1287 1090 legis
1316 1053 1380 1078 seu
1395 1041 1566 1079 mandati
1584 1055 1703 1080 nexus

174 1104 336 1155 patebat,
376 1108 418 1142 ut
453 1105 550 1141 sicut
584 1116 648 1154 per
686 1103 795 1140 unius
832 1103 1010 1140 delictum
1046 1105 1250 1154 propagata
1280 1109 1343 1142 *est
1381 1118 1481 1143 mors
1506 1106 1547 1143 in
1574 1119 1704 1145 omnes

176 1169 347 1206 homines
393 1168 440 1206 ad
478 1167 841 1213 condemnationem,
875 1167 1191 1218 quemadmodum
1230 1168 1367 1206 Paulus
1403 1170 1467 1216 ait,
1501 1170 1554 1208 ita
1590 1171 1702 1208 etiam

174 1246 239 1284 per
266 1233 379 1271 unius
405 1233 587 1270 iustitiam
614 1236 820 1283 propagata
849 1231 897 1269 sit
925 1232 999 1269 vita
1026 1231 1065 1269 in
1094 1244 1223 1269 omnes
1258 1232 1429 1270 homines
1457 1234 1503 1271 ad
1522 1234 1703 1272 iustifica-

174 1297 329 1336 tionem.
383 1297 488 1334 Haec
524 1296 635 1334 nobis
672 1297 895 1333 confirmant
921 1295 1002 1346 ipsa
1029 1294 1138 1332 etiam
1168 1295 1430 1345 promissionis
1457 1297 1580 1344 verba,
1608 1311 1703 1348 quae

175 1375 305 1399 omnes
333 1361 448 1399 totius
475 1361 579 1398 orbis
605 1365 737 1409 gentes
766 1360 1077 1411 complectuntur,
1104 1364 1141 1397 et
1168 1360 1306 1397 Paulus
1333 1361 1476 1398 nullum
1501 1362 1702 1400 discrimen

177 1425 268 1463 facit
302 1425 343 1462 in
381 1425 532 1463 Christo
568 1424 699 1462 Iudaei
727 1429 761 1461 et
791 1422 937 1468 Graeci,
965 1423 1028 1460 sed
1056 1436 1185 1461 omnes
1213 1423 1305 1461 facit
1330 1437 1446 1462 unam
1471 1424 1511 1462 in
1539 1425 1703 1463 Domino

174 1496 210 1527 ct
238 1489 389 1540 quidem
416 1502 553 1526 novam
582 1493 802 1526 creaturam.
839 1490 891 1525 At
920 1500 1005 1525 vero
1034 1487 1065 1525 si
1093 1488 1164 1524 hoc
1190 1488 1242 1525 ita
1270 1500 1308 1525 se
1335 1488 1486 1532 habeat,
1512 1493 1552 1527 ut
1573 1503 1702 1528 omnes

176 1553 316 1604 ubique
350 1553 522 1602 gentium
560 1552 731 1590 homines
757 1551 799 1588 in
826 1551 977 1588 Christo
1006 1557 1214 1596 serventur,
1241 1551 1308 1588 ubi
1336 1557 1445 1589 erunt
1470 1552 1540 1596 illi,
1566 1554 1703 1604 quibus

173 1617 358 1655 iudicium
381 1617 458 1654 iam
484 1616 574 1654 olim
602 1628 678 1654 non
709 1615 833 1653 tardat
859 1619 895 1653 et
921 1614 1080 1666 perditio
1108 1627 1186 1652 non
1213 1614 1418 1653 dormitat?
1473 1616 1703 1669 Complecti·

174 1687 235 1719 tur
272 1695 360 1719 sane
395 1681 595 1733 promissio
622 1694 754 1718 omnes
781 1680 950 1717 omnium
976 1680 1147 1729 gentium
1176 1679 1362 1726 homines,
1389 1680 1453 1718 sed
1482 1681 1593 1720 certis
1619 1682 1705 1733 qui-

176 1746 333 1783 busdam
369 1745 524 1790 finibus,
559 1757 657 1795 quos
692 1744 725 1781 si
760 1744 827 1795 qui
863 1743 990 1781 studio
1026 1744 1085 1781 vel
1113 1743 1318 1792 negligant.
1337 1744 1395 1781 vel
1423 1745 1703 1792 transcendant,

175 1809 214 1847 hi
251 1809 393 1860 seipsos
429 1822 450 1846 a
486 1807 741 1859 promissione
777 1807 861 1851 Dei,
897 1819 994 1857 quae
1029 1806 1153 1844 estin
1182 1805 1350 1851 Christo,
1376 1807 1595 1846 excludunt.
1649 1812 1706 1845 Ac

173 1874 313 1912 Paulus
341 1872 494 1923 quidem
521 1873 620 1909 intra
649 1871 741 1908 haec
769 1876 872 1921 septa
900 1870 1125 1908 concludere
1143 1869 1293 1907 videtur
1309 1869 1472 1908 divinam
1495 1871 1534 1908 in
1553 1872 1704 1910 Christo

172 1937 334 1986 gratiam
361 1949 426 1974 seu
453 1935 758 1986 promissionem,
786 1934 893 1972 utin
921 1934 969 1972 iis
998 1934 1181 1972 duntaxat
1209 1934 1337 1972 efficax
1365 1934 1414 1972 sit
1434 1935 1624 1979 Christus,
1642 1937 1706 1987 qui

172 2001 318 2051 gratiae
359 2000 464 2038 iilius
508 2000 797 2038 exuberantiam
841 1999 915 2036 fide
950 1997 1249 2049 apprehendant,
1284 2002 1397 2048 atque
1433 1998 1618 2037 hacteuus
1655 2000 1705 2038 sit

174 2070 302 2104 noster
339 2065 528 2109 Christus,
562 2068 748 2114 quatenus
781 2062 821 2100 in
849 2063 957 2099 illum
986 2062 1187 2107 credimus,
1213 2061 1313 2099 nihil-
1337 2073 1425 2099 vero
1454 2062 1501 2099 ad
1528 2074 1593 2100 eos
1619 2074 1704 2113 per-

172 2131 304 2174 tineat,
331 2128 397 2180 qui
423 2129 463 2166 in
490 2128 614 2179 ipsum
641 2140 719 2165 non
747 2127 915 2164 credunt.
954 2126 1026 2164 Sed
1055 2125 1086 2163 si
1114 2137 1223 2163 nemo
1250 2125 1418 2163 omnium
1444 2131 1501 2163 est
1527 2127 1592 2177 qui
1622 2139 1705 2164 vere

171 2193 323 2232 credere
367 2192 454 2234 Deo,
491 2191 614 2243 possit
647 2196 800 2242 propter
836 2190 1013 2228 adnatarn
1059 2189 1235 2227 omnibus
1278 2189 1596 2234 incredulitatem,
1635 2190 1705 2227 sub

165 2271 278 2308 quam
305 2271 374 2295 nos
401 2269 532 2295 omnes
561 2240 872 2308 conclusos‘esse
898 2254 1088 2305 scriptura
1114 2253 1316 2291 manifeste
1341 2257 1515 2298 testatur,
1540 2265 1617 2291 non
1635 2253 1706 2290 erit

174 2322 374 2372 quisquam
401 2333 543 2366 rursus,
571 2319 619 2357 ad
646 2331 756 2370 quem
789 2314 857 2356 Uei
885 2317 1085 2369 promissio
1115 2330 1180 2355 seu
1208 2316 1380 2354 Christus
1408 2316 1490 2367 ipse
1506 2317 1704 2368 pertineat.

176 2387 285 2424 Clara
313 2390 369 2424 est
395 2386 497 2423 enim
526 2384 735 2422 sententia:
766 2383 844 2422 Qui
873 2396 949 2421 non
981 2381 1195 2427 crediderit,
1223 2382 1552 2420 condemnabitur.
1582 2382 1710 2419 Quare

176 2465 262 2489 cum
290 2455 431 2488 certum
462 2450 512 2488 sit
536 2449 844 2488 incredulitatem
873 2452 1042 2485 nostram
1070 2459 1149 2485 non
1175 2447 1327 2484 obstare
1356 2446 1479 2492 nobis,
1506 2445 1706 2497 quominus

176 2515 247 2554 Dei
279 2515 479 2567 promissio
518 2514 566 2552 ad
594 2526 663 2552 nos
689 2513 878 2564 pertinere
904 2512 1038 2563 possit,
1064 2523 1186 2562 neque
1213 2509 1369 2548 dubium
1398 2511 1447 2548 sit
1473 2510 1563 2548 item
1590 2509 1706 2559 pluri-

177 2592 258 2618 mos
301 2578 486 2624 damnari,
530 2578 680 2616 etiamsi
716 2575 915 2628 promissio
953 2588 1083 2614 omnes
1121 2576 1291 2613 omnium
1326 2574 1495 2624 gentium
1531 2572 1702 2610 homines

177 2643 460 2694 complectatur,
488 2643 583 2680 illud
610 2642 786 2693 inprimis
816 2640 1095 2692 dispiciendum
1124 2640 1207 2685 erit,
1234 2644 1419 2690 quatenus
1446 2636 1595 2675 credere
1623 2636 1703 2674 Deo

178 2709 359 2753 dicamur,
394 2707 541 2745 etiamsi
574 2707 632 2744 illi
668 2718 753 2744 vere
791 2706 939 2743 credere
975 2717 1054 2743 non
1089 2705 1290 2756 possimus,
1323 2704 1399 2740 imo
1435 2715 1482 2739 ne
1516 2702 1703 2752 percipere

177 2774 328 2824 quidem
354 2785 448 2823 quae
476 2775 563 2809 sunt
590 2771 672 2817 Dei,
698 2775 739 2809 etv
761 2775 947 2822 quatenus
974 2782 1120 2808 rursum
1148 2783 1169 2806 a
1189 2768 1438 2820 promissione
1458 2767 1571 2804 alieni
1589 2767 1702 2804 cffici-

177 2852 272 2885 mur,
296 2836 442 2876 etiamsi
469 2836 668 2888 promissio
697 2849 824 2874 omnes
851 2835 1019 2873 omniurn
1038 2834 1209 2884 gentium
1232 2832 1402 2871 homines
1418 2831 1701 2882 complectatur.
