1818 3178
754 132 996 162 PRAEFATIO.
1526 126 1635 156 LXIII

165 248 242 291 Est
283 253 422 289 tamen
468 244 571 284 haec
618 240 805 297 quaestio
851 238 1014 280 lubrica
1043 235 1270 279 admodum
1303 240 1428 290 atque
1459 234 1635 282 incerta,

105 328 147 365 et
194 318 386 377 quamvis
424 314 592 358 nullum
625 315 675 355 sit
708 321 790 354 tam
824 310 969 352 stabile
999 310 1218 364 fixumque
1250 314 1289 350 et
1319 304 1535 364 probabile
1568 319 1635 347 ar-

108 397 377 450 gumentum,
420 395 466 428 ut
506 385 737 442 genuinam
779 383 886 424 hauc
923 381 1225 422 confessionem
1258 378 1453 426 vindicet,
1485 391 1636 419 manca

109 473 248 505 tamen
291 459 435 514 utique
482 462 524 497 et
565 454 691 496 dubia
726 451 910 495 manebit
941 450 1217 501 ratiocinatio,
1252 449 1371 491 euius
1399 448 1440 489 in
1473 446 1637 488 silentio

109 531 232 573 unice
268 527 419 570 residet
451 526 539 576 vis;
575 538 651 565 nec
685 537 800 564 mous
832 518 1136 561 desiderabitur
1167 518 1410 575 applausus,
1442 516 1475 558 si
1507 530 1638 572 quan-

112 601 164 642 do
216 597 352 641 subita
402 596 529 652 ipsius
575 589 934 635 confessiunculae
986 589 1192 644 apparitio
1235 603 1318 629 uno
1357 587 1459 629 flatu
1498 600 1637 628 meam

109 683 274 711 omnem
307 666 523 722 dispergat
553 661 847 718 suspicionem.

545 780 585 820 4.
647 775 945 819 CATEcmsMus
976 784 1191 814 MIoRoNn.

168 905 219 947 In
265 915 451 945 errorem
484 898 685 940 inducere
717 894 838 937 facile
869 892 1007 949 potuit
1037 890 1365 948 praemonitoria
1398 889 1524 931 huius
1555 886 1639 930 Ca-

110 975 298 1019 techismi
345 971 534 1029 epistola,
586 967 711 1010 Lasci
753 966 922 1007 nomine
965 965 1143 1019 signata,
1186 976 1271 1017 qua
1301 960 1470 1002 totidem
1502 958 1640 1001 verbis

110 1049 235 1090 dicit:
288 1069 308 1093 's
330 1043 489 1086 Minori
536 1041 614 1082 hoc
652 1036 920 1080 Catecliismo
951 1036 1031 1077 hoc
1062 1050 1144 1076 non
1179 1035 1345 1087 aqimus,
1378 1040 1426 1073 ut
1456 1047 1478 1073 e
1509 1032 1640 1073 mani-

115 1141 136 1167 η
157 1119 232 1160 bus
273 1116 420 1158 vestris
451 1112 652 1154 maiorem
686 1109 805 1150 illum
842 1107 1103 1164 deponatis.’'
1138 1108 1170 1161 ¹)
1232 1105 1352 1146 Haec
1385 1111 1525 1145 autem
1558 1103 1637 1144 mi-

113 1193 225 1234 nime
265 1194 476 1231 auctorem
521 1190 710 1240 spectare
742 1180 882 1231 verba,
916 1179 987 1222 sed
1018 1179 1287 1221 autoritatem
1319 1177 1525 1218 duntaxat
1556 1190 1640 1230 qua

111 1265 153 1306 in
199 1259 412 1304 Ecclesiae
459 1271 582 1298 usum
636 1253 820 1296 sancitus
869 1253 919 1294 sit
962 1249 1268 1300 Gatechismus‚
1302 1263 1476 1305 esseque
1507 1248 1638 1304 igitur

111 1337 236 1377 unice
276 1329 492 1373 Micronio
533 1326 653 1369 illum
686 1324 973 1376 tribuendum,
1007 1323 1104 1365 satis
1134 1337 1346 1378 superque
1378 1321 1459 1363 iam
1492 1318 1640 1362 titulus

114 1404 293 1449 evincit:
338 1405 402 1444 De
448 1403 582 1457 cleyne
627 1399 893 1439 Cateekismus
933 1398 1001 1452 oft
1037 1396 1300 1446 kinderleere,
1331 1395 1401 1435 der
1433 1392 1644 1448 Duytselae

118 1481 366 1533 Glcemeynte,
420 1474 484 1515 die
537 1477 575 1513 te
620 1471 779 1511 Londen
830 1469 879 1517 is,
927 1480 1152 1509 GHEMAECT
1207 1464 1501 1522 (conscriptus)
1551 1465 1642 1505 doer

114 1552 275 1593 Maera}
307 1547 484 1590 Mieroen
517 1544 568 1601 2).

116 1730 164 1771 B.
197 1725 373 1779 QUAE
406 1723 487 1766 AB
521 1718 687 1764 ALIIS
721 1715 1110 1762 CONSCRIPTA
1144 1714 1361 1757 EDIDIT
1384 1711 1641 1757 LASCUS.

289 1909 328 1950 5.
388 1908 659 1949 BULLINGERI
688 1911 922 1943 TRAc'rATus
953 1910 1007 1939 DE
1038 1908 1173 1937 COENA
1206 1893 1289 1950 (ed.
1322 1893 1468 1950 1551).

175 2027 237 2070 Ut
267 2024 470 2067 refutaret
499 2020 680 2065 Lutheri
712 2017 867 2060 acriter
898 2017 940 2058 in
973 2014 1190 2057 Helvetias
1221 2012 1429 2055 Ecclesias
1460 2027 1496 2055 a.
1533 2011 1644 2053 1544

117 2114 281 2158 sparsas
298 2095 541 2145 calumnias,
570 2092 847 2146 Bullingerus
870 2089 983 2130 hunc
1004 2086 1053 2128 de
1077 2086 1221 2129 Coena
1243 2091 1468 2128 tractatum
1491 2084 1644 2139 scripto

118 2170 360 2215 condiderat
393 2168 463 2225 (m.
497 2165 624 2208 Febr.
660 2164 770 2205 1546
801 2160 1013 2214 finitum);
1051 2164 1259 2214 presserat
1290 2164 1428 2199 tamen
1460 2157 1501 2198 et
1532 2154 1645 2212 quod

115 2243 333 2288 Lutherus
364 2256 385 2282 e
418 2238 519 2280 vivis
549 2235 789 2278 excessisset
820 2234 860 2275 et
891 2230 1001 2288 quod
1033 2230 1213 2272 aliorum
1244 2230 1524 2284 interrogare,
1559 2230 1643 2283 pri-

116 2330 293 2373 usquam
326 2312 535 2362 ederetur,
567 2308 692 2350 vellet
724 2306 773 2348 de
805 2321 853 2347 eo
885 2303 1100 2346 iudicium.
1148 2301 1245 2343 Hoc
1275 2301 1357 2343 fine
1390 2299 1644 2356 opusculum

117 2403 238 2433 suum
272 2386 410 2429 Lasco
440 2383 561 2424 etiam
593 2380 778 2430 miserat,
811 2376 863 2419 ad
894 2391 1018 2433 quem
1052 2390 1088 2417 a.
1106 2370 1224 2416 Γ1548
1247 2373 1413 2415 taudem
1439 2372 1642 2428 pervenit.

117 2458 366 2502 Triennium
401 2461 494 2511 post
526 2451 753 2509 legendum
787 2464 882 2491 eum
916 2447 1164 2490 exhibuerat
1193 2446 1217 2487 a
1238 2445 1376 2487 Lasco
1409 2443 1645 2488 Cranmero

120 2529 462 2585 Arclfiepiscopo,
508 2524 574 2567 cui
623 2537 755 2578 quum
803 2520 975 2577 egregie
1021 2517 1219 2575 placeret,
1263 2517 1350 2559 eius
1396 2515 1645 2573 divulgandi

162 2707 188 2746 ¹>
211 2705 311 2736 Lisci
337 2702 448 2744 opera.
471 2700 516 2732 ΙΙ.
539 2711 568 2741 p.
593 2698 665 2731 671.

160 2763 186 2801 Ξ)
210 2760 265 2792 Sic
294 2757 407 2789 titulus
437 2755 554 2797 legitur
583 2754 616 2784 in
650 2751 865 2784 vetustissima
896 2750 1048 2787 editione,
1078 2749 1170 2781 cuius
1200 2749 1341 2780 asservat
1371 2745 1532 2787 exemplar
1561 2746 1646 2779 Bibl.

118 2815 316 2855 Teleiobapt.
337 2811 515 2844 Amstelod.
539 2809 648 2840 Theol.
672 2807 726 2839 tl.
750 2817 776 2838 c.
800 2806 872 2838 336.
895 2806 934 2837 In
957 2805 1061 2837 lucem
1084 2804 1206 2846 prodiit
1229 2803 1247 2834 8
1272 2801 1472 2833 Octobris
1496 2802 1587 2840 1552,
1612 2804 1648 2833 ut

117 2874 149 2905 in
173 2874 234 2904 fine
257 2869 459 2903 adscribitur.
484 2866 650 2908 Repetitae
674 2863 828 2895 editiones
852 2873 879 2896 a.
905 2861 983 2893 1555
1007 2863 1038 2892 et
1060 2860 1140 2895 1558
1165 2858 1241 2894 cura
1264 2857 1360 2889 Gellii
1383 2855 1546 2897 Ctematii,
1575 2856 1648 2892 Em,-

116 2929 192 2963 dani
215 2925 418 2970 typographi,
443 2922 529 2965 typis
553 2920 721 2952 mandatae
745 2919 828 2951 sunt.
