1818 3178
180 166 335 198 Lxxxvl
818 153 1060 184 PRAEFATIO.

182 275 407 322 meden,
447 271 497 324 by
544 264 755 307 Gellium
801 259 1079 302 Ommatium
1114 257 1225 312 (sici)
1267 260 1398 299 Anno
1439 255 1550 298 1558
1582 257 1696 311 Sep-

186 345 314 386 temb.
350 342 415 382 20.

243 414 289 455 In
336 412 424 466 ipso
468 413 583 449 textu
632 418 730 445 vero
776 416 946 459 prorsus
992 414 1086 441 cum
1127 398 1307 440 editione
1339 398 1463 440 huius
1494 397 1693 440 versionis

189 482 367 526 secunda
412 477 649 526 concordat,
695 481 735 516 et
781 472 946 515 nonnisi
987 470 1193 512 levissima
1236 469 1441 526 quaedam
1472 467 1694 512 observatu

183 557 250 596 vix
289 553 413 608 digna
453 546 820 604 reprehenduntur
864 545 905 585 in
948 540 1247 583 vocabulorum
1281 539 1497 583 elementis
1528 555 1695 598 compo·

183 625 323 668 nendis
352 620 603 664 discrimina.

241 697 310 738 An
354 691 508 749 pluries
543 690 665 731 etiam
697 688 800 729 haec
830 685 964 727 versio
994 682 1139 740 praelo
1171 681 1358 725 subiecta
1388 684 1453 736 sit,
1485 684 1695 726 incertum

183 774 254 809 est.
316 762 575 806 Crediderim
622 767 776 806 tamen,
811 766 1030 812 propterea
1063 754 1172 810 quod
1206 753 1581 811 Heidelbergensis
1613 754 1695 798 Ca-

184 838 403 880 techismus
447 850 469 875 e
516 831 697 874 Datheni
745 829 946 877 versione,
978 827 1050 882 qui
1080 825 1206 868 Lasci
1239 825 1549 869 Catechismum
1583 826 1696 884 apud

182 907 404 965 populares
449 903 622 959 excepit,
664 900 864 943 decennio
897 898 990 954 plus
1023 898 1188 939 tertiam
1220 897 1442 940 editionem
1480 898 1696 955 egreditur

181 988 220 1022 et
257 980 297 1020 in
328 985 486 1020 tantum
519 973 717 1029 temporis
748 971 926 1027 spatium
962 970 1084 1011 unius
1115 969 1304 1011 editionis
1336 969 1595 1026 exemplaria
1626 971 1696 1012 vix

181 1050 419 1093 suffecerint
450 1049 497 1104 ¹).

239 1122 289 1164 [n
321 1128 437 1162 textu
467 1123 607 1160 nostro
638 1115 688 1157 ad
720 1114 897 1156 litteram
930 1128 1124 1155 excusam
1161 1113 1348 1156 invenies
1380 1113 1695 1157 vetustissimam

181 1194 305 1236 huius
337 1189 534 1233 versionis
565 1186 804 1236 editionem,
838 1199 946 1241 quae
977 1200 1014 1227 a.
1051 1184 1160 1226 1551
1195 1184 1381 1227 Londini
1415 1185 1581 1241 prodiit,
1612 1201 1698 1227 una

184 1280 278 1307 cum
326 1263 451 1304 latina
495 1259 800 1314 reproductz'one,
843 1255 1199 1312 quemadmodum
1246 1257 1388 1298 vocari
1419 1255 1535 1308 solet,
1569 1271 1696 1313 quam

181 1336 258 1392 ipsi
288 1333 536 1376 curavimus.
600 1328 669 1371 Ad
701 1328 856 1369 calcem
889 1327 1042 1381 ubique
1073 1343 1095 1368 e
1125 1327 1308 1369 secunda
1338 1327 1518 1370 editione
1563 1328 1698 1370 varias

182 1404 474 1460 adscripsimus
517 1401 726 1448 lectiones,
772 1414 876 1454 quas
919 1397 1208 1441 memorabiles
1240 1399 1551 1455 deprendimus,
1585 1407 1626 1440 et
1654 1399 1696 1441 in

181 1477 371 1532 margine
401 1472 598 1515 versionis
629 1470 815 1526 belgicae
846 1470 1079 1525 scripturae
1103 1469 1215 1512 locos
1237 1485 1288 1513 ex
1309 1470 1487 1512 editione
1509 1485 1545 1512 a.
1571 1471 1696 1520 1551,

181 1550 220 1590 in
268 1547 459 1602 margine
505 1559 603 1585 vero
641 1549 776 1585 textus
821 1542 950 1590 latini,
997 1557 1065 1583 eos
1107 1542 1177 1598 qui
1219 1542 1262 1583 in
1303 1541 1481 1583 editione
1512 1557 1549 1584 a.
1585 1542 1695 1585 1553

183 1620 461 1676 reperiuntur,
494 1615 638 1658 sedulo
669 1615 974 1657 annotavimus.
1023 1612 1259 1670 Originalis
1289 1613 1413 1655 huius
1445 1611 1700 1656 Catechismi

182 1701 327 1740 textus,
379 1689 506 1731 latino
551 1685 825 1744 proculdubio
862 1700 1071 1736 sermone,
1120 1686 1171 1727 ab
1201 1686 1224 1727 a
1260 1685 1393 1727 Lasco
1425 1687 1692 1742 compositus,

183 1770 230 1805 ut
258 1769 298 1804 et
327 1761 463 1817 prisca
490 1759 683 1801 idiomate
711 1758 875 1799 Frisiae
906 1755 1137 1800 Orientalis
1171 1759 1322 1810 versio,
1351 1757 1475 1815 plane
1497 1758 1698 1801 excidisse

184 1834 388 1876 videntur.
451 1830 646 1887 Belgicae
690 1830 889 1871 versionis
930 1829 1155 1872 editionem
1191 1830 1370 1886 primam
1401 1837 1441 1872 et
1471 1830 1699 1873 secundam

182 1905 360 1963 possidet
399 1903 581 1959 mihique
622 1901 913 1944 officiosissime
953 1902 995 1944 in
1040 1917 1160 1943 usum
1204 1917 1342 1943 meum
1386 1903 1586 1944 concessit
1615 1902 1699 1945 Vir

182 1978 291 2034 plur.
327 1990 465 2019 vener.
501 1974 701 2023 waiam,
737 1973 949 2015 Ecclesiae
980 1973 1143 2015 Frisiae
1175 1971 1405 2015 Orientalis
1427 1972 1699 2030 Superinten·

182 2050 281 2091 dens
311 2057 350 2089 et
380 2047 420 2088 in
452 2061 564 2102 pago
595 2043 876 2087 Suurhuusen
909 2060 1125 2086 sacrorum
1160 2045 1352 2087 antistes:
1388 2070 1440 2076 —
1473 2046 1696 2088 editionem

181 2119 406 2163 secundam
446 2124 659 2174 praeterea
696 2125 878 2159 asservat
917 2117 1177 2159 Bibliotheca
1219 2116 1412 2160 Emdana
1447 2119 1598 2170 (Theol.
1632 2120 1696 2162 80.

184 2192 335 2248 1323);
387 2215 437 2222 -
477 2190 642 2231 tertiam
690 2189 870 2244 denique
920 2189 1212 2231 administrare
1262 2196 1397 2246 potest
1436 2190 1698 2234 Bibliotheca

185 2262 583 2310 Remonstrantium,
616 2275 722 2316 quae
755 2259 1060 2303 Amstelodami
1093 2268 1154 2302 est
1191 2261 1261 2318 (N.
1296 2262 1413 2318 115).

243 2334 510 2380 Sententiam,
552 2347 675 2387 quam
718 2332 782 2373 hic
822 2332 967 2388 paucis
1003 2333 1303 2389 expedivimus,
1335 2349 1372 2376 a.
1406 2333 1518 2376 1783
1550 2333 1702 2376 acriter

187 2406 360 2462 impetiit
400 2406 463 2446 vir
494 2403 601 2446 doct.
633 2405 908 2455 Baucfflfflu&
942 2405 1014 2460 qui
1046 2405 1089 2446 in
1122 2405 1227 2447 urbe
1261 2404 1564 2462 Appingadam
1598 2412 1700 2448 tunc

186 2476 383 2533 temporis
427 2475 617 2517 Rectoris
662 2489 815 2516 munus
855 2489 950 2517 cum
993 2491 1111 2518 sacro
1143 2477 1374 2520 ministerio
1405 2477 1699 2535 coniungebat.

188 2545 440 2597 Incredibili,
500 2559 583 2600 qua
643 2543 833 2594 callebat,
894 2546 1144 2599 loquacitate
1209 2548 1249 2589 in
1313 2563 1438 2604 opere
1490 2548 1700 2604 periodico

190 2641 209 2666 η
231 2616 434 2660 Boekzaal
476 2616 544 2656 der
579 2616 759 2668 yeleerde
788 2614 968 2656 wereld’'
1000 2615 1287 2659 demonstrare
1320 2617 1392 2660 ille
1422 2626 1596 2661 conatus
1627 2626 1701 2667 est,

227 2759 251 2796 ¹)
274 2757 546 2787 Commemoratur
569 2754 664 2785 etiam
686 2753 782 2785 editio
805 2755 851 2785 4a.
868 2752 896 2784 ai
914 2754 993 2785 1563
1011 2755 1060 2787 Cf,
1084 2756 1299 2794 Bnucmmus,
1316 2756 1479 2788 Boekzaal
1491 2756 1547 2789 der
1559 2757 1702 2798 qeleerde

187 2811 306 2848 wereld,
336 2810 423 2841 Pars.
456 2809 526 2840 139.
556 2819 582 2839 n.
615 2807 693 2840 1783
724 2818 764 2839 m.
789 2808 920 2839 Octobr.
943 2819 973 2850 p.
995 2809 1068 2840 421.
1110 2810 1249 2847 Mamm,
1276 2811 1383 2850 openl.
1405 2812 1548 2845 kerleleer
1568 2812 1625 2844 der
1648 2810 1706 2844 Eo.

188 2866 291 2905 Geraef.
319 2865 401 2897 Gem.
423 2864 453 2895 in
481 2863 606 2895 Enctlen.
632 2862 752 2895 Emdcn
778 2863 915 2921 180431.
939 2874 970 2907 p.
994 2865 1069 2896 136:
1108 2865 1221 2897 nullibi
1245 2868 1351 2898 tamen
1373 2877 1442 2898 eam
1467 2866 1705 2911 deprehendere

188 2919 291 2963 potui.
