1818 3178
186 136 289 166 XXVI
821 134 1050 163 PRAEFATIO
1056 152 1065 162 .

184 244 313 286 mixta
341 244 399 285 ita
428 243 633 284 coniicere
664 242 798 283 coacti
827 255 985 292 sumus,
1017 240 1157 297 prouti
1177 240 1417 284 libellorum
1439 241 1559 298 copia
1581 241 1700 284 nobis

184 317 227 358 in
256 315 415 358 edendo
445 314 628 356 daretur.
661 313 725 355 Ut
754 320 893 355 tamen
925 312 1123 368 temporis
1154 312 1289 355 ordini
1318 314 1444 356 etiam
1475 320 1698 369 quantum·

185 394 280 444 pote
322 386 625 436 consuleretur,
659 386 846 428 omnium
883 386 972 427 eius
1003 384 1303 441 opusculorum
1335 385 1566 427 secundum
1597 392 1700 427 tem-

184 461 298 516 poris
327 460 474 501 seriem
505 466 772 513 conspectum
805 457 974 499 editioni
1004 465 1170 498 nostrae
1201 464 1507 512 praetexemus.
1537 456 1591 498 In
1613 456 1699 512 epi·

184 529 298 571 stolis
338 526 523 578 edendis,
566 527 721 582 quippe
751 541 858 582 quae
889 533 1144 582 postremum
1178 526 1344 567 sortitae
1376 533 1512 568 essent
1542 525 1699 576 locum,

183 600 290 640 iusta
330 598 475 652 utique
516 597 714 652 temporis
755 597 861 638 ratio
904 596 1046 638 haberi
1079 595 1222 650 potuit.
1285 593 1445 636 Ordine
1476 595 1607 651 igitur
1638 610 1699 637 se-

184 668 367 711 cundum
418 668 596 717 dierum,
643 666 793 723 quibus
839 667 958 709 datae
988 675 1097 719 sunt,
1129 665 1277 707 seriem
1310 665 1530 721 dispositae
1560 681 1603 709 se
1639 667 1700 708 in-

184 741 317 781 vicem
347 738 676 795 subsequuntur.

238 811 418 852 Textum
450 809 689 852 libellorum
722 816 761 850 et
790 809 1060 865 epistolarum
1094 807 1370 863 diplomatice,
1403 808 1514 863 quod
1536 815 1699 861 vocant,

183 889 495 938 repraesentare
540 896 691 937 parum
746 881 980 936 profuisset.
1043 880 1129 922 Ars
1180 879 1485 936 typographica
1529 879 1702 921 iuvenili

180 953 346 995 levitate
387 953 428 994 in
461 952 836 1009 prodigiosissimos
868 959 967 993 tunc
1007 952 1205 1007 temporis
1236 950 1419 992 incidere
1449 950 1606 993 solebat
1637 965 1701 992 er-

181 1040 309 1067 rores.
349 1023 462 1078 Quid
492 1025 641 1066 attinet
672 1030 859 1065 monstra
890 1023 992 1064 haec
1024 1021 1324 1064 vocabulorum
1358 1021 1545 1064 referre?
1580 1021 1704 1064 Com·

179 1096 330 1153 pendia
376 1111 525 1138 vocum
574 1111 656 1137 non
706 1103 869 1137 tantum
902 1095 943 1136 in
974 1094 1153 1150 scriptis,
1185 1094 1255 1136 sed
1286 1094 1326 1135 in
1352 1095 1470 1151 typis
1500 1095 1704 1151 expressis

183 1154 350 1225 quoque
378 1168 495 1209 libris
526 1167 619 1209 tulit
649 1181 905 1223 proavorum
939 1174 1064 1218 aetas,
1097 1181 1223 1222 aegre
1246 1167 1405 1221 respuit
1422 1173 1578 1209 nostra.
1611 1165 1704 1209 Cur

182 1241 314 1297 igitur
345 1239 511 1281 inutiles
540 1247 579 1280 et
610 1245 783 1280 truncas
814 1237 1045 1279 istiusmodi
1076 1252 1196 1278 voces
1218 1237 1457 1293 aequalium
1480 1238 1612 1280 oculis
1634 1238 1703 1280 ob·

180 1312 480 1354 traderemus?
544 1310 759 1352 Amabant
805 1309 949 1366 proavi
987 1308 1208 1350 initialium
1241 1308 1478 1351 litterarum
1509 1311 1706 1366 frequen-

180 1386 281 1428 tiam
326 1393 365 1426 et
405 1384 496 1426 altis
527 1384 731 1439 capitibus
763 1386 966 1439 scriptum
998 1397 1121 1424 suum
1154 1397 1307 1424 ornare
1339 1382 1556 1438 putabant.
1617 1384 1703 1425 De-

179 1457 335 1498 lectum
377 1455 573 1497 adhibere
621 1455 662 1496 in
694 1470 742 1496 ea
773 1469 818 1496 re
850 1469 1019 1510 quoque
1050 1452 1164 1495 iubet
1195 1453 1386 1496 excultae
1415 1455 1551 1511 magis
1579 1462 1704 1511 atque

179 1528 421 1585 perpolitae,
469 1543 554 1583 quo
593 1533 783 1569 nostrum
816 1527 1026 1583 prominet
1056 1525 1285 1579 saeculum,
1317 1533 1514 1569 externae
1544 1527 1704 1570 formae

178 1600 378 1643 studium.
432 1598 538 1652 Quis
568 1599 702 1655 igitur
733 1599 942 1650 suaderet,
977 1598 1205 1640 recondere
1235 1597 1468 1640 inconditas
1499 1598 1702 1640 eiusmodi

181 1673 355 1728 ineptias
386 1679 425 1713 et
457 1671 645 1712 cultrum
676 1670 727 1712 ab
758 1670 883 1711 huius
915 1669 1083 1726 generis
1105 1668 1336 1711 stolonibus
1357 1670 1549 1711 arceret?
1582 1667 1703 1720 Quas

183 1743 311 1786 latina
351 1742 499 1799 lingua
541 1743 581 1783 in
623 1741 838 1783 elementis
870 1740 1105 1783 litterarum
1139 1741 1437 1796 componendis
1468 1741 1706 1797 perpaucis-

179 1816 303 1857 simas
334 1813 455 1855 habet
485 1812 692 1855 scribendi
725 1813 973 1854 variationes
1009 1813 1070 1869 (ut
1100 1812 1142 1853 in
1174 1827 1293 1854 coena
1324 1820 1365 1854 et
1395 1828 1531 1865 caena,
1564 1815 1704 1855 caedere

180 1893 221 1927 et
252 1888 377 1938 edere,
409 1900 582 1927 coercere
614 1891 653 1927 et
684 1885 897 1939 cohercere)
929 1883 1075 1925 sedulo
1106 1883 1400 1939 explorabant,
1434 1884 1509 1938 qui
1534 1899 1614 1925 sec.
1635 1885 1706 1926 xvi

183 1957 353 2003 fuerunt
395 1956 663 2013 typographi,
698 1962 745 1996 ut
775 1955 1012 2011 promiscue
1043 1962 1132 1997 tum
1164 1955 1283 1997 solita
1311 1961 1401 1996 tum
1434 1954 1704 1998 insolentiore

182 2029 315 2070 forma
347 2036 578 2069 uterentur.
613 2025 726 2078 Quid
760 2041 915 2083 quaeso
946 2026 1089 2068 attinet
1121 2025 1281 2068 assidue
1314 2026 1415 2068 haec
1442 2029 1701 2082 recoquere?

181 2101 231 2142 In
279 2100 582 2156 pretiosissimis
616 2098 978 2155 repraesentandis
1010 2098 1232 2148 codicibus,
1267 2099 1367 2141 ferri
1399 2099 1477 2141 hoc
1508 2100 1706 2156 quodam-

183 2172 305 2213 modo
334 2178 479 2227 potest,
513 2181 560 2212 ut
590 2185 667 2212 nec
698 2170 868 2212 titulum
900 2185 978 2212 nec
1007 2170 1091 2212 iota
1123 2177 1287 2212 mutare
1318 2186 1455 2227 neque
1486 2172 1704 2215 insulsissi-

182 2258 269 2285 mas
298 2242 531 2284 scribarum
563 2242 739 2297 ineptias
770 2242 985 2298 corrigere
1015 2241 1087 2283 tibi
1118 2242 1179 2284 fas
1210 2242 1275 2284 sit.
1337 2241 1436 2285 Scio
1467 2258 1561 2285 cum
1596 2244 1704 2286 mul-

183 2321 323 2356 torum
354 2313 561 2370 applausu
591 2313 699 2355 hanc
729 2312 914 2355 timidam
947 2313 1047 2355 artis
1078 2314 1246 2356 criticae
1278 2314 1472 2371 religiose
1502 2315 1701 2372 scriptam

183 2401 269 2428 esse
301 2385 453 2441 legem,
489 2394 534 2427 ut
565 2384 782 2441 exemplar
812 2385 890 2440 ipsi
920 2384 1050 2428 codici
1081 2401 1210 2428 manu
1239 2387 1394 2441 scripto
1427 2401 1552 2442 quam
1579 2387 1704 2429 simil-

181 2457 329 2499 limum
366 2456 481 2498 reddi
513 2463 713 2512 oporteat,
747 2471 796 2498 eo
826 2456 908 2497 fine
940 2463 1064 2513 atque
1097 2456 1284 2508 consilio,
1318 2463 1377 2506 ut,
1405 2455 1555 2512 quibus
1575 2457 1704 2514 ipsius

184 2527 334 2568 codicis
375 2525 619 2581 inspiciendi
671 2525 790 2582 copia
829 2541 912 2568 non
954 2526 1017 2577 sit,
1060 2527 1190 2582 ipsius
1221 2534 1361 2568 tamen
1393 2525 1545 2568 codicis
1575 2527 1704 2570 veluti

185 2598 412 2654 imaginem
444 2597 756 2639 accuratissime
778 2597 1025 2640 delineatam
1048 2598 1160 2640 domi
1179 2613 1256 2655 per
1278 2599 1408 2640 otium
1430 2598 1642 2655 adspicere
1663 2607 1703 2641 et

186 2669 469 2725 contemplare
510 2677 549 2710 et
587 2683 663 2710 suo
694 2669 869 2725 quisque
901 2676 1033 2712 marte
1064 2671 1298 2727 genuinum
1330 2671 1417 2713 eius
1449 2673 1702 2714 constituere

185 2748 341 2782 textum
390 2746 559 2796 queant.
620 2739 770 2795 Neque
815 2747 955 2782 tamen
987 2742 1028 2783 in
1061 2757 1153 2785 mea
1184 2743 1363 2784 editione
1394 2742 1564 2799 obsequi
1594 2743 1703 2785 hanc

187 2811 326 2868 legem
357 2812 483 2855 volui.
517 2811 721 2854 Taedium
757 2813 900 2868 utique
932 2821 1111 2856 creasset
1132 2814 1171 2855 iu
1196 2814 1319 2856 huius
1341 2830 1508 2871 quoque
1530 2815 1701 2867 farinae,

187 2883 321 2940 qualis
351 2884 476 2926 Lasci
506 2892 614 2935 sunt,
647 2883 797 2926 libellis
831 2884 1141 2943 pusillanimam
1172 2886 1279 2928 hanc
1310 2895 1452 2930 tenere
1483 2887 1702 2931 rationem.
