1818 3178
196 134 241 165 50
651 130 701 158 DE
728 127 890 157 CHRISTI
919 126 1234 158 INCARNATIONE.

195 240 252 277 nis
294 236 534 275 ministerium
570 245 633 269 seu
666 230 977 281 praedicationem
1012 230 1203 280 Apostolis
1240 230 1455 280 delegasset.
1508 228 1554 267 Id
1586 228 1639 269 ita
1672 243 1693 268 a

198 303 310 340 Paulo
339 299 458 337 doceri
484 309 558 334 non
584 294 749 343 negabis,
775 294 924 344 opinor;
952 294 1003 330 ita
1029 293 1129 330 enim
1155 293 1294 332 habent
1311 294 1418 332 Pauli
1438 293 1568 331 verba:
1599 293 1694 332 Om-

196 367 255 403 nia
281 369 399 401 autem
427 363 513 398 haec
539 373 583 397 ex
610 358 701 403 Deo,
727 358 791 408 qui
818 370 885 395 nos
915 358 986 394 sibi
1012 370 1076 407 per
1103 357 1228 395 Iesum
1256 358 1447 395 Christum
1474 358 1694 395 reconcilia-

194 431 256 471 vit,
291 428 458 476 deditque
493 424 600 460 nobis
627 421 872 459 ministerium
899 422 1226 460 reconciliationis.
1281 423 1363 460 Iam
1390 422 1489 473 quod
1517 422 1694 473 sequitur,

193 492 383 541 explicatio
418 493 471 526 est
504 488 580 525 eius
616 487 730 536 ipsius
764 485 973 530 ministerii,
1008 486 1199 535 Apostolis
1235 500 1257 523 a
1291 486 1371 524 Deo
1406 487 1487 537 ipso
1524 487 1696 536 delegati,

191 555 354 590 indicans
382 564 530 600 scopum
555 550 803 599 praecipuum,
829 561 893 598 per
917 549 1050 598 prioris
1079 550 1282 587 sententiae
1309 551 1578 600 repetitionem,
1596 551 1693 587 circa

188 631 292 667 quem
335 616 467 652 versari
510 614 742 664 potissimum
775 618 893 650 totam
930 613 1196 663 Apostolorum
1229 614 1544 663 praedicationem
1579 627 1691 665 opor-

188 686 296 725 teret3
325 692 451 728 nempe
478 677 575 727 quod
603 677 754 727 ipsemet
782 675 880 714 Deus
907 681 1014 713 autor
1036 681 1131 714 esset
1148 681 1274 727 partae
1291 678 1400 715 nobis
1418 691 1482 728 per
1503 678 1692 716 Christum

187 744 384 781 Dominum
418 741 740 786 reconciliationis,
767 745 802 778 et
827 740 983 790 proinde
1009 753 1096 777 mox
1124 753 1271 791 quoque
1297 741 1413 786 addit,
1440 755 1477 779 se
1505 742 1583 779 Deo
1610 743 1691 793 ipso

185 814 308 845 autore
334 807 516 854 legatione
543 806 650 854 fungi
675 818 742 855 pro
771 806 932 850 Christo,
958 810 992 843 et
1019 819 1112 855 quae
1140 810 1356 855 sequuntur.
1397 806 1473 842 Hic
1501 819 1586 844 vero
1612 808 1691 857 pri-

182 885 281 908 mum
316 872 381 908 abs
415 875 450 907 te
487 872 579 907 scire
604 871 726 915 velim,
751 869 866 907 filiine
892 883 939 907 an
968 882 1054 906 vero
1082 870 1202 907 Patris
1231 869 1298 906 Dei
1327 883 1527 920 personam
1554 871 1691 908 Paulus

181 941 258 973 toto
287 936 355 971 hoc
380 935 462 971 loco
491 935 559 971 sub
588 934 657 971 Dei
684 934 833 971 nomine
861 934 1055 983 designet?
1109 934 1189 971 Nec
1214 938 1280 979 est,
1307 934 1406 984 quod
1440 935 1553 979 dieas,
1580 935 1690 972 initio

181 1000 326 1049 quidem
360 999 491 1043 Patris,
528 999 659 1035 deinde
685 1011 771 1035 vero
798 998 878 1042 filii,
904 1011 991 1035 mox
1020 1003 1143 1036 autem
1170 998 1291 1035 Patris
1319 1011 1467 1035 rursum
1494 1011 1691 1048 personam

181 1063 374 1110 designari.
405 1063 514 1098 Hanc
541 1063 638 1099 enim
666 1062 784 1112 ipsam
810 1062 880 1100 Dei
905 1075 1114 1113 personam,
1140 1076 1185 1100 ex
1209 1076 1282 1113 quo
1301 1064 1437 1107 omnia,
1455 1068 1490 1102 et
1509 1064 1689 1102 mundum

180 1128 250 1164 sibi
283 1140 345 1177 per
382 1126 569 1163 Christum
603 1126 861 1164 reconciliasse
897 1128 1003 1164 docet
1041 1127 1188 1172 Paulus,
1213 1132 1249 1164 et
1275 1127 1447 1175 mini—(H
1478 1128 1691 1175 v¹›)sterium

181 1192 287 1227 huius
314 1189 624 1226 reconciliationis
651 1190 855 1240 Apostolis,
882 1194 924 1227 ut
950 1202 1018 1240 pro
1048 1190 1196 1228 Christo
1223 1191 1409 1239 legatione
1436 1192 1692 1240 fungerentur,

182 1253 438 1298 de1nandasse3
465 1266 577 1302 quare
603 1253 683 1290 fieri
710 1266 785 1290 non
812 1258 945 1304 potest,
971 1258 1012 1291 ut
1037 1255 1141 1291 locus
1169 1254 1229 1291 hie
1255 1267 1496 1305 personarum
1516 1255 1690 1293 variatio·

182 1332 264 1356 nem
300 1318 366 1355 sub
402 1317 471 1354 Dei
506 1317 656 1354 nomine
691 1317 876 1362 admittat,
912 1317 974 1354 sed
1010 1331 1091 1355 eam
1127 1318 1244 1355 solam
1269 1322 1350 1356 toto
1378 1318 1450 1355 hoc
1476 1319 1581 1356 Pauli
1605 1320 1689 1356 loco

179 1395 370 1432 personam
407 1381 473 1417 sub
509 1380 580 1418 Dei
614 1380 764 1417 nomine
800 1381 959 1430 intelligi
997 1385 1153 1431 oportet,
1190 1382 1248 1418 cui
1274 1382 1393 1432 prima
1422 1382 1483 1419 illa
1509 1382 1689 1419 autoritas

179 1446 365 1490 tribuitur,
400 1449 438 1481 ut
474 1457 519 1481 ex
555 1445 618 1481 illa
655 1445 729 1482 sint
766 1445 904 1482 omnia.
957 1445 1038 1481 Iam
1065 1458 1149 1482 cnm
1176 1445 1272 1482 idem
1300 1446 1378 1496 ipse
1404 1446 1538 1482 Paulus
1566 1445 1688 1483 verbis

177 1510 356 1560 expressis
389 1513 554 1554 testetur,
588 1509 709 1546 Patris
746 1509 817 1545 hoe
844 1508 914 1545 Dei
939 1509 1130 1559 proprium
1157 1523 1246 1555 esse,
1273 1515 1314 1547 ut
1340 1523 1385 1547 ex
1412 1510 1476 1547 illo
1504 1510 1579 1547 sint
1606 1523 1687 1546 om-

175 1576 248 1616 nia,
283 1580 317 1612 et
344 1574 388 1611 ad
417 1574 570 1612 eandem
595 1586 790 1624 personam
820 1574 952 1611 referat
983 1574 1052 1611 hoc
1076 1574 1159 1611 loco
1186 1574 1335 1620 Paulus,
1361 1579 1441 1612 tmn
1467 1575 1686 1612 reconcilia-

174 1641 313 1677 tionem
340 1643 503 1677 nostram
529 1652 593 1689 per
621 1638 820 1684 Christum,
846 1642 926 1676 tum
955 1639 1161 1689 Apostolici
1188 1639 1384 1677 ministerii
1402 1640 1688 1685 institutionem,

176 1704 342 1754 equidem
377 1717 444 1741 nos
479 1704 529 1740 ita
565 1702 674 1740 rudes
710 1716 788 1740 esse
823 1703 993 1748 fatemur,
1030 1706 1070 1740 ut
1106 1716 1180 1740 non
1215 1703 1479 1752 intelligamus,
1524 1717 1686 1754 quonam

176 1767 285 1804 modo
325 1767 389 1803 Dei
423 1780 556 1803 nomen
593 1766 663 1803 hoc
696 1767 779 1803 loco
815 1766 860 1803 ad
902 1767 1004 1804 verbi
1038 1780 1248 1817 personam,
1276 1767 1347 1804 hoc
1372 1772 1439 1813 est,
1465 1768 1620 1805 alteram
1645 1769 1683 1806 in

178 1832 323 1868 Christo
360 1836 527 1868 naturam
563 1831 691 1868 referri
725 1830 854 1880 possit,
899 1831 961 1868 sed
996 1831 1120 1882 potius
1156 1832 1202 1869 ad
1238 1833 1359 1870 Patris
1393 1831 1464 1869 Dei
1489 1846 1685 1883 personam

175 1895 354 1943 pertinere
387 1894 475 1930 illud
510 1898 700 1943 putamus;
737 1898 976 1944 posteaquam
1012 1894 1059 1931 ad
1096 1907 1176 1932 eam
1212 1899 1396 1945 utrunque
1431 1895 1468 1933 id
1506 1895 1576 1933 Dei
1601 1909 1685 1948 per-

176 1971 302 1995 sonam
338 1958 463 1994 rcferri
490 1972 511 1994 a
539 1959 651 1994 Paulo
681 1958 859 2003 videmus,
893 1960 1042 2009 (nempe
1069 1963 1104 1997 et
1130 1960 1475 1997 reconciliationem
1501 1962 1621 1999 nostri
1648 1968 1685 2000 et

174 2022 379 2071 Apostolici
413 2022 573 2058 muneris
609 2022 897 2069 institutionem)
940 2035 984 2060 ex
1027 2036 1098 2073 qua
1126 2027 1212 2061 sunt
1248 2024 1385 2069 omnia,
1412 2024 1513 2075 quod
1540 2025 1680 2076 alioqui

172 2085 290 2121 Patris
317 2086 429 2122 solius
455 2098 632 2135 personae
657 2085 847 2135 proprium
874 2098 954 2123 esse
982 2086 1129 2124 scimus.
1169 2087 1222 2124 Ut
1248 2087 1398 2125 interim
1425 2092 1579 2132 taceam,
1607 2102 1682 2127 non

174 2148 230 2194 (H
259 2149 327 2194 via)
356 2161 460 2197 posse
487 2149 748 2198 quoquomodo
775 2148 919 2186 admitti
946 2149 998 2195 id,
1025 2154 1064 2188 ut
1092 2150 1160 2188 sub
1189 2150 1258 2188 Dei
1286 2152 1435 2189 nomine
1462 2151 1530 2189 filii
1555 2165 1683 2203 persor

176 2225 257 2247 narn
286 2211 345 2247 hic
372 2212 628 2260 intelligamiw,
654 2216 846 2262 propterea
873 2213 969 2262 quod
1000 2213 1068 2251 hac
1095 2214 1400 2265 interpretatione
1426 2216 1682 2267 tollaturpro-

174 2275 252 2323 pria
297 2275 432 2311 Christi
468 2276 621 2321 functio,
657 2289 763 2326 quem
799 2276 865 2313 Dei
899 2278 1015 2327 patris
1049 2282 1085 2315 et
1121 2282 1290 2316 nostrum
1327 2279 1570 2317 mediatorem
1604 2292 1683 2318 esse

174 2338 364 2375 credimus.
417 2338 483 2375 Est
518 2340 614 2376 enim
658 2340 871 2377 mediatoris
907 2341 1062 2379 alterum
1098 2341 1216 2388 alteri,
1252 2356 1329 2380 non
1364 2346 1487 2380 autem
1513 2343 1684 2394 sibiipsi

174 2401 379 2445 conciliare,
415 2415 541 2451 nempe
575 2416 676 2440 reum
713 2404 769 2440 vel
795 2404 921 2450 iudici,
957 2406 1013 2442 vel
1052 2407 1273 2445 accusatori.
1327 2406 1404 2444 Hic
1430 2410 1554 2444 autem
1580 2406 1680 2444 Deus

174 2462 245 2498 sibi
280 2463 349 2511 ipsi
386 2476 452 2500 nos
489 2466 700 2503 conciliasse
735 2467 899 2505 docetur.
951 2469 1028 2506 Aut
1063 2469 1178 2518 igitur
1213 2470 1331 2508 filium
1366 2469 1437 2507 Dei
1463 2469 1680 2507 mediatoris

173 2528 361 2564 functione
397 2529 644 2577 spoliabimus,
679 2543 721 2567 ae
757 2531 857 2568 Patri
893 2532 980 2569 item
1017 2533 1096 2571 Deo
1124 2534 1303 2572 iudicium
1329 2547 1439 2571 omne
1465 2534 1682 2580 adimemus,

173 2591 202 2626 si
244 2591 310 2627 Dei
347 2604 478 2628 nomen
514 2592 583 2629 hoc
617 2594 699 2630 loeo
737 2595 783 2631 ad
818 2595 884 2632 filii
920 2609 1128 2646 personam,
1162 2598 1234 2635 hoc
1269 2602 1336 2643 est,
1363 2598 1407 2634 ad
1437 2597 1612 2635 Divinam
1639 2599 1676 2637 in

175 2654 320 2691 Christo
357 2660 522 2692 naturam
559 2658 776 2704 referamus;
803 2663 867 2696 aut
902 2663 997 2697 certe
1032 2661 1178 2699 Patrem
1213 2662 1331 2699 Deum
1367 2660 1486 2698 solum
1514 2661 1582 2698 sub
1609 2661 1680 2699 Dei

173 2717 231 2753 hic
266 2718 413 2755 nomine
447 2718 702 2767 intelligemus.
737 2722 767 2758 si
801 2727 836 2759 et
873 2722 1020 2761 Christo
1058 2724 1221 2762 Domino
1259 2724 1489 2770 mediatoris,
1515 2729 1550 2762 et
1578 2725 1680 2763 Patri

174 2780 255 2817 item
294 2781 371 2817 Deo
408 2781 539 2818 iudicis
575 2782 750 2820 honorem
784 2786 1002 2825 tribuamus.
1056 2788 1187 2838 Neque
1220 2801 1306 2827 vero
1333 2788 1508 2834 arbitror,
1532 2792 1570 2826 te
1595 2801 1678 2826 eum
