<?xml version="1.0" encoding="UTF-8"?>
<!DOCTYPE html PUBLIC "-//W3C//DTD XHTML 1.0 Transitional//EN"
    "http://www.w3.org/TR/xhtml1/DTD/xhtml1-transitional.dtd">
<html xmlns="http://www.w3.org/1999/xhtml" xml:lang="en" lang="en">
 <head>
  <title>
</title>
<meta http-equiv="Content-Type" content="text/html;charset=utf-8" />
  <meta name='ocr-system' content='tesseract 3.04.00' />
  <meta name='ocr-capabilities' content='ocr_page ocr_carea ocr_par ocr_line ocrx_word'/>
</head>
<body>
  <div class='ocr_page' id='page_1' title='image "./operatameditaqua01lask_0156.png"; bbox 0 0 1818 3178; ppageno 0'>
   <div class='ocr_carea' id='block_1_1' title="bbox 229 109 1263 145">
    <p class='ocr_par' dir='ltr' id='par_1_1' title="bbox 229 109 1263 145">
     <span class='ocr_line' id='line_1_1' title="bbox 229 109 1263 145; baseline -0.01 0"><span class='ocrx_word' id='word_1_1' title='bbox 229 113 275 145; x_wconf 71' lang='lat'>24</span> <span class='ocrx_word' id='word_1_2' title='bbox 684 116 734 140; x_wconf 77' lang='lat' dir='ltr'>of,</span> <span class='ocrx_word' id='word_1_3' title='bbox 761 112 923 139; x_wconf 72' lang='lat' dir='ltr'>cams&#39;rr</span> <span class='ocrx_word' id='word_1_4' title='bbox 949 109 1263 137; x_wconf 69' lang='lat' dir='ltr'>lNCARNATIONE.</span> 
     </span>
    </p>
   </div>
   <div class='ocr_carea' id='block_1_2' title="bbox 215 208 1727 2858">
    <p class='ocr_par' dir='ltr' id='par_1_2' title="bbox 215 208 1727 2858">
     <span class='ocr_line' id='line_1_2' title="bbox 231 208 1727 259; baseline -0.005 -4"><span class='ocrx_word' id='word_1_5' title='bbox 231 218 321 256; x_wconf 88' lang='lat' dir='ltr'>vari.</span> <span class='ocrx_word' id='word_1_6' title='bbox 362 216 513 254; x_wconf 86' lang='lat' dir='ltr'><strong>Addunt</strong></span> <span class='ocrx_word' id='word_1_7' title='bbox 540 219 576 252; x_wconf 90' lang='lat' dir='ltr'>et</span> <span class='ocrx_word' id='word_1_8' title='bbox 610 213 710 251; x_wconf 82' lang='lat' dir='ltr'>aliud</span> <span class='ocrx_word' id='word_1_9' title='bbox 738 213 781 249; x_wconf 90' lang='lat' dir='ltr'>de</span> <span class='ocrx_word' id='word_1_10' title='bbox 808 223 914 249; x_wconf 85' lang='lat' dir='ltr'>sexus</span> <span class='ocrx_word' id='word_1_11' title='bbox 940 211 980 248; x_wconf 90' lang='lat' dir='ltr'>in</span> <span class='ocrx_word' id='word_1_12' title='bbox 1007 208 1250 258; x_wconf 88' lang='lat' dir='ltr'>concipiendo</span> <span class='ocrx_word' id='word_1_13' title='bbox 1277 209 1492 254; x_wconf 78' lang='lat' dir='ltr'>variatione,</span> <span class='ocrx_word' id='word_1_14' title='bbox 1518 222 1630 259; x_wconf 90' lang='lat' dir='ltr'>quam</span> <span class='ocrx_word' id='word_1_15' title='bbox 1657 210 1727 248; x_wconf 86' lang='lat' dir='ltr'>etsi</span> 
     </span>
     <span class='ocr_line' id='line_1_3' title="bbox 230 273 1727 325; baseline -0.005 -6"><span class='ocrx_word' id='word_1_16' title='bbox 230 282 278 319; x_wconf 86' lang='lat' dir='ltr'>ad</span> <span class='ocrx_word' id='word_1_17' title='bbox 304 281 419 318; x_wconf 91' lang='lat' dir='ltr'>Deum</span> <span class='ocrx_word' id='word_1_18' title='bbox 447 280 578 316; x_wconf 89' lang='lat' dir='ltr'>referre</span> <span class='ocrx_word' id='word_1_19' title='bbox 604 289 744 325; x_wconf 82' lang='lat' dir='ltr'><strong>semper</strong></span> <span class='ocrx_word' id='word_1_20' title='bbox 771 275 956 317; x_wconf 89' lang='lat' dir='ltr'>debemus,</span> <span class='ocrx_word' id='word_1_21' title='bbox 982 278 1107 310; x_wconf 87' lang='lat' dir='ltr'>tamen</span> <span class='ocrx_word' id='word_1_22' title='bbox 1135 277 1288 310; x_wconf 86' lang='lat' dir='ltr'>naturae</span> <span class='ocrx_word' id='word_1_23' title='bbox 1315 285 1461 323; x_wconf 89' lang='lat' dir='ltr'>quoque</span> <span class='ocrx_word' id='word_1_24' title='bbox 1488 285 1580 322; x_wconf 89' lang='lat' dir='ltr'>opus</span> <span class='ocrx_word' id='word_1_25' title='bbox 1607 273 1646 311; x_wconf 93' lang='lat' dir='ltr'>in</span> <span class='ocrx_word' id='word_1_26' title='bbox 1661 274 1727 311; x_wconf 87' lang='lat' dir='ltr'>illa</span> 
     </span>
     <span class='ocr_line' id='line_1_4' title="bbox 230 333 1724 390; baseline -0.005 -11"><span class='ocrx_word' id='word_1_27' title='bbox 230 341 469 390; x_wconf 79' lang='lat' dir='ltr'>agnoscimus,</span> <span class='ocrx_word' id='word_1_28' title='bbox 495 351 586 388; x_wconf 86' lang='lat' dir='ltr'>quae</span> <span class='ocrx_word' id='word_1_29' title='bbox 611 341 647 374; x_wconf 90' lang='lat' dir='ltr'>et</span> <span class='ocrx_word' id='word_1_30' title='bbox 672 337 750 386; x_wconf 87' lang='lat' dir='ltr'>ipsa</span> <span class='ocrx_word' id='word_1_31' title='bbox 776 337 899 373; x_wconf 85' lang='lat' dir='ltr'>ociosa</span> <span class='ocrx_word' id='word_1_32' title='bbox 926 347 1001 372; x_wconf 91' lang='lat' dir='ltr'>non</span> <span class='ocrx_word' id='word_1_33' title='bbox 1029 339 1083 371; x_wconf 88' lang='lat' dir='ltr'>est</span> <span class='ocrx_word' id='word_1_34' title='bbox 1110 334 1149 370; x_wconf 91' lang='lat' dir='ltr'>in</span> <span class='ocrx_word' id='word_1_35' title='bbox 1176 347 1284 383; x_wconf 89' lang='lat' dir='ltr'>opere</span> <span class='ocrx_word' id='word_1_36' title='bbox 1313 347 1378 371; x_wconf 90' lang='lat' dir='ltr'>suo</span> <span class='ocrx_word' id='word_1_37' title='bbox 1405 337 1509 371; x_wconf 82' lang='lat' dir='ltr'>iuxta</span> <span class='ocrx_word' id='word_1_38' title='bbox 1536 333 1606 371; x_wconf 89' lang='lat' dir='ltr'>Dei</span> <span class='ocrx_word' id='word_1_39' title='bbox 1624 335 1724 372; x_wconf 90' lang='lat' dir='ltr'>ordi·</span> 
     </span>
     <span class='ocr_line' id='line_1_5' title="bbox 229 397 1724 448; baseline -0.003 -7"><span class='ocrx_word' id='word_1_40' title='bbox 229 405 424 441; x_wconf 88' lang='lat' dir='ltr'>nationem.</span> <span class='ocrx_word' id='word_1_41' title='bbox 472 402 542 438; x_wconf 92' lang='lat' dir='ltr'>Cur</span> <span class='ocrx_word' id='word_1_42' title='bbox 576 400 673 437; x_wconf 89' lang='lat' dir='ltr'>enim</span> <span class='ocrx_word' id='word_1_43' title='bbox 701 412 776 437; x_wconf 90' lang='lat' dir='ltr'>non</span> <span class='ocrx_word' id='word_1_44' title='bbox 803 411 944 448; x_wconf 80' lang='lat' dir='ltr'><strong>semper</strong></span> <span class='ocrx_word' id='word_1_45' title='bbox 970 411 1015 435; x_wconf 81' lang='lat' dir='ltr'>ex</span> <span class='ocrx_word' id='word_1_46' title='bbox 1041 397 1171 434; x_wconf 86' lang='lat' dir='ltr'>iisdem</span> <span class='ocrx_word' id='word_1_47' title='bbox 1197 398 1426 447; x_wconf 89' lang='lat' dir='ltr'>parentibus,</span> <span class='ocrx_word' id='word_1_48' title='bbox 1451 402 1493 435; x_wconf 90' lang='lat' dir='ltr'>ut</span> <span class='ocrx_word' id='word_1_49' title='bbox 1519 403 1639 448; x_wconf 86' lang='lat' dir='ltr'>patres</span> <span class='ocrx_word' id='word_1_50' title='bbox 1666 400 1724 437; x_wconf 83' lang='lat' dir='ltr'>af-</span> 
     </span>
     <span class='ocr_line' id='line_1_6' title="bbox 228 460 1724 510; baseline -0.001 -8"><span class='ocrx_word' id='word_1_51' title='bbox 228 466 312 503; x_wconf 80' lang='lat' dir='ltr'>fecti</span> <span class='ocrx_word' id='word_1_52' title='bbox 347 469 442 507; x_wconf 88' lang='lat' dir='ltr'>sunt,</span> <span class='ocrx_word' id='word_1_53' title='bbox 476 468 537 499; x_wconf 89' lang='lat' dir='ltr'>aut</span> <span class='ocrx_word' id='word_1_54' title='bbox 562 462 715 499; x_wconf 87' lang='lat' dir='ltr'>masculi</span> <span class='ocrx_word' id='word_1_55' title='bbox 740 462 980 510; x_wconf 76' lang='lat' dir='ltr'>gignerentur</span> <span class='ocrx_word' id='word_1_56' title='bbox 1006 464 1069 497; x_wconf 86' lang='lat' dir='ltr'>aut</span> <span class='ocrx_word' id='word_1_57' title='bbox 1096 460 1289 505; x_wconf 77' lang='lat' dir='ltr'>foeminae,</span> <span class='ocrx_word' id='word_1_58' title='bbox 1318 461 1349 497; x_wconf 90' lang='lat' dir='ltr'>si</span> <span class='ocrx_word' id='word_1_59' title='bbox 1375 461 1475 498; x_wconf 87' lang='lat' dir='ltr'>Deus</span> <span class='ocrx_word' id='word_1_60' title='bbox 1503 466 1657 499; x_wconf 89' lang='lat' dir='ltr'>matrem</span> <span class='ocrx_word' id='word_1_61' title='bbox 1683 463 1724 500; x_wconf 92' lang='lat' dir='ltr'>in</span> 
     </span>
     <span class='ocr_line' id='line_1_7' title="bbox 229 523 1723 576; baseline -0.001 -12"><span class='ocrx_word' id='word_1_62' title='bbox 229 526 464 576; x_wconf 80' lang='lat' dir='ltr'>concipiendo</span> <span class='ocrx_word' id='word_1_63' title='bbox 501 525 657 561; x_wconf 85' lang='lat' dir='ltr'>ociosam</span> <span class='ocrx_word' id='word_1_64' title='bbox 691 537 769 561; x_wconf 92' lang='lat' dir='ltr'>esse</span> <span class='ocrx_word' id='word_1_65' title='bbox 803 523 1004 560; x_wconf 82' lang='lat' dir='ltr'>voluisset?</span> <span class='ocrx_word' id='word_1_66' title='bbox 1056 523 1246 560; x_wconf 89' lang='lat' dir='ltr'>Postremo</span> <span class='ocrx_word' id='word_1_67' title='bbox 1285 523 1347 573; x_wconf 90' lang='lat' dir='ltr'>qui</span> <span class='ocrx_word' id='word_1_68' title='bbox 1383 528 1419 560; x_wconf 92' lang='lat' dir='ltr'>et</span> <span class='ocrx_word' id='word_1_69' title='bbox 1454 525 1620 574; x_wconf 80' lang='lat' dir='ltr'>exempla</span> <span class='ocrx_word' id='word_1_70' title='bbox 1657 525 1723 562; x_wconf 87' lang='lat' dir='ltr'>ad-</span> 
     </span>
     <span class='ocr_line' id='line_1_8' title="bbox 229 586 1724 637; baseline 0.001 -11"><span class='ocrx_word' id='word_1_71' title='bbox 229 592 361 628; x_wconf 82' lang='lat' dir='ltr'>ferunt.</span> <span class='ocrx_word' id='word_1_72' title='bbox 397 588 458 637; x_wconf 83' lang='lat' dir='ltr'>qui</span> <span class='ocrx_word' id='word_1_73' title='bbox 494 588 640 632; x_wconf 88' lang='lat' dir='ltr'>habent,</span> <span class='ocrx_word' id='word_1_74' title='bbox 685 600 767 624; x_wconf 89' lang='lat' dir='ltr'>cum</span> <span class='ocrx_word' id='word_1_75' title='bbox 802 587 936 636; x_wconf 86' lang='lat' dir='ltr'>quibus</span> <span class='ocrx_word' id='word_1_76' title='bbox 971 586 1141 634; x_wconf 80' lang='lat' dir='ltr'>gignant,</span> <span class='ocrx_word' id='word_1_77' title='bbox 1175 586 1324 631; x_wconf 86' lang='lat' dir='ltr'>habent,</span> <span class='ocrx_word' id='word_1_78' title='bbox 1361 599 1442 623; x_wconf 90' lang='lat' dir='ltr'>cum</span> <span class='ocrx_word' id='word_1_79' title='bbox 1479 588 1615 637; x_wconf 87' lang='lat' dir='ltr'>quibus</span> <span class='ocrx_word' id='word_1_80' title='bbox 1650 593 1724 627; x_wconf 91' lang='lat' dir='ltr'>ste-</span> 
     </span>
     <span class='ocr_line' id='line_1_9' title="bbox 225 649 1721 701; baseline 0 -12"><span class='ocrx_word' id='word_1_81' title='bbox 225 653 308 689; x_wconf 90' lang='lat' dir='ltr'>riles</span> <span class='ocrx_word' id='word_1_82' title='bbox 343 664 418 688; x_wconf 87' lang='lat' dir='ltr'>esse</span> <span class='ocrx_word' id='word_1_83' title='bbox 453 654 644 698; x_wconf 87' lang='lat' dir='ltr'>coguntur,</span> <span class='ocrx_word' id='word_1_84' title='bbox 679 649 779 700; x_wconf 93' lang='lat' dir='ltr'>quod</span> <span class='ocrx_word' id='word_1_85' title='bbox 813 649 980 699; x_wconf 86' lang='lat' dir='ltr'>equidem</span> <span class='ocrx_word' id='word_1_86' title='bbox 1015 649 1095 686; x_wconf 88' lang='lat' dir='ltr'>fieri</span> <span class='ocrx_word' id='word_1_87' title='bbox 1131 662 1207 686; x_wconf 88' lang='lat' dir='ltr'>non</span> <span class='ocrx_word' id='word_1_88' title='bbox 1242 654 1377 699; x_wconf 90' lang='lat' dir='ltr'>posset,</span> <span class='ocrx_word' id='word_1_89' title='bbox 1406 650 1485 686; x_wconf 83' lang='lat' dir='ltr'>sia</span> <span class='ocrx_word' id='word_1_90' title='bbox 1511 655 1614 701; x_wconf 85' lang='lat' dir='ltr'>patre</span> <span class='ocrx_word' id='word_1_91' title='bbox 1642 653 1721 689; x_wconf 91' lang='lat' dir='ltr'>solo</span> 
     </span>
     <span class='ocr_line' id='line_1_10' title="bbox 225 712 1722 763; baseline 0.001 -12"><span class='ocrx_word' id='word_1_92' title='bbox 225 716 278 752; x_wconf 88' lang='lat' dir='ltr'>vis</span> <span class='ocrx_word' id='word_1_93' title='bbox 304 719 380 751; x_wconf 87' lang='lat' dir='ltr'>tota</span> <span class='ocrx_word' id='word_1_94' title='bbox 406 713 581 762; x_wconf 87' lang='lat' dir='ltr'>gignendi</span> <span class='ocrx_word' id='word_1_95' title='bbox 607 713 789 763; x_wconf 82' lang='lat' dir='ltr'>penderet,</span> <span class='ocrx_word' id='word_1_96' title='bbox 815 718 849 750; x_wconf 91' lang='lat' dir='ltr'>et</span> <span class='ocrx_word' id='word_1_97' title='bbox 876 713 969 750; x_wconf 89' lang='lat' dir='ltr'>nihil</span> <span class='ocrx_word' id='word_1_98' title='bbox 994 712 1053 749; x_wconf 91' lang='lat' dir='ltr'>hic</span> <span class='ocrx_word' id='word_1_99' title='bbox 1081 717 1194 749; x_wconf 87' lang='lat' dir='ltr'>mater</span> <span class='ocrx_word' id='word_1_100' title='bbox 1214 726 1361 762; x_wconf 90' lang='lat' dir='ltr'>quoque</span> <span class='ocrx_word' id='word_1_101' title='bbox 1375 719 1586 763; x_wconf 79' lang='lat' dir='ltr'>praestaret.</span> <span class='ocrx_word' id='word_1_102' title='bbox 1616 715 1722 753; x_wconf 86' lang='lat' dir='ltr'>Haec</span> 
     </span>
     <span class='ocr_line' id='line_1_11' title="bbox 225 776 1722 826; baseline 0.001 -12"><span class='ocrx_word' id='word_1_103' title='bbox 225 779 335 826; x_wconf 78' lang='lat' dir='ltr'>igitur</span> <span class='ocrx_word' id='word_1_104' title='bbox 368 790 449 813; x_wconf 85' lang='lat' dir='ltr'>cum</span> <span class='ocrx_word' id='word_1_105' title='bbox 483 781 604 826; x_wconf 86' lang='lat' dir='ltr'>aperte</span> <span class='ocrx_word' id='word_1_106' title='bbox 629 781 819 819; x_wconf 85' lang='lat' dir='ltr'>testentur,</span> <span class='ocrx_word' id='word_1_107' title='bbox 846 789 969 813; x_wconf 89' lang='lat' dir='ltr'>vocem</span> <span class='ocrx_word' id='word_1_108' title='bbox 996 777 1095 812; x_wconf 81' lang='lat' dir='ltr'>illam</span> <span class='ocrx_word' id='word_1_109' title='bbox 1124 776 1295 813; x_wconf 84' lang='lat' dir='ltr'>Divinam</span> <span class='ocrx_word' id='word_1_110' title='bbox 1326 777 1506 823; x_wconf 84' lang='lat' dir='ltr'>(Crescite</span> <span class='ocrx_word' id='word_1_111' title='bbox 1533 782 1568 815; x_wconf 90' lang='lat' dir='ltr'>et</span> <span class='ocrx_word' id='word_1_112' title='bbox 1595 780 1722 816; x_wconf 90' lang='lat' dir='ltr'>multi-</span> 
     </span>
     <span class='ocr_line' id='line_1_12' title="bbox 224 840 1721 890; baseline 0.003 -13"><span class='ocrx_word' id='word_1_113' title='bbox 224 841 439 890; x_wconf 82' lang='lat' dir='ltr'>plicamini),</span> <span class='ocrx_word' id='word_1_114' title='bbox 472 841 777 889; x_wconf 83' lang='lat' dir='ltr'>quemadmodum</span> <span class='ocrx_word' id='word_1_115' title='bbox 814 840 859 877; x_wconf 89' lang='lat' dir='ltr'>ad</span> <span class='ocrx_word' id='word_1_116' title='bbox 894 840 1010 876; x_wconf 83' lang='lat' dir='ltr'>Evam</span> <span class='ocrx_word' id='word_1_117' title='bbox 1037 853 1150 890; x_wconf 85' lang='lat' dir='ltr'>aeque</span> <span class='ocrx_word' id='word_1_118' title='bbox 1175 845 1287 890; x_wconf 87' lang='lat' dir='ltr'>atque</span> <span class='ocrx_word' id='word_1_119' title='bbox 1314 841 1499 878; x_wconf 85' lang='lat' dir='ltr'>Adamum</span> <span class='ocrx_word' id='word_1_120' title='bbox 1528 842 1626 880; x_wconf 86' lang='lat' dir='ltr'>dicta</span> <span class='ocrx_word' id='word_1_121' title='bbox 1654 848 1721 886; x_wconf 91' lang='lat' dir='ltr'>est,</span> 
     </span>
     <span class='ocr_line' id='line_1_13' title="bbox 224 904 1720 954; baseline 0.003 -13"><span class='ocrx_word' id='word_1_122' title='bbox 224 906 272 941; x_wconf 90' lang='lat' dir='ltr'>ita</span> <span class='ocrx_word' id='word_1_123' title='bbox 299 905 343 941; x_wconf 88' lang='lat' dir='ltr'>ad</span> <span class='ocrx_word' id='word_1_124' title='bbox 370 908 553 953; x_wconf 88' lang='lat' dir='ltr'>utrunque</span> <span class='ocrx_word' id='word_1_125' title='bbox 587 916 630 941; x_wconf 78' lang='lat' dir='ltr'>ex</span> <span class='ocrx_word' id='word_1_126' title='bbox 657 917 770 953; x_wconf 86' lang='lat' dir='ltr'>aequo</span> <span class='ocrx_word' id='word_1_127' title='bbox 798 909 983 953; x_wconf 85' lang='lat' dir='ltr'>parentem</span> <span class='ocrx_word' id='word_1_128' title='bbox 1010 904 1131 948; x_wconf 88' lang='lat' dir='ltr'>etiam,</span> <span class='ocrx_word' id='word_1_129' title='bbox 1158 904 1258 954; x_wconf 89' lang='lat' dir='ltr'>quod</span> <span class='ocrx_word' id='word_1_130' title='bbox 1285 905 1331 942; x_wconf 88' lang='lat' dir='ltr'>ad</span> <span class='ocrx_word' id='word_1_131' title='bbox 1357 905 1537 954; x_wconf 87' lang='lat' dir='ltr'>gignendi</span> <span class='ocrx_word' id='word_1_132' title='bbox 1565 907 1637 944; x_wconf 90' lang='lat' dir='ltr'>vim</span> <span class='ocrx_word' id='word_1_133' title='bbox 1655 913 1720 945; x_wconf 73' lang='lat' dir='ltr'>,at-</span> 
     </span>
     <span class='ocr_line' id='line_1_14' title="bbox 224 967 1719 1018; baseline 0.002 -14"><span class='ocrx_word' id='word_1_134' title='bbox 224 968 327 1012; x_wconf 87' lang='lat' dir='ltr'>tinet,</span> <span class='ocrx_word' id='word_1_135' title='bbox 354 967 518 1016; x_wconf 87' lang='lat' dir='ltr'>perti-(D</span> <span class='ocrx_word' id='word_1_136' title='bbox 545 967 716 1013; x_wconf 73' lang='lat' dir='ltr'>iii²¹)nere,</span> <span class='ocrx_word' id='word_1_137' title='bbox 743 968 883 1004; x_wconf 89' lang='lat' dir='ltr'>etiamsi</span> <span class='ocrx_word' id='word_1_138' title='bbox 910 967 1003 1016; x_wconf 85' lang='lat' dir='ltr'>patri</span> <span class='ocrx_word' id='word_1_139' title='bbox 1030 967 1167 1016; x_wconf 88' lang='lat' dir='ltr'>primas</span> <span class='ocrx_word' id='word_1_140' title='bbox 1196 981 1336 1018; x_wconf 85' lang='lat' dir='ltr'>semper</span> <span class='ocrx_word' id='word_1_141' title='bbox 1354 974 1475 1018; x_wconf 85' lang='lat' dir='ltr'>partes</span> <span class='ocrx_word' id='word_1_142' title='bbox 1489 970 1719 1016; x_wconf 83' lang='lat' dir='ltr'>tribuamus3</span> 
     </span>
     <span class='ocr_line' id='line_1_15' title="bbox 224 1030 1722 1082; baseline 0.003 -15"><span class='ocrx_word' id='word_1_143' title='bbox 224 1031 454 1081; x_wconf 88' lang='lat' dir='ltr'>perspicuum</span> <span class='ocrx_word' id='word_1_144' title='bbox 491 1035 544 1067; x_wconf 87' lang='lat' dir='ltr'>est</span> <span class='ocrx_word' id='word_1_145' title='bbox 571 1035 720 1066; x_wconf 85' lang='lat' dir='ltr'>matrem</span> <span class='ocrx_word' id='word_1_146' title='bbox 747 1030 948 1079; x_wconf 82' lang='lat' dir='ltr'>quamlibet</span> <span class='ocrx_word' id='word_1_147' title='bbox 974 1030 1013 1066; x_wconf 88' lang='lat' dir='ltr'>in</span> <span class='ocrx_word' id='word_1_148' title='bbox 1040 1031 1142 1067; x_wconf 89' lang='lat' dir='ltr'>foetu</span> <span class='ocrx_word' id='word_1_149' title='bbox 1170 1031 1413 1081; x_wconf 88' lang='lat' dir='ltr'>concipiendo</span> <span class='ocrx_word' id='word_1_150' title='bbox 1442 1033 1515 1069; x_wconf 86' lang='lat' dir='ltr'>vim</span> <span class='ocrx_word' id='word_1_151' title='bbox 1542 1033 1722 1082; x_wconf 87' lang='lat' dir='ltr'>gignendi</span> 
     </span>
     <span class='ocr_line' id='line_1_16' title="bbox 223 1091 1720 1141; baseline 0.003 -13"><span class='ocrx_word' id='word_1_152' title='bbox 223 1105 265 1128; x_wconf 82' lang='lat' dir='ltr'>cx</span> <span class='ocrx_word' id='word_1_153' title='bbox 303 1104 379 1128; x_wconf 86' lang='lat' dir='ltr'>sese</span> <span class='ocrx_word' id='word_1_154' title='bbox 411 1091 518 1128; x_wconf 87' lang='lat' dir='ltr'>etiam</span> <span class='ocrx_word' id='word_1_155' title='bbox 552 1091 701 1140; x_wconf 86' lang='lat' dir='ltr'>perinde</span> <span class='ocrx_word' id='word_1_156' title='bbox 735 1096 843 1141; x_wconf 88' lang='lat' dir='ltr'>atque</span> <span class='ocrx_word' id='word_1_157' title='bbox 877 1096 1016 1140; x_wconf 86' lang='lat' dir='ltr'>patrem</span> <span class='ocrx_word' id='word_1_158' title='bbox 1054 1092 1231 1130; x_wconf 86' lang='lat' dir='ltr'>obtinere.</span> <span class='ocrx_word' id='word_1_159' title='bbox 1286 1093 1412 1131; x_wconf 75' lang='lat' dir='ltr'>Quare</span> <span class='ocrx_word' id='word_1_160' title='bbox 1438 1099 1473 1130; x_wconf 90' lang='lat' dir='ltr'>et</span> <span class='ocrx_word' id='word_1_161' title='bbox 1500 1095 1539 1131; x_wconf 93' lang='lat' dir='ltr'>in</span> <span class='ocrx_word' id='word_1_162' title='bbox 1567 1095 1720 1132; x_wconf 87' lang='lat' dir='ltr'>historia</span> 
     </span>
     <span class='ocr_line' id='line_1_17' title="bbox 226 1153 1719 1208; baseline 0.005 -19"><span class='ocrx_word' id='word_1_163' title='bbox 226 1153 472 1202; x_wconf 77' lang='lat' dir='ltr'>conceptionis</span> <span class='ocrx_word' id='word_1_164' title='bbox 509 1153 656 1197; x_wconf 82' lang='lat' dir='ltr'>Christi,</span> <span class='ocrx_word' id='word_1_165' title='bbox 691 1166 771 1190; x_wconf 87' lang='lat' dir='ltr'>cum</span> <span class='ocrx_word' id='word_1_166' title='bbox 806 1158 841 1190; x_wconf 88' lang='lat' dir='ltr'>et</span> <span class='ocrx_word' id='word_1_167' title='bbox 876 1155 1042 1203; x_wconf 79' lang='lat' dir='ltr'>Angelus</span> <span class='ocrx_word' id='word_1_168' title='bbox 1070 1155 1179 1192; x_wconf 85' lang='lat' dir='ltr'>simul</span> <span class='ocrx_word' id='word_1_169' title='bbox 1207 1160 1242 1193; x_wconf 93' lang='lat' dir='ltr'>et</span> <span class='ocrx_word' id='word_1_170' title='bbox 1268 1156 1450 1206; x_wconf 84' lang='lat' dir='ltr'>Propheta</span> <span class='ocrx_word' id='word_1_171' title='bbox 1477 1158 1719 1208; x_wconf 84' lang='lat' dir='ltr'>apertissimis</span> 
     </span>
     <span class='ocr_line' id='line_1_18' title="bbox 225 1216 1718 1271; baseline 0.005 -19"><span class='ocrx_word' id='word_1_172' title='bbox 225 1218 343 1254; x_wconf 78' lang='lat' dir='ltr'>verbis</span> <span class='ocrx_word' id='word_1_173' title='bbox 379 1221 566 1262; x_wconf 84' lang='lat' dir='ltr'>testentur,</span> <span class='ocrx_word' id='word_1_174' title='bbox 601 1216 790 1264; x_wconf 80' lang='lat' dir='ltr'>Virginem</span> <span class='ocrx_word' id='word_1_175' title='bbox 826 1217 982 1255; x_wconf 85' lang='lat' dir='ltr'>Mariam</span> <span class='ocrx_word' id='word_1_176' title='bbox 1010 1232 1084 1255; x_wconf 89' lang='lat' dir='ltr'>non</span> <span class='ocrx_word' id='word_1_177' title='bbox 1112 1220 1148 1256; x_wconf 89' lang='lat' dir='ltr'>in</span> <span class='ocrx_word' id='word_1_178' title='bbox 1177 1221 1357 1268; x_wconf 87' lang='lat' dir='ltr'>gestando</span> <span class='ocrx_word' id='word_1_179' title='bbox 1385 1234 1427 1257; x_wconf 84' lang='lat' dir='ltr'>ac</span> <span class='ocrx_word' id='word_1_180' title='bbox 1453 1222 1629 1271; x_wconf 86' lang='lat' dir='ltr'>pariendo</span> <span class='ocrx_word' id='word_1_181' title='bbox 1658 1236 1718 1260; x_wconf 89' lang='lat' dir='ltr'>so-</span> 
     </span>
     <span class='ocr_line' id='line_1_19' title="bbox 222 1279 1719 1330; baseline 0.006 -15"><span class='ocrx_word' id='word_1_182' title='bbox 222 1279 310 1320; x_wconf 88' lang='lat' dir='ltr'>lum,</span> <span class='ocrx_word' id='word_1_183' title='bbox 345 1279 407 1316; x_wconf 82' lang='lat' dir='ltr'>sed</span> <span class='ocrx_word' id='word_1_184' title='bbox 440 1280 479 1316; x_wconf 92' lang='lat' dir='ltr'>in</span> <span class='ocrx_word' id='word_1_185' title='bbox 507 1280 743 1329; x_wconf 88' lang='lat' dir='ltr'>concipiendo</span> <span class='ocrx_word' id='word_1_186' title='bbox 778 1293 922 1330; x_wconf 88' lang='lat' dir='ltr'>quoque</span> <span class='ocrx_word' id='word_1_187' title='bbox 949 1294 1070 1318; x_wconf 87' lang='lat' dir='ltr'>veram</span> <span class='ocrx_word' id='word_1_188' title='bbox 1100 1283 1239 1320; x_wconf 85' lang='lat' dir='ltr'>Christi</span> <span class='ocrx_word' id='word_1_189' title='bbox 1266 1289 1431 1330; x_wconf 84' lang='lat' dir='ltr'>matrem,</span> <span class='ocrx_word' id='word_1_190' title='bbox 1458 1299 1502 1323; x_wconf 88' lang='lat' dir='ltr'>ac</span> <span class='ocrx_word' id='word_1_191' title='bbox 1530 1287 1719 1324; x_wconf 88' lang='lat' dir='ltr'>Christum</span> 
     </span>
     <span class='ocr_line' id='line_1_20' title="bbox 224 1343 1721 1398; baseline 0.007 -20"><span class='ocrx_word' id='word_1_192' title='bbox 224 1356 348 1379; x_wconf 81' lang='lat' dir='ltr'>rursus</span> <span class='ocrx_word' id='word_1_193' title='bbox 384 1355 506 1379; x_wconf 85' lang='lat' dir='ltr'>verum</span> <span class='ocrx_word' id='word_1_194' title='bbox 543 1343 680 1381; x_wconf 85' lang='lat' dir='ltr'>Mariae</span> <span class='ocrx_word' id='word_1_195' title='bbox 715 1344 830 1381; x_wconf 88' lang='lat' dir='ltr'>filium</span> <span class='ocrx_word' id='word_1_196' title='bbox 858 1345 988 1392; x_wconf 83' lang='lat' dir='ltr'>fuisse3</span> <span class='ocrx_word' id='word_1_197' title='bbox 1027 1359 1108 1383; x_wconf 85' lang='lat' dir='ltr'>cum</span> <span class='ocrx_word' id='word_1_198' title='bbox 1148 1348 1185 1384; x_wconf 86' lang='lat' dir='ltr'>in</span> <span class='ocrx_word' id='word_1_199' title='bbox 1212 1361 1370 1397; x_wconf 81' lang='lat' dir='ltr'>persona</span> <span class='ocrx_word' id='word_1_200' title='bbox 1398 1349 1565 1398; x_wconf 84' lang='lat' dir='ltr'>Virginis</span> <span class='ocrx_word' id='word_1_201' title='bbox 1592 1351 1721 1388; x_wconf 86' lang='lat' dir='ltr'>matris</span> 
     </span>
     <span class='ocr_line' id='line_1_21' title="bbox 228 1397 1719 1464; baseline 0.005 -20"><span class='ocrx_word' id='word_1_202' title='bbox 228 1407 320 1444; x_wconf 87' lang='lat' dir='ltr'>nihil</span> <span class='ocrx_word' id='word_1_203' title='bbox 353 1407 520 1456; x_wconf 81' lang='lat' dir='ltr'>excipiat,</span> <span class='ocrx_word' id='word_1_204' title='bbox 553 1408 651 1457; x_wconf 89' lang='lat' dir='ltr'>quod</span> <span class='ocrx_word' id='word_1_205' title='bbox 685 1397 831 1457; x_wconf 86' lang='lat' dir='ltr'>quidem</span> <span class='ocrx_word' id='word_1_206' title='bbox 868 1409 914 1445; x_wconf 89' lang='lat' dir='ltr'>ad</span> <span class='ocrx_word' id='word_1_207' title='bbox 951 1409 1143 1447; x_wconf 79' lang='lat' dir='ltr'>historiam</span> <span class='ocrx_word' id='word_1_208' title='bbox 1172 1412 1404 1462; x_wconf 73' lang='lat' dir='ltr'>concipiendi</span> <span class='ocrx_word' id='word_1_209' title='bbox 1432 1414 1575 1459; x_wconf 75' lang='lat' dir='ltr'>attinet,</span> <span class='ocrx_word' id='word_1_210' title='bbox 1601 1428 1719 1464; x_wconf 89' lang='lat' dir='ltr'>neque</span> 
     </span>
     <span class='ocr_line' id='line_1_22' title="bbox 222 1471 1717 1527; baseline 0.007 -22"><span class='ocrx_word' id='word_1_211' title='bbox 222 1471 318 1507; x_wconf 89' lang='lat' dir='ltr'>ullus</span> <span class='ocrx_word' id='word_1_212' title='bbox 353 1471 550 1520; x_wconf 85' lang='lat' dir='ltr'>scripturae</span> <span class='ocrx_word' id='word_1_213' title='bbox 583 1471 685 1508; x_wconf 85' lang='lat' dir='ltr'>locus</span> <span class='ocrx_word' id='word_1_214' title='bbox 720 1476 827 1517; x_wconf 81' lang='lat' dir='ltr'>extet,</span> <span class='ocrx_word' id='word_1_215' title='bbox 862 1473 925 1522; x_wconf 86' lang='lat' dir='ltr'>qui</span> <span class='ocrx_word' id='word_1_216' title='bbox 961 1479 1080 1522; x_wconf 85' lang='lat' dir='ltr'>neget,</span> <span class='ocrx_word' id='word_1_217' title='bbox 1119 1475 1274 1512; x_wconf 83' lang='lat' dir='ltr'>Mariam</span> <span class='ocrx_word' id='word_1_218' title='bbox 1303 1477 1342 1513; x_wconf 90' lang='lat' dir='ltr'>in</span> <span class='ocrx_word' id='word_1_219' title='bbox 1370 1478 1612 1527; x_wconf 89' lang='lat' dir='ltr'>concipiendo</span> <span class='ocrx_word' id='word_1_220' title='bbox 1639 1479 1717 1516; x_wconf 91' lang='lat' dir='ltr'>filio</span> 
     </span>
     <span class='ocr_line' id='line_1_23' title="bbox 223 1533 1717 1589; baseline 0.008 -21"><span class='ocrx_word' id='word_1_221' title='bbox 223 1545 286 1569; x_wconf 87' lang='lat' dir='ltr'>sno</span> <span class='ocrx_word' id='word_1_222' title='bbox 322 1533 446 1569; x_wconf 85' lang='lat' dir='ltr'>matris</span> <span class='ocrx_word' id='word_1_223' title='bbox 483 1534 595 1570; x_wconf 86' lang='lat' dir='ltr'>officio</span> <span class='ocrx_word' id='word_1_224' title='bbox 632 1547 714 1571; x_wconf 83' lang='lat' dir='ltr'>vere</span> <span class='ocrx_word' id='word_1_225' title='bbox 749 1535 956 1573; x_wconf 86' lang='lat' dir='ltr'>defunctam</span> <span class='ocrx_word' id='word_1_226' title='bbox 985 1550 1075 1581; x_wconf 89' lang='lat' dir='ltr'>esse,</span> <span class='ocrx_word' id='word_1_227' title='bbox 1101 1538 1201 1588; x_wconf 85' lang='lat' dir='ltr'>quod</span> <span class='ocrx_word' id='word_1_228' title='bbox 1227 1540 1266 1576; x_wconf 90' lang='lat' dir='ltr'>in</span> <span class='ocrx_word' id='word_1_229' title='bbox 1295 1552 1331 1576; x_wconf 87' lang='lat' dir='ltr'>se</span> <span class='ocrx_word' id='word_1_230' title='bbox 1358 1542 1570 1589; x_wconf 87' lang='lat' dir='ltr'>praesertim</span> <span class='ocrx_word' id='word_1_231' title='bbox 1600 1547 1717 1588; x_wconf 82' lang='lat' dir='ltr'>esset3</span> 
     </span>
     <span class='ocr_line' id='line_1_24' title="bbox 221 1599 1716 1652; baseline 0.007 -21"><span class='ocrx_word' id='word_1_232' title='bbox 221 1608 294 1632; x_wconf 90' lang='lat' dir='ltr'>non</span> <span class='ocrx_word' id='word_1_233' title='bbox 320 1599 374 1632; x_wconf 89' lang='lat' dir='ltr'>est</span> <span class='ocrx_word' id='word_1_234' title='bbox 400 1609 497 1639; x_wconf 89' lang='lat' dir='ltr'>sane,</span> <span class='ocrx_word' id='word_1_235' title='bbox 524 1609 587 1632; x_wconf 86' lang='lat' dir='ltr'>cur</span> <span class='ocrx_word' id='word_1_236' title='bbox 613 1600 646 1633; x_wconf 87' lang='lat' dir='ltr'>et</span> <span class='ocrx_word' id='word_1_237' title='bbox 673 1610 739 1634; x_wconf 90' lang='lat' dir='ltr'>nos</span> <span class='ocrx_word' id='word_1_238' title='bbox 766 1611 786 1634; x_wconf 88' lang='lat' dir='ltr'>a</span> <span class='ocrx_word' id='word_1_239' title='bbox 813 1599 911 1636; x_wconf 86' lang='lat' dir='ltr'>nuda</span> <span class='ocrx_word' id='word_1_240' title='bbox 938 1612 980 1636; x_wconf 87' lang='lat' dir='ltr'>ac</span> <span class='ocrx_word' id='word_1_241' title='bbox 1007 1601 1165 1651; x_wconf 83' lang='lat' dir='ltr'>simplici</span> <span class='ocrx_word' id='word_1_242' title='bbox 1191 1603 1423 1652; x_wconf 88' lang='lat' dir='ltr'>concipiendi</span> <span class='ocrx_word' id='word_1_243' title='bbox 1444 1604 1716 1652; x_wconf 87' lang='lat' dir='ltr'>significatione</span> 
     </span>
     <span class='ocr_line' id='line_1_25' title="bbox 220 1657 1717 1714; baseline 0.009 -22"><span class='ocrx_word' id='word_1_244' title='bbox 220 1658 258 1693; x_wconf 87' lang='lat' dir='ltr'>in</span> <span class='ocrx_word' id='word_1_245' title='bbox 294 1657 429 1694; x_wconf 86' lang='lat' dir='ltr'>Christi</span> <span class='ocrx_word' id='word_1_246' title='bbox 465 1658 614 1695; x_wconf 88' lang='lat' dir='ltr'>Domini</span> <span class='ocrx_word' id='word_1_247' title='bbox 647 1660 910 1699; x_wconf 84' lang='lat' dir='ltr'>incarnationis</span> <span class='ocrx_word' id='word_1_248' title='bbox 946 1663 1100 1700; x_wconf 88' lang='lat' dir='ltr'>historia</span> <span class='ocrx_word' id='word_1_249' title='bbox 1129 1665 1224 1702; x_wconf 89' lang='lat' dir='ltr'>circa</span> <span class='ocrx_word' id='word_1_250' title='bbox 1253 1666 1407 1714; x_wconf 83' lang='lat' dir='ltr'>virginis</span> <span class='ocrx_word' id='word_1_251' title='bbox 1436 1668 1564 1704; x_wconf 87' lang='lat' dir='ltr'>matris</span> <span class='ocrx_word' id='word_1_252' title='bbox 1593 1669 1717 1707; x_wconf 86' lang='lat' dir='ltr'>eonsi-</span> 
     </span>
     <span class='ocr_line' id='line_1_26' title="bbox 222 1720 1716 1779; baseline 0.009 -24"><span class='ocrx_word' id='word_1_253' title='bbox 222 1720 439 1757; x_wconf 83' lang='lat' dir='ltr'>derationem</span> <span class='ocrx_word' id='word_1_254' title='bbox 484 1721 665 1759; x_wconf 83' lang='lat' dir='ltr'>discedere</span> <span class='ocrx_word' id='word_1_255' title='bbox 709 1723 914 1768; x_wconf 83' lang='lat' dir='ltr'>debeamus,</span> <span class='ocrx_word' id='word_1_256' title='bbox 957 1729 1170 1776; x_wconf 82' lang='lat' dir='ltr'>praesertim</span> <span class='ocrx_word' id='word_1_257' title='bbox 1210 1741 1293 1766; x_wconf 88' lang='lat' dir='ltr'>cum</span> <span class='ocrx_word' id='word_1_258' title='bbox 1329 1731 1495 1779; x_wconf 82' lang='lat' dir='ltr'>Angelus</span> <span class='ocrx_word' id='word_1_259' title='bbox 1531 1731 1648 1769; x_wconf 85' lang='lat' dir='ltr'>dicat:</span> <span class='ocrx_word' id='word_1_260' title='bbox 1675 1737 1716 1769; x_wconf 92' lang='lat' dir='ltr'>tu</span> 
     </span>
     <span class='ocr_line' id='line_1_27' title="bbox 225 1785 1717 1844; baseline 0.009 -25"><span class='ocrx_word' id='word_1_261' title='bbox 225 1785 404 1834; x_wconf 88' lang='lat' dir='ltr'>concipies</span> <span class='ocrx_word' id='word_1_262' title='bbox 441 1786 569 1830; x_wconf 86' lang='lat' dir='ltr'>filium,</span> <span class='ocrx_word' id='word_1_263' title='bbox 604 1786 712 1836; x_wconf 88' lang='lat' dir='ltr'>idque</span> <span class='ocrx_word' id='word_1_264' title='bbox 739 1787 778 1824; x_wconf 91' lang='lat' dir='ltr'>in</span> <span class='ocrx_word' id='word_1_265' title='bbox 804 1793 906 1826; x_wconf 88' lang='lat' dir='ltr'>utero</span> <span class='ocrx_word' id='word_1_266' title='bbox 933 1794 1010 1828; x_wconf 83' lang='lat' dir='ltr'>tuo,</span> <span class='ocrx_word' id='word_1_267' title='bbox 1064 1791 1112 1828; x_wconf 90' lang='lat' dir='ltr'>Et</span> <span class='ocrx_word' id='word_1_268' title='bbox 1141 1792 1172 1828; x_wconf 90' lang='lat' dir='ltr'>si</span> <span class='ocrx_word' id='word_1_269' title='bbox 1198 1793 1296 1830; x_wconf 89' lang='lat' dir='ltr'>nude</span> <span class='ocrx_word' id='word_1_270' title='bbox 1323 1807 1365 1830; x_wconf 86' lang='lat' dir='ltr'>ac</span> <span class='ocrx_word' id='word_1_271' title='bbox 1393 1795 1609 1844; x_wconf 88' lang='lat' dir='ltr'>simpliciter</span> <span class='ocrx_word' id='word_1_272' title='bbox 1636 1809 1717 1833; x_wconf 88' lang='lat' dir='ltr'>ver-</span> 
     </span>
     <span class='ocr_line' id='line_1_28' title="bbox 224 1847 1716 1908; baseline 0.011 -27"><span class='ocrx_word' id='word_1_273' title='bbox 224 1847 309 1882; x_wconf 85' lang='lat' dir='ltr'>bnm</span> <span class='ocrx_word' id='word_1_274' title='bbox 338 1848 567 1897; x_wconf 87' lang='lat' dir='ltr'>concipiendi</span> <span class='ocrx_word' id='word_1_275' title='bbox 603 1850 832 1899; x_wconf 83' lang='lat' dir='ltr'>accipiamus,</span> <span class='ocrx_word' id='word_1_276' title='bbox 856 1854 1085 1903; x_wconf 84' lang='lat' dir='ltr'>perspicuum</span> <span class='ocrx_word' id='word_1_277' title='bbox 1115 1861 1181 1900; x_wconf 87' lang='lat' dir='ltr'>est,</span> <span class='ocrx_word' id='word_1_278' title='bbox 1209 1870 1327 1907; x_wconf 89' lang='lat' dir='ltr'>neque</span> <span class='ocrx_word' id='word_1_279' title='bbox 1356 1858 1512 1895; x_wconf 85' lang='lat' dir='ltr'>Mariam</span> <span class='ocrx_word' id='word_1_280' title='bbox 1535 1859 1716 1908; x_wconf 86' lang='lat' dir='ltr'>virginem</span> 
     </span>
     <span class='ocr_line' id='line_1_29' title="bbox 222 1909 1716 1973; baseline 0.011 -29"><span class='ocrx_word' id='word_1_281' title='bbox 222 1909 292 1945; x_wconf 83' lang='lat' dir='ltr'>(lici</span> <span class='ocrx_word' id='word_1_282' title='bbox 336 1923 416 1947; x_wconf 86' lang='lat' dir='ltr'>vere</span> <span class='ocrx_word' id='word_1_283' title='bbox 458 1924 563 1960; x_wconf 86' lang='lat' dir='ltr'>posse</span> <span class='ocrx_word' id='word_1_284' title='bbox 605 1916 755 1950; x_wconf 83' lang='lat' dir='ltr'>matrem</span> <span class='ocrx_word' id='word_1_285' title='bbox 800 1915 935 1952; x_wconf 90' lang='lat' dir='ltr'>Christi</span> <span class='ocrx_word' id='word_1_286' title='bbox 970 1918 1009 1954; x_wconf 89' lang='lat' dir='ltr'>in</span> <span class='ocrx_word' id='word_1_287' title='bbox 1046 1920 1286 1969; x_wconf 84' lang='lat' dir='ltr'>concipiendo</span> <span class='ocrx_word' id='word_1_288' title='bbox 1334 1923 1561 1970; x_wconf 88' lang='lat' dir='ltr'>praesertim,</span> <span class='ocrx_word' id='word_1_289' title='bbox 1597 1936 1716 1973; x_wconf 85' lang='lat' dir='ltr'>neque</span> 
     </span>
     <span class='ocr_line' id='line_1_30' title="bbox 221 1972 1714 2030; baseline 0.012 -23"><span class='ocrx_word' id='word_1_290' title='bbox 221 1972 380 2020; x_wconf 84' lang='lat' dir='ltr'>Chri-(D</span> <span class='ocrx_word' id='word_1_291' title='bbox 406 1973 581 2021; x_wconf 80' lang='lat' dir='ltr'>iiib)stum</span> <span class='ocrx_word' id='word_1_292' title='bbox 618 1989 742 2013; x_wconf 85' lang='lat' dir='ltr'>rursus</span> <span class='ocrx_word' id='word_1_293' title='bbox 779 1977 917 2016; x_wconf 83' lang='lat' dir='ltr'>Mariae</span> <span class='ocrx_word' id='word_1_294' title='bbox 951 1994 1076 2018; x_wconf 87' lang='lat' dir='ltr'>verum</span> <span class='ocrx_word' id='word_1_295' title='bbox 1123 1996 1164 2020; x_wconf 88' lang='lat' dir='ltr'>ac</span> <span class='ocrx_word' id='word_1_296' title='bbox 1201 1986 1402 2022; x_wconf 85' lang='lat' dir='ltr'>naturalem</span> <span class='ocrx_word' id='word_1_297' title='bbox 1440 1987 1572 2030; x_wconf 86' lang='lat' dir='ltr'>filium,</span> <span class='ocrx_word' id='word_1_298' title='bbox 1608 1988 1639 2025; x_wconf 92' lang='lat' dir='ltr'>si</span> <span class='ocrx_word' id='word_1_299' title='bbox 1674 1988 1714 2025; x_wconf 89' lang='lat' dir='ltr'>in</span> 
     </span>
     <span class='ocr_line' id='line_1_31' title="bbox 220 2036 1711 2101; baseline 0.013 -31"><span class='ocrx_word' id='word_1_300' title='bbox 220 2036 456 2085; x_wconf 86' lang='lat' dir='ltr'>concipiendo</span> <span class='ocrx_word' id='word_1_301' title='bbox 492 2039 633 2075; x_wconf 80' lang='lat' dir='ltr'>nullum</span> <span class='ocrx_word' id='word_1_302' title='bbox 659 2041 835 2088; x_wconf 87' lang='lat' dir='ltr'>gignendi</span> <span class='ocrx_word' id='word_1_303' title='bbox 861 2056 904 2080; x_wconf 78' lang='lat' dir='ltr'>ex</span> <span class='ocrx_word' id='word_1_304' title='bbox 933 2058 1009 2082; x_wconf 87' lang='lat' dir='ltr'>sese</span> <span class='ocrx_word' id='word_1_305' title='bbox 1035 2047 1192 2085; x_wconf 85' lang='lat' dir='ltr'>officium</span> <span class='ocrx_word' id='word_1_306' title='bbox 1220 2049 1358 2096; x_wconf 83' lang='lat' dir='ltr'>virgini</span> <span class='ocrx_word' id='word_1_307' title='bbox 1384 2052 1494 2088; x_wconf 84' lang='lat' dir='ltr'>matri</span> <span class='ocrx_word' id='word_1_308' title='bbox 1520 2053 1711 2101; x_wconf 86' lang='lat' dir='ltr'>permitta-</span> 
     </span>
     <span class='ocr_line' id='line_1_32' title="bbox 219 2100 1714 2153; baseline 0.014 -20"><span class='ocrx_word' id='word_1_309' title='bbox 219 2111 311 2137; x_wconf 77' lang='lat' dir='ltr'>mus,</span> <span class='ocrx_word' id='word_1_310' title='bbox 341 2100 499 2150; x_wconf 75' lang='lat' dir='ltr'>Quoquo</span> <span class='ocrx_word' id='word_1_311' title='bbox 527 2106 561 2139; x_wconf 91' lang='lat' dir='ltr'>te</span> <span class='ocrx_word' id='word_1_312' title='bbox 588 2107 705 2140; x_wconf 87' lang='lat' dir='ltr'>vertas</span> <span class='ocrx_word' id='word_1_313' title='bbox 731 2105 855 2153; x_wconf 86' lang='lat' dir='ltr'>igitur,</span> <span class='ocrx_word' id='word_1_314' title='bbox 881 2108 1035 2145; x_wconf 85' lang='lat' dir='ltr'>alterum</span> <span class='ocrx_word' id='word_1_315' title='bbox 1063 2111 1211 2148; x_wconf 83' lang='lat' dir='ltr'>fatearis</span> <span class='ocrx_word' id='word_1_316' title='bbox 1241 2126 1388 2151; x_wconf 88' lang='lat' dir='ltr'>necesse</span> <span class='ocrx_word' id='word_1_317' title='bbox 1414 2120 1481 2153; x_wconf 89' lang='lat' dir='ltr'>est.</span> <span class='ocrx_word' id='word_1_318' title='bbox 1527 2118 1605 2153; x_wconf 91' lang='lat' dir='ltr'>Aut</span> <span class='ocrx_word' id='word_1_319' title='bbox 1631 2116 1714 2153; x_wconf 82' lang='lat' dir='ltr'>Ma-</span> 
     </span>
     <span class='ocr_line' id='line_1_33' title="bbox 220 2163 1710 2227; baseline 0.015 -31"><span class='ocrx_word' id='word_1_320' title='bbox 220 2163 309 2198; x_wconf 87' lang='lat' dir='ltr'>riam</span> <span class='ocrx_word' id='word_1_321' title='bbox 344 2176 416 2200; x_wconf 92' lang='lat' dir='ltr'>non</span> <span class='ocrx_word' id='word_1_322' title='bbox 447 2165 655 2203; x_wconf 79' lang='lat' dir='ltr'>defunctam</span> <span class='ocrx_word' id='word_1_323' title='bbox 683 2180 760 2205; x_wconf 89' lang='lat' dir='ltr'>esse</span> <span class='ocrx_word' id='word_1_324' title='bbox 786 2172 946 2219; x_wconf 87' lang='lat' dir='ltr'>parentis</span> <span class='ocrx_word' id='word_1_325' title='bbox 973 2175 1090 2211; x_wconf 83' lang='lat' dir='ltr'>officio</span> <span class='ocrx_word' id='word_1_326' title='bbox 1119 2176 1157 2212; x_wconf 90' lang='lat' dir='ltr'>in</span> <span class='ocrx_word' id='word_1_327' title='bbox 1186 2178 1429 2227; x_wconf 85' lang='lat' dir='ltr'>concipiendo</span> <span class='ocrx_word' id='word_1_328' title='bbox 1459 2180 1606 2217; x_wconf 87' lang='lat' dir='ltr'>Christo</span> <span class='ocrx_word' id='word_1_329' title='bbox 1634 2181 1710 2217; x_wconf 88' lang='lat' dir='ltr'>filio</span> 
     </span>
     <span class='ocr_line' id='line_1_34' title="bbox 219 2226 1711 2283; baseline 0.015 -24"><span class='ocrx_word' id='word_1_330' title='bbox 219 2237 295 2265; x_wconf 85' lang='lat' dir='ltr'>suo.</span> <span class='ocrx_word' id='word_1_331' title='bbox 325 2226 355 2262; x_wconf 89' lang='lat' dir='ltr'>si</span> <span class='ocrx_word' id='word_1_332' title='bbox 381 2227 483 2263; x_wconf 88' lang='lat' dir='ltr'>illum</span> <span class='ocrx_word' id='word_1_333' title='bbox 511 2241 554 2265; x_wconf 83' lang='lat' dir='ltr'>ex</span> <span class='ocrx_word' id='word_1_334' title='bbox 580 2242 620 2266; x_wconf 84' lang='lat' dir='ltr'>ca</span> <span class='ocrx_word' id='word_1_335' title='bbox 647 2236 862 2281; x_wconf 86' lang='lat' dir='ltr'>conceptum</span> <span class='ocrx_word' id='word_1_336' title='bbox 889 2247 965 2272; x_wconf 90' lang='lat' dir='ltr'>esse</span> <span class='ocrx_word' id='word_1_337' title='bbox 992 2250 1113 2283; x_wconf 72' lang='lat' dir='ltr'>neges,</span> <span class='ocrx_word' id='word_1_338' title='bbox 1159 2241 1247 2280; x_wconf 79' lang='lat' dir='ltr'>Aut.</span> <span class='ocrx_word' id='word_1_339' title='bbox 1274 2241 1305 2278; x_wconf 88' lang='lat' dir='ltr'>si</span> <span class='ocrx_word' id='word_1_340' title='bbox 1334 2242 1492 2279; x_wconf 87' lang='lat' dir='ltr'>Mariam</span> <span class='ocrx_word' id='word_1_341' title='bbox 1516 2244 1556 2280; x_wconf 90' lang='lat' dir='ltr'>in</span> <span class='ocrx_word' id='word_1_342' title='bbox 1586 2245 1711 2281; x_wconf 89' lang='lat' dir='ltr'>conci-</span> 
     </span>
     <span class='ocr_line' id='line_1_35' title="bbox 218 2288 1711 2354; baseline 0.015 -32"><span class='ocrx_word' id='word_1_343' title='bbox 218 2288 348 2336; x_wconf 83' lang='lat' dir='ltr'>piendo</span> <span class='ocrx_word' id='word_1_344' title='bbox 384 2303 528 2340; x_wconf 86' lang='lat' dir='ltr'>quoque</span> <span class='ocrx_word' id='word_1_345' title='bbox 561 2292 636 2329; x_wconf 92' lang='lat' dir='ltr'>filio</span> <span class='ocrx_word' id='word_1_346' title='bbox 674 2307 738 2330; x_wconf 90' lang='lat' dir='ltr'>suo</span> <span class='ocrx_word' id='word_1_347' title='bbox 774 2301 924 2334; x_wconf 87' lang='lat' dir='ltr'>matrem</span> <span class='ocrx_word' id='word_1_348' title='bbox 959 2313 1040 2337; x_wconf 81' lang='lat' dir='ltr'>vere</span> <span class='ocrx_word' id='word_1_349' title='bbox 1080 2304 1263 2349; x_wconf 80' lang='lat' dir='ltr'>agnoscis,</span> <span class='ocrx_word' id='word_1_350' title='bbox 1302 2319 1435 2354; x_wconf 84' lang='lat' dir='ltr'>negare</span> <span class='ocrx_word' id='word_1_351' title='bbox 1470 2307 1573 2343; x_wconf 85' lang='lat' dir='ltr'>nullo</span> <span class='ocrx_word' id='word_1_352' title='bbox 1599 2308 1711 2345; x_wconf 84' lang='lat' dir='ltr'>modo</span> 
     </span>
     <span class='ocr_line' id='line_1_36' title="bbox 217 2352 1712 2419; baseline 0.016 -33"><span class='ocrx_word' id='word_1_353' title='bbox 217 2352 344 2399; x_wconf 87' lang='lat' dir='ltr'>possis,</span> <span class='ocrx_word' id='word_1_354' title='bbox 381 2353 566 2391; x_wconf 89' lang='lat' dir='ltr'>Christum</span> <span class='ocrx_word' id='word_1_355' title='bbox 600 2369 643 2393; x_wconf 86' lang='lat' dir='ltr'>ex</span> <span class='ocrx_word' id='word_1_356' title='bbox 669 2357 744 2403; x_wconf 88' lang='lat' dir='ltr'>illa,</span> <span class='ocrx_word' id='word_1_357' title='bbox 770 2372 989 2410; x_wconf 86' lang='lat' dir='ltr'>quamquam</span> <span class='ocrx_word' id='word_1_358' title='bbox 1016 2365 1167 2413; x_wconf 84' lang='lat' dir='ltr'>virgine,</span> <span class='ocrx_word' id='word_1_359' title='bbox 1193 2372 1381 2419; x_wconf 87' lang='lat' dir='ltr'>tamquam</span> <span class='ocrx_word' id='word_1_360' title='bbox 1406 2383 1426 2407; x_wconf 90' lang='lat' dir='ltr'>e</span> <span class='ocrx_word' id='word_1_361' title='bbox 1452 2375 1568 2408; x_wconf 86' lang='lat' dir='ltr'>matre</span> <span class='ocrx_word' id='word_1_362' title='bbox 1593 2372 1712 2409; x_wconf 84' lang='lat' dir='ltr'>filium</span> 
     </span>
     <span class='ocr_line' id='line_1_37' title="bbox 218 2414 1711 2483; baseline 0.017 -34"><span class='ocrx_word' id='word_1_363' title='bbox 218 2414 455 2453; x_wconf 88' lang='lat' dir='ltr'>nihilominus</span> <span class='ocrx_word' id='word_1_364' title='bbox 484 2424 699 2469; x_wconf 88' lang='lat' dir='ltr'>conceptum</span> <span class='ocrx_word' id='word_1_365' title='bbox 726 2434 814 2460; x_wconf 88' lang='lat' dir='ltr'>esse.</span> <span class='ocrx_word' id='word_1_366' title='bbox 843 2424 931 2462; x_wconf 91' lang='lat' dir='ltr'>Non</span> <span class='ocrx_word' id='word_1_367' title='bbox 958 2429 1076 2476; x_wconf 83' lang='lat' dir='ltr'>potuit</span> <span class='ocrx_word' id='word_1_368' title='bbox 1103 2436 1224 2468; x_wconf 86' lang='lat' dir='ltr'>autem</span> <span class='ocrx_word' id='word_1_369' title='bbox 1253 2432 1312 2470; x_wconf 90' lang='lat' dir='ltr'>hic</span> <span class='ocrx_word' id='word_1_370' title='bbox 1340 2447 1408 2471; x_wconf 91' lang='lat' dir='ltr'>nos</span> <span class='ocrx_word' id='word_1_371' title='bbox 1435 2435 1560 2472; x_wconf 89' lang='lat' dir='ltr'>fallere</span> <span class='ocrx_word' id='word_1_372' title='bbox 1583 2437 1711 2483; x_wconf 87' lang='lat' dir='ltr'>Ange-</span> 
     </span>
     <span class='ocr_line' id='line_1_38' title="bbox 217 2477 1711 2548; baseline 0.017 -37"><span class='ocrx_word' id='word_1_373' title='bbox 217 2477 283 2518; x_wconf 84' lang='lat' dir='ltr'>lus,</span> <span class='ocrx_word' id='word_1_374' title='bbox 310 2482 372 2515; x_wconf 90' lang='lat' dir='ltr'>aut</span> <span class='ocrx_word' id='word_1_375' title='bbox 399 2480 516 2517; x_wconf 87' lang='lat' dir='ltr'>verius</span> <span class='ocrx_word' id='word_1_376' title='bbox 541 2481 638 2519; x_wconf 90' lang='lat' dir='ltr'>Deus</span> <span class='ocrx_word' id='word_1_377' title='bbox 656 2483 745 2532; x_wconf 87' lang='lat' dir='ltr'>ipse,</span> <span class='ocrx_word' id='word_1_378' title='bbox 771 2487 956 2535; x_wconf 80' lang='lat' dir='ltr'>angelicae</span> <span class='ocrx_word' id='word_1_379' title='bbox 982 2491 1177 2538; x_wconf 66' lang='lat' dir='ltr'>legationis</span> <span class='ocrx_word' id='word_1_380' title='bbox 1196 2501 1335 2535; x_wconf 89' lang='lat' dir='ltr'>auctor.</span> <span class='ocrx_word' id='word_1_381' title='bbox 1366 2498 1516 2535; x_wconf 85' lang='lat' dir='ltr'>Certum</span> <span class='ocrx_word' id='word_1_382' title='bbox 1536 2503 1592 2536; x_wconf 86' lang='lat' dir='ltr'>est</span> <span class='ocrx_word' id='word_1_383' title='bbox 1609 2512 1711 2548; x_wconf 87' lang='lat' dir='ltr'>ergo,</span> 
     </span>
     <span class='ocr_line' id='line_1_39' title="bbox 217 2539 1709 2613; baseline 0.019 -39"><span class='ocrx_word' id='word_1_384' title='bbox 217 2539 406 2587; x_wconf 82' lang='lat' dir='ltr'>Virginem</span> <span class='ocrx_word' id='word_1_385' title='bbox 442 2545 718 2592; x_wconf 87' lang='lat' dir='ltr'>sanctissimam,</span> <span class='ocrx_word' id='word_1_386' title='bbox 752 2553 793 2585; x_wconf 93' lang='lat' dir='ltr'>ut</span> <span class='ocrx_word' id='word_1_387' title='bbox 826 2551 961 2589; x_wconf 87' lang='lat' dir='ltr'>Christi</span> <span class='ocrx_word' id='word_1_388' title='bbox 996 2567 1078 2592; x_wconf 87' lang='lat' dir='ltr'>vera</span> <span class='ocrx_word' id='word_1_389' title='bbox 1113 2563 1229 2596; x_wconf 85' lang='lat' dir='ltr'>mater</span> <span class='ocrx_word' id='word_1_390' title='bbox 1265 2565 1371 2606; x_wconf 88' lang='lat' dir='ltr'>esset,</span> <span class='ocrx_word' id='word_1_391' title='bbox 1397 2562 1436 2599; x_wconf 91' lang='lat' dir='ltr'>in</span> <span class='ocrx_word' id='word_1_392' title='bbox 1466 2563 1709 2613; x_wconf 86' lang='lat' dir='ltr'>concipiendo</span> 
     </span>
     <span class='ocr_line' id='line_1_40' title="bbox 215 2603 1710 2665; baseline 0.02 -28"><span class='ocrx_word' id='word_1_393' title='bbox 215 2603 277 2639; x_wconf 91' lang='lat' dir='ltr'>illo</span> <span class='ocrx_word' id='word_1_394' title='bbox 305 2605 463 2652; x_wconf 81' lang='lat' dir='ltr'>parcatis</span> <span class='ocrx_word' id='word_1_395' title='bbox 481 2608 595 2644; x_wconf 86' lang='lat' dir='ltr'>officio</span> <span class='ocrx_word' id='word_1_396' title='bbox 616 2622 696 2647; x_wconf 89' lang='lat' dir='ltr'>vere</span> <span class='ocrx_word' id='word_1_397' title='bbox 712 2611 919 2652; x_wconf 86' lang='lat' dir='ltr'>defunctam</span> <span class='ocrx_word' id='word_1_398' title='bbox 936 2630 1031 2664; x_wconf 82' lang='lat' dir='ltr'>csse3</span> <span class='ocrx_word' id='word_1_399' title='bbox 1048 2642 1096 2647; x_wconf 95' lang='lat'><strong>—</strong></span> <span class='ocrx_word' id='word_1_400' title='bbox 1108 2626 1142 2658; x_wconf 91' lang='lat' dir='ltr'>ct</span> <span class='ocrx_word' id='word_1_401' title='bbox 1162 2623 1349 2661; x_wconf 87' lang='lat' dir='ltr'>Christum</span> <span class='ocrx_word' id='word_1_402' title='bbox 1366 2639 1492 2663; x_wconf 89' lang='lat' dir='ltr'>rursus</span> <span class='ocrx_word' id='word_1_403' title='bbox 1508 2626 1710 2665; x_wconf 83' lang='lat' dir='ltr'>Dominum</span> 
     </span>
     <span class='ocr_line' id='line_1_41' title="bbox 217 2667 1710 2740; baseline 0.02 -40"><span class='ocrx_word' id='word_1_404' title='bbox 217 2670 266 2705; x_wconf 82' lang='lat' dir='ltr'>,ut</span> <span class='ocrx_word' id='word_1_405' title='bbox 302 2667 399 2704; x_wconf 87' lang='lat' dir='ltr'>illius</span> <span class='ocrx_word' id='word_1_406' title='bbox 425 2669 520 2706; x_wconf 88' lang='lat' dir='ltr'>filius</span> <span class='ocrx_word' id='word_1_407' title='bbox 548 2684 628 2709; x_wconf 86' lang='lat' dir='ltr'>vere</span> <span class='ocrx_word' id='word_1_408' title='bbox 654 2674 813 2712; x_wconf 86' lang='lat' dir='ltr'>vicissim</span> <span class='ocrx_word' id='word_1_409' title='bbox 841 2684 943 2725; x_wconf 85' lang='lat' dir='ltr'>essct,</span> <span class='ocrx_word' id='word_1_410' title='bbox 970 2694 1043 2719; x_wconf 92' lang='lat' dir='ltr'>non</span> <span class='ocrx_word' id='word_1_411' title='bbox 1071 2684 1231 2731; x_wconf 77' lang='lat' dir='ltr'>aliunde,</span> <span class='ocrx_word' id='word_1_412' title='bbox 1267 2701 1379 2737; x_wconf 87' lang='lat' dir='ltr'>quam</span> <span class='ocrx_word' id='word_1_413' title='bbox 1406 2702 1450 2727; x_wconf 79' lang='lat' dir='ltr'>ex</span> <span class='ocrx_word' id='word_1_414' title='bbox 1477 2690 1557 2740; x_wconf 85' lang='lat' dir='ltr'>ipsa</span> <span class='ocrx_word' id='word_1_415' title='bbox 1583 2695 1710 2736; x_wconf 88' lang='lat' dir='ltr'>matre,</span> 
     </span>
     <span class='ocr_line' id='line_1_42' title="bbox 216 2734 1710 2806; baseline 0.02 -42"><span class='ocrx_word' id='word_1_416' title='bbox 216 2743 432 2781; x_wconf 81' lang='lat' dir='ltr'>quamquam</span> <span class='ocrx_word' id='word_1_417' title='bbox 470 2734 622 2781; x_wconf 79' lang='lat' dir='ltr'>virgine.</span> <span class='ocrx_word' id='word_1_418' title='bbox 661 2745 875 2789; x_wconf 86' lang='lat' dir='ltr'>conceptum</span> <span class='ocrx_word' id='word_1_419' title='bbox 912 2757 1002 2783; x_wconf 89' lang='lat' dir='ltr'>esse.</span> <span class='ocrx_word' id='word_1_420' title='bbox 1055 2750 1177 2798; x_wconf 82' lang='lat' dir='ltr'>Atque</span> <span class='ocrx_word' id='word_1_421' title='bbox 1206 2751 1248 2788; x_wconf 90' lang='lat' dir='ltr'>de</span> <span class='ocrx_word' id='word_1_422' title='bbox 1275 2752 1429 2791; x_wconf 87' lang='lat' dir='ltr'>historia</span> <span class='ocrx_word' id='word_1_423' title='bbox 1458 2756 1710 2806; x_wconf 85' lang='lat' dir='ltr'>conceptionis</span> 
     </span>
     <span class='ocr_line' id='line_1_43' title="bbox 216 2795 1710 2858; baseline 0.021 -31"><span class='ocrx_word' id='word_1_424' title='bbox 216 2797 368 2832; x_wconf 80' lang='lat' dir='ltr'>tantuin.</span> <span class='ocrx_word' id='word_1_425' title='bbox 386 2816 435 2823; x_wconf 93' lang='lat'>—</span> <span class='ocrx_word' id='word_1_426' title='bbox 451 2795 530 2833; x_wconf 88' lang='lat' dir='ltr'>Iam</span> <span class='ocrx_word' id='word_1_427' title='bbox 549 2801 732 2847; x_wconf 86' lang='lat' dir='ltr'>quomodo</span> <span class='ocrx_word' id='word_1_428' title='bbox 754 2802 883 2850; x_wconf 88' lang='lat' dir='ltr'>Maria,</span> <span class='ocrx_word' id='word_1_429' title='bbox 906 2807 1009 2857; x_wconf 89' lang='lat' dir='ltr'>virgo</span> <span class='ocrx_word' id='word_1_430' title='bbox 1030 2822 1112 2847; x_wconf 85' lang='lat' dir='ltr'>cum</span> <span class='ocrx_word' id='word_1_431' title='bbox 1127 2818 1232 2858; x_wconf 88' lang='lat' dir='ltr'>esset,</span> <span class='ocrx_word' id='word_1_432' title='bbox 1247 2816 1374 2853; x_wconf 86' lang='lat' dir='ltr'>matris</span> <span class='ocrx_word' id='word_1_433' title='bbox 1390 2817 1537 2855; x_wconf 88' lang='lat' dir='ltr'>interim</span> <span class='ocrx_word' id='word_1_434' title='bbox 1552 2820 1710 2857; x_wconf 85' lang='lat' dir='ltr'>officium</span> 
     </span>
    </p>
   </div>
  </div>
 </body>
</html>
