1818 3178
1542 92 1611 131 375

87 207 364 258 peregrinarum
389 205 751 257 interpretationum,
778 207 875 244 facta
904 205 1062 243 aliorum
1091 204 1304 256 Scripturae
1330 204 1495 241 locorum
1525 216 1606 240 mu-

87 275 152 308 tua
181 270 391 316 collatione,
416 274 584 308 amanter
609 269 850 319 redarguant,
874 292 926 300 —
952 273 1028 315 aut,
1056 270 1087 308 si
1114 270 1154 308 id
1182 283 1257 307 non
1279 269 1438 321 possint,
1456 282 1475 305 a
1496 267 1606 305 nobis

87 334 253 372 vicissim
299 346 337 372 se
371 333 418 371 ad
451 334 611 371 eundem
646 335 798 372 modum
834 334 1007 383 redargui
1041 347 1088 372 ne
1122 341 1304 372 recusent.
1360 332 1474 370 Hunc
1510 331 1609 369 euim

88 399 336 450 componendi
379 398 530 436 modum
576 412 704 436 omnes
749 399 789 436 in
831 399 1011 448 religione
1058 399 1331 436 controversias
1367 401 1403 435 et
1441 396 1611 434 Christus

88 463 272 501 Dominus
306 468 342 501 et
377 463 454 500 eius
490 464 665 514 Apostoli
691 467 727 501 et
753 463 962 514 primaevae
989 467 1073 514 post
1102 463 1302 514 Apostolos
1331 461 1520 499 Ecclesiae
1545 473 1612 511 pa-

86 536 160 566 tres
196 527 397 565 orthodoxi
430 527 676 566 observarunt
713 528 896 577 nobisque
932 527 1208 564 observandum
1244 526 1320 564 suis
1357 524 1611 563 monumentis

87 591 407 630 commendarunt.
462 594 514 629 At
550 604 634 629 vero
673 591 768 629 nihil
804 592 928 628 minus
957 591 1126 640 cogitant
1154 591 1230 636 isti,
1256 590 1319 628 sed
1347 590 1398 627 cis
1427 589 1516 627 satis
1544 593 1615 633 cst,

86 656 118 693 si
153 656 364 707 Scripturas
400 670 421 694 a
449 656 560 694 nobis
588 656 801 706 detorqueri
829 656 988 693 clament
1015 655 1208 700 duntaxat,
1235 667 1377 704 nosque
1406 654 1476 690 hoc
1503 666 1609 704 prac-

84 723 188 758 textu
221 720 361 771 passim
398 721 658 764 condemnent,
694 719 838 757 etiamsi
875 719 969 756 nihil
998 719 1106 756 huius
1136 732 1290 769 usquam
1319 721 1613 754 commonstrare

83 785 242 835 possint.
297 784 402 822 Haec
437 784 511 821 illis
547 784 656 821 ruina
693 789 870 834 superest,
906 786 959 828 ut,
995 783 1081 819 dum
1110 783 1220 820 nobis
1250 783 1369 832 ipsam
1397 781 1612 831 Scripturac

83 850 324 888 autoritatem
359 850 498 900 eripere
530 861 607 887 non
640 853 793 899 queunt,
830 847 1040 897 detorqueri
1074 847 1177 883 illam
1213 860 1234 883 a
1262 846 1383 890 nobis,
1410 845 1524 882 nullis
1551 844 1610 881 in-

83 914 192 952 terim
226 915 320 952 loeis
356 927 513 965 usquam
542 912 854 957 commonstrans,
880 916 1055 962 perpetuo
1085 911 1256 949 clament.
1312 911 1539 961 Quanquam
1566 922 1614 946 ne

84 978 157 1016 hoc
190 978 340 1029 quidem
376 979 427 1016 eis
463 978 552 1015 satis
589 982 655 1022 est,
691 977 754 1014 sed
791 976 903 1013 altius
940 976 1062 1013 adhuc
1088 975 1300 1026 prosiliunt.
1355 975 1403 1012 Et
1431 974 1610 1024 quoniam

84 1043 224 1080 frustra
261 1056 299 1080 se
334 1042 372 1079 id
410 1042 538 1079 conari
572 1041 712 1086 vident,
748 1042 834 1089 (75)
869 1044 912 1077 ut
950 1040 1162 1090 Scripturas
1199 1052 1219 1076 a
1255 1038 1365 1076 nobis
1401 1037 1614 1088 detorqueri

84 1107 254 1152 doceant,
288 1107 380 1158 ipsis
417 1107 529 1144 etiam
566 1105 769 1156 Scripturis
805 1118 953 1142 omnem
990 1117 1117 1141 earum
1160 1104 1398 1141 autoritatem
1437 1103 1616 1151 derogare

84 1173 269 1218 nituntur,
295 1175 331 1210 et
359 1172 503 1215 dicunt,
531 1171 743 1221 Scripturas
769 1170 870 1221 ipsas
898 1182 976 1207 non
1002 1182 1112 1219 posse
1139 1169 1213 1206 nisi
1239 1168 1286 1206 ab
1315 1167 1483 1205 Ecclesia
1512 1180 1616 1205 suam

83 1237 322 1274 autoritatem
349 1237 530 1274 obtinere.
558 1237 682 1285 Atque
708 1234 761 1272 ita
788 1234 828 1272 in
856 1233 1033 1271 omnibus
1062 1233 1105 1271 de
1131 1233 1314 1282 religione
1341 1231 1617 1277 controversiis,

84 1315 161 1340 non
187 1306 262 1339 tam
289 1301 461 1352 equidem
490 1300 781 1351 Scripturarum,
808 1312 900 1350 quas
928 1299 1070 1350 alioqui
1098 1302 1230 1336 contra
1259 1311 1297 1335 se
1328 1298 1448 1334 facere
1476 1296 1617 1341 vident,

82 1379 193 1417 quam
230 1365 418 1403 Ecclesiae
451 1364 591 1416 potius,
627 1364 731 1402 cuius
766 1364 920 1402 titulum
956 1363 1104 1414 placitis
1142 1363 1375 1413 decretisque
1403 1362 1479 1400 suis
1505 1374 1614 1413 prae-

81 1430 256 1476 tendunt,
289 1429 475 1467 rationem
511 1429 551 1467 in
585 1429 715 1479 primis
752 1428 883 1466 haberi
910 1432 1081 1479 oportere
1108 1427 1353 1466 contendunt.
1409 1427 1616 1471 Caeterum,

84 1497 115 1534 si
143 1496 227 1546 quis
253 1495 302 1532 ad
329 1508 412 1532 eum
439 1494 592 1532 modum
621 1507 705 1532 cum
731 1493 823 1544 ipsis
851 1497 951 1543 agat,
975 1494 1022 1531 ad
1050 1506 1159 1543 quem
1187 1492 1343 1529 modum
1372 1505 1456 1529 cum
1486 1491 1612 1529 Mani-

84 1560 207 1598 chaeis
234 1559 470 1609 Augustinus
498 1559 617 1609 egisse
644 1558 804 1603 videtur,
832 1571 963 1609 nempe
988 1561 1031 1596 ut
1059 1558 1202 1595 nullam
1228 1570 1387 1607 usquam
1407 1556 1612 1593 Ecclesiam

83 1638 164 1663 esse
189 1626 321 1674 fingat,
347 1624 662 1675 quemadmodum
689 1623 923 1672 Augustinus
951 1623 1048 1674 apud
1079 1622 1320 1660 Manichaeos
1349 1622 1393 1659 de
1413 1621 1614 1672 Scripturis

81 1690 174 1740 ipsis
210 1703 248 1727 se
284 1689 454 1726 dubitare
492 1689 655 1733 simulat,
688 1688 789 1726 unde
825 1700 962 1738 quaeso
997 1688 1195 1725 iactatores
1223 1687 1411 1724 Ecclesiae
1436 1687 1513 1730 isti,
1540 1686 1615 1723 Ec-

85 1753 235 1791 clesiam
261 1766 353 1797 esse,
380 1766 427 1790 ne
453 1752 575 1791 dicam
603 1752 701 1802 apud
729 1765 767 1789 se
794 1765 884 1796 esse,
911 1752 1152 1803 probabunt?
1180 1753 1258 1789 Aut
1284 1751 1350 1788 ubi
1377 1751 1487 1789 nobis
1514 1751 1615 1788 illius

86 1817 270 1867 originem
295 1830 534 1867 progressum
563 1816 687 1854 sedem
715 1819 826 1867 atque
853 1816 1091 1854 autoritatem
1121 1816 1498 1853 commonstrabunt?
1552 1816 1617 1861 Et,

85 1884 128 1919 ut
155 1880 279 1918 verbis
307 1880 511 1930 Augustini
537 1883 634 1923 utar,
660 1879 700 1917 in
728 1880 984 1926 hominumue,
1010 1893 1059 1917 an
1086 1893 1171 1917 vero
1197 1880 1236 1917 in
1265 1879 1334 1917 Dei
1359 1880 1478 1930 ipsius
1502 1879 1614 1917 verbo

85 1944 293 1982 Ecclesiam
320 1945 632 1995 quae-(76)rent?
688 1944 727 1980 Si
756 1944 894 1990 dicant,
921 1944 962 1981 in
989 1944 1113 1981 verbis
1141 1944 1346 1989 hominum,
1372 1944 1439 1981 ubi
1465 1957 1614 1982 rursum

86 2010 126 2047 in
151 2014 256 2047 tanta
284 2014 467 2047 sectarum
494 2013 606 2059 atque
634 2008 850 2054 haeresewn,
870 2022 948 2046 sese
967 2008 1129 2046 invicem
1149 2009 1419 2054 damnantium,
1437 2009 1615 2047 varietate

86 2087 129 2112 ac
165 2074 408 2112 multitudine
443 2087 568 2112 veram
604 2073 714 2111 nobis
752 2073 958 2111 Ecclesiam
995 2074 1207 2121 ostendent,
1243 2087 1327 2111 cum
1362 2075 1504 2124 ubique
1541 2073 1615 2112 sint

88 2139 257 2176 homines
293 2142 329 2176 et
368 2150 477 2175 nemo
518 2150 601 2191 =non
635 2150 759 2176 veram
795 2137 894 2188 apud
931 2151 968 2175 se
1005 2137 1213 2175 Ecclesiam
1247 2151 1325 2175 esse
1359 2138 1468 2175 iuret.
1523 2137 1615 2175 Esto

88 2208 223 2248 autem,
258 2202 383 2240 nullae
418 2202 493 2240 sint
529 2206 651 2239 sectae
686 2206 796 2252 atque
833 2202 1001 2239 haereses
1037 2214 1207 2251 usquam,
1242 2202 1325 2252 quis
1363 2214 1431 2238 nos
1459 2201 1504 2239 de
1533 2215 1616 2239 vera

89 2266 258 2304 Ecclesia
297 2270 419 2303 certos
455 2265 567 2302 faciat
605 2265 684 2303 sine
725 2265 830 2302 verbi
869 2264 1000 2310 divini,
1034 2265 1075 2302 in
1104 2265 1305 2316 Scripturis
1333 2265 1485 2315 proditi,
1512 2265 1618 2302 testi·

87 2331 228 2376 monio,
265 2344 348 2369 cum
383 2336 418 2367 et
453 2330 660 2381 Prophetas
697 2343 826 2368 omnes
861 2331 902 2368 in
928 2330 1157 2374 universum,
1183 2330 1388 2380 quamlibet
1416 2331 1619 2367 concordes

88 2396 273 2439 homines,
307 2395 493 2432 mendacii
531 2398 691 2439 accuset,
727 2400 761 2432 et
800 2394 970 2431 Christus
1015 2394 1170 2444 ipsemet
1211 2395 1405 2440 Dominus,
1440 2394 1505 2445 qui
1540 2407 1617 2432 non

89 2461 201 2498 homo
237 2464 386 2498 tantum
422 2459 486 2497 sed
521 2458 623 2496 Deus
662 2471 810 2509 quoque
846 2463 913 2503 cst,
941 2471 1049 2495 suum
1076 2458 1206 2508 ipsius,
1234 2462 1416 2509 quatenus
1445 2458 1620 2503 hominis,

90 2526 135 2563 de
172 2538 210 2563 se
235 2524 495 2562 testimonium
521 2536 589 2574 pro
619 2523 738 2561 nihilo
768 2523 889 2569 ducat,
917 2523 948 2560 si
972 2535 1050 2560 non
1078 2523 1244 2560 divinum
1272 2524 1411 2573 pariter
1439 2524 1619 2562 coniunc-

88 2596 168 2628 tum
214 2588 378 2632 haberet,
413 2592 525 2639 atque
570 2588 707 2625 diserte
750 2593 872 2636 neget,
919 2588 1034 2625 ullum
1070 2601 1149 2625 csse
1193 2588 1346 2625 omnino
1394 2601 1498 2625 verae
1532 2587 1619 2625 fidei

90 2668 134 2694 ac
160 2654 316 2706 proinde
343 2666 449 2691 verae
476 2666 626 2703 quoque
653 2652 845 2690 Ecclesiae
871 2653 995 2690 locum
1023 2653 1120 2703 apud
1148 2666 1223 2698 cos,
1250 2653 1313 2703 qui
1342 2666 1443 2690 suam
1473 2653 1620 2689 abinvi-

92 2732 171 2757 cem
205 2722 424 2770 quaererent
460 2719 619 2767 gloriam
654 2723 764 2768 atque
800 2717 1063 2755 autoritatem?
1118 2718 1158 2755 Si
1192 2731 1277 2755 vero
1315 2717 1353 2755 in
1390 2718 1501 2754 verbo
1540 2716 1622 2762 Dei,

93 2783 294 2834 Scripturis
322 2783 461 2821 sanctis
489 2782 650 2834 prodito,
677 2786 732 2820 est
759 2782 968 2833 quaerenda
995 2781 1175 2827 Ecclesia,
1201 2781 1516 2833 quemadmodum
1533 2794 1622 2819 sane

94 2861 171 2886 non
206 2849 298 2886 alibi
333 2849 437 2886 illam
463 2856 499 2886 et
528 2847 806 2899 Scripturaruin
833 2851 867 2884 et
895 2846 1089 2897 ipsiusmet
1118 2846 1324 2885 catholicae
1352 2845 1539 2882 Ecclesiae
1566 2850 1620 2882 te·
