1818 3178
180 148 279 178 XLVI
810 140 1049 170 PRAEFATIO.

179 253 411 296 Helveticis
449 248 674 304 Theologis
705 247 744 287 in
777 244 1117 289 Sacramentario
1163 246 1418 299 argumento
1462 237 1679 280 consensio

177 324 367 367 omnibus
398 322 508 363 velut
538 322 576 361 in
609 318 749 360 oeulos
778 317 1024 359 incurreret.

667 498 716 542 C.
777 493 1189 540 GENUINA.

742 657 779 684 a.
838 628 1114 682 If'NEDmA.

232 763 268 803 7.
312 760 446 802 Emsrr.
479 773 533 801 AD
561 772 725 801 Amcnu
756 773 808 800 DE
843 769 985 799 VERBIS
1017 768 1175 797 COENAE
1211 754 1262 811 (a.
1298 754 1410 795 1544
1439 755 1614 812 script).

519 830 667 889 (LASCI
703 833 842 885 Opera.
875 828 974 871 Vol.
1004 827 1040 871 I.
1075 825 1331 882 5572-572.)

232 947 320 990 Iam
357 948 680 991 HARCKENROTH
712 949 750 990 in
784 946 890 990 Bibl.
924 960 997 988 sua
1029 943 1257 993 Bremensi,
1281 943 1489 999 huiusque
1517 943 1676 1000 ingres-

173 1033 242 1060 sus
272 1020 444 1076 vestigia
476 1018 717 1061 Gflmmsms
745 1021 786 1060 in
820 1017 982 1061 Scrinio
1003 1031 1077 1057 suo
1100 1015 1287 1057 litteratis
1309 1016 1407 1056 viris
1429 1015 1529 1057 haec
1550 1015 1677 1058 Lasci

173 1091 223 1133 ad
252 1091 512 1133 Pellicanum
546 1091 671 1133 verba
703 1089 881 1146 legenda
910 1087 1182 1130 exhibuerat:
1209 1108 1229 1133 η
1243 1085 1400 1142 Scripsi
1423 1102 1560 1143 nuper
1581 1087 1679 1144 Epi-

177 1186 198 1211 ῃ
217 1163 361 1205 stolam
410 1166 466 1205 ad
491 1165 656 1205 amicum
688 1164 875 1219 querclam
907 1163 1056 1202 doctam
1087 1162 1133 1201 cle
1163 1161 1289 1201 verbis
1324 1159 1487 1210 Comae,
1521 1160 1560 1200 in
1595 1175 1678 1215 qua

178 1259 199 1284 η
219 1250 423 1277 summam
457 1235 666 1277 doetrinae
689 1250 802 1277 meae
824 1249 913 1275 sum
939 1232 1192 1289 complexus.
1224 1231 1352 1273 Hanc
1370 1232 1405 1273 is
1425 1232 1678 1288 impugnare

179 1331 200 1356 n
220 1306 447 1349 conabatur
488 1322 532 1348 ear
563 1308 734 1350 Patrum
766 1311 803 1348 et
839 1306 1097 1347 Conciliorum
1129 1304 1359 1355 autoritate,
1393 1319 1473 1360 ego
1503 1319 1603 1346 vero
1632 1304 1680 1346 il-

179 1400 200 1425 η
220 1378 303 1420 lam
333 1385 546 1434 utcunque
576 1378 751 1421 defendi.
805 1377 945 1419 Huius
975 1377 1106 1432 igitur
1135 1375 1372 1431 exemplum
1407 1374 1457 1417 ad
1487 1381 1527 1417 te
1561 1376 1677 1418 mitto

179 1471 200 1497 n
219 1450 259 1491 in
291 1449 569 1491 testimonium
600 1450 751 1490 amoris
781 1463 883 1504 erga
914 1455 952 1489 te
982 1445 1107 1490 mei.''
1147 1445 1301 1489 Tribus
1331 1446 1569 1489 nominibus
1598 1446 1677 1489 hoc

175 1521 374 1576 scriptum
414 1535 540 1575 aegre
577 1519 892 1561 desiderandum
925 1526 965 1560 et
995 1517 1106 1574 quod
1138 1518 1351 1574 legeretur
1382 1517 1556 1574 dignum
1590 1534 1678 1560 esse

175 1590 404 1633 videbatur.
450 1590 552 1632 Erat
592 1591 801 1642 nimirum,
845 1597 891 1631 ut
931 1605 981 1631 ex
1011 1588 1144 1632 verbis
1173 1589 1304 1631 citatis
1335 1596 1459 1645 patet,
1491 1588 1677 1645 Epistola

175 1663 365 1718 privatim
399 1662 561 1718 quidem
594 1662 699 1712 data,
733 1661 802 1703 sed
834 1677 938 1718 quae
970 1669 1106 1703 tamen
1137 1661 1384 1703 universalis
1415 1663 1552 1717 potius
1574 1668 1678 1704 esset

176 1733 363 1775 habenda
393 1740 432 1775 et
462 1732 628 1789 publico
658 1733 773 1774 velut
802 1732 1002 1774 destinata
1033 1735 1139 1774 usui.
1192 1731 1266 1776 Sin
1298 1733 1450 1784 minus,
1484 1734 1680 1776 vetuisset

178 1804 379 1846 amicitiae
410 1804 484 1852 ius,
516 1819 621 1858 quae
651 1803 702 1845 ad
733 1819 863 1845 unum
893 1804 1044 1859 scripta
1075 1812 1208 1846 essent
1231 1819 1323 1846 cum
1352 1804 1544 1860 pluribus
1565 1819 1680 1847 cum-

178 1875 405 1923 municare,
451 1881 490 1916 et
535 1876 611 1928 Ep.
658 1877 705 1917 de
746 1877 886 1925 Coena,
931 1890 1055 1931 quam
1096 1876 1344 1931 scriptorum
1376 1875 1504 1918 Lasci
1534 1876 1679 1918 ordine

178 1961 219 1987 n.
254 1946 306 1987 18
346 1945 574 2000 posuimus,
617 1947 785 2002 egregie
833 1954 1045 2001 praeterea
1087 1945 1259 1996 docebit,
1302 1962 1325 1988 a
1356 1946 1482 1988 Lasci
1511 1962 1678 2003 quoque

178 2015 362 2058 moribus
400 2016 479 2057 hoc
523 2016 765 2071 neutiquam
810 2017 1083 2066 abhorruisse,
1116 2024 1162 2059 ut
1192 2016 1268 2059 sub
1299 2017 1512 2073 Epistolae
1544 2018 1679 2060 forma

178 2086 332 2142 publici
368 2087 470 2128 iuris
512 2101 628 2128 suam
676 2087 830 2129 faceret
872 2089 1129 2132 sententiam.
1191 2089 1339 2145 Auget
1383 2088 1507 2131 huius
1536 2089 1680 2146 scripti

176 2157 338 2214 pondus
367 2172 416 2199 ac
445 2166 700 2200 momentum
722 2160 932 2215 temporis,
958 2176 1041 2216 quo
1063 2161 1357 2203 concinnatum
1380 2167 1441 2204 est
1462 2160 1676 2213 indicium,

177 2228 286 2284 quod
326 2244 376 2270 ex
418 2228 602 2285 Epistola
637 2230 686 2272 ad
727 2230 988 2274 Pellicanum
1030 2232 1124 2275 data
1155 2232 1264 2275 haud
1296 2233 1491 2289 ambigue
1522 2232 1680 2289 colligi-

177 2306 258 2341 tur.
306 2299 379 2341 Est
410 2315 557 2356 nempe
587 2300 690 2343 haec
722 2302 771 2343 ad
803 2302 1066 2346 Pellicanum
1098 2305 1270 2360 epistola
1301 2304 1397 2347 data
1428 2303 1467 2348 d.
1501 2304 1553 2346 31
1589 2303 1678 2346 Au·

176 2377 283 2427 gust.
319 2372 445 2420 1544,
480 2379 520 2414 et
550 2371 598 2414 de
630 2374 801 2429 epistola
832 2374 882 2416 ad
914 2376 1106 2426 amicum,
1140 2377 1262 2419 cuius
1293 2377 1418 2418 mittit
1448 2375 1676 2432 exemplar,

175 2443 326 2485 talibus
370 2443 554 2499 loquitur
583 2444 729 2495 verbis,
763 2452 807 2487 ut
839 2448 1079 2502 nuperrime
1109 2463 1198 2490 eam
1233 2448 1505 2504 compositam
1536 2447 1675 2498 fuisse,

175 2512 498 2554 luculentissime
544 2523 753 2570 appareat.
817 2515 959 2569 Quum
1001 2518 1129 2574 igitur
1174 2535 1195 2560 e
1235 2520 1376 2575 priore
1417 2518 1540 2560 Lasci
1571 2519 1679 2561 vitae

174 2584 305 2639 spatio
348 2590 431 2624 tam
463 2599 610 2639 parum
643 2585 706 2627 vel
738 2587 872 2641 potius
902 2588 1078 2631 nihilum
1109 2589 1196 2632 fere
1225 2591 1342 2632 nobis
1374 2590 1588 2647 cognitum
1621 2605 1681 2632 es·

175 2660 246 2705 set,
272 2654 423 2694 summi
445 2655 564 2709 pretii
595 2656 902 2709 documentum,
935 2660 968 2700 si
999 2660 1163 2715 quando
1195 2662 1468 2713 inveniretur,
1501 2661 1604 2703 haec
1625 2663 1681 2703 ad

173 2725 336 2766 amicum·
380 2727 571 2780 quendam
617 2728 805 2780 Epistola
846 2729 1032 2772 habenda
1062 2739 1178 2784 esset,
1225 2734 1379 2789 quippe
1412 2748 1519 2788 quae
1551 2732 1680 2775 Lasci

174 2802 273 2837 tunc
321 2797 519 2852 temporis
558 2796 608 2838 de
650 2797 791 2840 Coena
831 2802 1076 2844 sententiam
1120 2810 1214 2859 apte
1256 2811 1298 2845 et
1340 2803 1518 2846 dilucide
1559 2802 1677 2846 nobis

174 2866 363 2924 aperiret.
423 2866 546 2921 Quod
577 2868 754 2925 denique
785 2873 1111 2927 praetermittere
1140 2874 1264 2917 nolo:
1299 2882 1343 2918 ut
1373 2891 1425 2918 ex
1454 2875 1578 2918 titulo
1609 2891 1680 2932 pa-
