1818 3178
423 153 474 179 1>ss
502 152 786 180 SACRAMENTIS
815 151 1032 180 ηοω-,51η
1061 151 1238 180 onnlsrl.
1522 144 1593 180 193

66 267 163 298 nem,
198 261 376 305 tanquam
405 253 554 302 signum
593 254 639 292 ad
675 267 829 293 coenam
865 254 1066 306 pertinens,
1093 254 1285 292 observari
1319 254 1462 292 volunt.
1518 253 1591 291 Sed

64 332 134 357 nos
163 319 296 357 collata
324 317 653 367 Euangelistarum
681 320 894 358 narratione
923 320 1103 365 videmus,
1138 323 1214 357 tres
1240 319 1319 357 illic
1347 318 1486 357 Christi
1513 317 1591 356 Do-

64 384 159 422 mini
195 383 359 422 diversas
396 383 494 421 inter
530 397 569 421 se
596 384 774 423 actiones.
829 384 999 432 Pri-(fol.
1029 385 1228 432 93b)mam,
1262 384 1366 434 Agni
1400 383 1592 422 Paschalis

65 460 231 486 coenam.
285 447 465 491 Alteram,
502 448 637 498 pedum
674 449 979 499 Apostolicorum
1014 448 1193 486 lotionem
1221 448 1286 498 (ad
1324 449 1420 487 hanc
1446 448 1545 486 enim
1572 463 1593 485 a

65 523 193 548 mensa
221 509 426 547 Dominum
462 510 666 549 surrexisse
693 511 855 549 Ioannes
882 513 1069 559 testatur).
1126 510 1304 558 Tertiam,
1332 524 1467 549 coenae
1495 524 1594 557 suae,

65 575 154 613 novi
189 575 342 625 inquam
380 575 623 622 Testamenti,
659 575 949 620 institutionem,
984 575 1032 613 ad
1068 589 1174 627 quam
1213 576 1300 614 lotis
1334 577 1408 614 iam
1435 576 1592 627 pedibus

63 639 293 690 Apostolicis
329 640 602 691 resumptisque
638 654 786 678 rursum
821 639 989 678 vestibus
1016 639 1223 678 Dominum
1248 653 1489 692 progressum
1515 654 1594 679 esse

64 702 261 754 denuoque
294 717 444 742 mensae
470 704 689 742 accubuisse
719 704 898 742 videmus.
951 704 1000 742 In
1029 704 1098 741 hoc
1124 704 1242 754 igitur
1269 705 1383 743 altero
1412 705 1460 742 ad
1488 718 1591 742 men-

64 781 144 806 sam
179 768 366 814 accubitu,
403 782 476 807 non
516 773 640 807 autem
674 773 795 815 antea,
831 781 985 806 coenam
1020 782 1041 807 a
1078 769 1242 807 Domino
1277 769 1488 807 institutam
1515 783 1595 808 esse

63 831 244 879 videmus,
270 838 312 871 ut
341 846 460 884 neque
487 833 576 882 agni
603 833 792 871 Paschalis
821 845 950 877 coena,
977 846 1098 884 neque
1123 833 1214 871 item
1239 834 1375 885 pedum
1403 833 1468 872 illa
1487 833 1594 878 lotio,

64 897 111 934 ad
142 910 277 935 coenae
305 897 514 935 dominicae
543 898 688 946 signum
718 897 849 935 referri
876 896 1141 948 quoquomodo
1169 897 1299 948 possit.

116 961 189 999 Sed
226 961 288 999 hic
325 962 493 999 nondum
530 966 674 1000 cessant
711 962 885 1013 quidam,
921 966 957 1000 et
992 963 1116 1013 plures
1151 963 1396 1001 nihilominus
1425 963 1528 1001 cibos
1555 963 1593 1000 in

65 1039 200 1064 coenae
237 1026 458 1064 Dominicae
494 1040 563 1065 usu
591 1026 826 1064 adhibendos
854 1040 933 1065 esse
960 1031 1106 1078 putant,
1133 1027 1234 1078 quod
1264 1027 1433 1066 Christus
1461 1027 1592 1065 Domi-

64 1104 136 1128 nus
165 1090 286 1128 denuo
314 1091 361 1128 ad
389 1103 556 1128 mensam
582 1089 800 1129 accubuisse
827 1096 938 1142 atque
966 1091 1160 1142 Apostolis
1187 1091 1437 1138 vescentibus,
1471 1097 1513 1130 ut
1542 1092 1594 1129 ait

67 1155 271 1200 Mattheus,
298 1168 451 1193 coenam
480 1168 584 1192 suam
611 1155 819 1193 instituisse
846 1156 1004 1204 legatur.

115 1223 168 1258 At
203 1233 288 1258 vero
325 1233 401 1258 non
428 1219 512 1257 idco
540 1220 695 1258 efficitur
722 1220 815 1258 alios
844 1220 948 1258 cibos
975 1234 1047 1271 pro
1077 1233 1211 1259 coenae
1238 1220 1459 1259 Dominicae
1487 1221 1594 1270 signo

65 1283 298 1322 adhibendos
343 1297 422 1322 csse
467 1285 506 1321 in
550 1284 652 1321 illius
697 1284 1035 1330 administratione,
1079 1284 1181 1336 quod
1221 1284 1405 1323 Dominus
1444 1298 1595 1324 coenam

66 1361 172 1385 suam
206 1347 403 1385 edentibus
439 1347 588 1398 quidvis
623 1347 725 1385 aliud
765 1347 959 1399 discipulis
1003 1349 1247 1396 instituisset,
1280 1349 1353 1387 nisi
1401 1350 1597 1396 doceatur,

63 1411 169 1449 illum
213 1412 260 1449 ab
298 1411 381 1449 aliis
418 1411 511 1449 cibis
545 1412 620 1449 illis
658 1425 810 1450 coenam
845 1426 950 1450 suam
987 1413 1219 1464 auspicatum
1255 1427 1346 1453 esse.
1401 1414 1446 1452 Id
1483 1427 1595 1466 porro

64 1477 155 1514 adeo
185 1476 310 1514 doceri
339 1489 414 1514 non
444 1477 598 1528 po-(fol.
629 1479 801 1525 942¹)test,
828 1482 869 1516 ut
895 1478 1007 1528 plane
1037 1478 1225 1516 diversum
1252 1492 1297 1517 ex
1324 1477 1479 1517 Paulina
1510 1494 1594 1517 nar-

64 1543 209 1581 ratione
245 1542 433 1588 doceatur,
469 1556 601 1594 nempe
638 1543 831 1582 Christum
866 1543 1085 1590 Dominum,
1119 1545 1265 1582 etiamsi
1302 1545 1475 1597 discipuli
1510 1550 1595 1596 post

64 1620 203 1645 novum
232 1608 338 1645 illum
365 1608 444 1645 eius
471 1608 686 1646 accubitum
713 1608 785 1646 alia
813 1622 962 1660 quoque
989 1609 1165 1656 edissent,
1192 1623 1269 1647 non
1296 1615 1420 1648 tamen
1447 1610 1494 1647 ab
1513 1610 1595 1648 aliis

67 1671 159 1708 cibis
188 1671 272 1709 ullis
302 1685 456 1710 coenam
483 1686 588 1710 suam
616 1673 850 1723 auspicatum
878 1687 980 1720 esse,
1007 1673 1070 1712 sed
1099 1674 1146 1711 ab
1173 1674 1254 1725 ipsa
1281 1674 1390 1725 panis
1408 1687 1451 1711 ac
1472 1675 1596 1725 poculi

66 1748 201 1774 coenae
237 1735 276 1773 in
313 1749 446 1774 manus
484 1750 569 1774 suas
599 1739 821 1788 sumptione,
847 1738 1053 1787 gratiarum
1081 1739 1240 1783 actione,
1269 1738 1534 1777 distributione
1561 1746 1597 1777 et

66 1801 335 1852 Apostolorum
360 1801 656 1853 participatione.
713 1802 896 1840 Dominus
925 1803 1041 1848 Iesus,
1068 1804 1204 1854 inquit,
1239 1803 1279 1841 in
1306 1816 1347 1841 ea
1374 1809 1496 1850 nocte,
1523 1817 1594 1854 qua

65 1865 223 1904 traditus
260 1869 328 1910 est,
363 1866 505 1917 accepit
542 1880 674 1917 panem
711 1872 780 1905 ete.
835 1867 893 1906 Ex
921 1868 991 1905 hac
1019 1882 1107 1906 sane
1135 1868 1353 1919 Apottolica
1382 1868 1594 1906 narratione

67 1930 270 1968 clarissime
297 1936 461 1982 apparet,
498 1930 700 1970 Dominum
729 1932 776 1969 ab
802 1932 882 1983 ipsa
909 1933 1017 1984 panis
1044 1933 1084 1971 in
1111 1946 1244 1971 manus
1272 1942 1356 1970 suas
1385 1933 1596 1983 sumptione

66 1999 102 2033 et
128 1995 335 2044 gratiarum
371 1995 519 2033 actione
555 2009 710 2033 coenam
746 2010 851 2034 suam
885 1997 1085 2047 mysticam
1113 1997 1202 2035 novi
1229 1997 1443 2035 testamenti
1469 1996 1594 2048 auspi-

68 2063 189 2097 catum
227 2072 327 2106 esse3
361 2064 398 2097 et
430 2060 600 2110 proinde,
634 2061 734 2111 quod
761 2061 823 2098 ille
858 2061 898 2098 in
927 2061 1035 2111 signo
1064 2062 1145 2112 ipso
1176 2074 1312 2099 coenae
1339 2074 1426 2098 suae
1454 2060 1596 2098 censeri

68 2123 208 2167 noluit,
244 2137 312 2161 nos
349 2137 497 2175 quoque
522 2137 589 2175 pro
618 2124 725 2174 signo
754 2125 855 2163 illius
884 2126 1018 2163 habere
1046 2139 1122 2163 non
1150 2125 1340 2172 debemus,
1374 2125 1493 2162 multo
1521 2125 1593 2162 mi-

68 2199 137 2224 nus
175 2190 297 2224 autem
327 2200 456 2236 urgere
483 2191 661 2239 tanquam
689 2189 950 2233 necessarium,
989 2202 1073 2227 cnm
1100 2189 1140 2227 in
1167 2189 1271 2226 nulla
1299 2188 1509 2227 dominicae
1536 2189 1594 2226 in·

68 2250 278 2288 stitutionis
315 2256 416 2301 parte
459 2252 611 2303 reperiri
655 2254 786 2304 possit.
841 2253 912 2291 Sed
948 2267 988 2291 ea
1025 2258 1171 2291 tantum
1207 2266 1275 2304 pro
1311 2253 1418 2303 signo
1460 2266 1595 2291 coenae

69 2315 290 2354 Dominicae
316 2309 486 2367 reputare
516 2316 704 2363 debemus,
737 2331 829 2369 quae
857 2323 941 2369 post
969 2323 1159 2369 acceptum
1188 2318 1226 2355 in
1253 2331 1386 2356 manus
1415 2332 1500 2356 suas
1527 2331 1592 2369 pa-

68 2394 155 2419 nem
181 2394 224 2419 ac
252 2381 427 2432 poculum
455 2395 601 2427 coenae,
629 2388 804 2434 aetasque
832 2382 909 2421 Deo
938 2383 1034 2434 patri
1061 2383 1214 2432 gratias,
1240 2382 1445 2421 Dominum
1472 2383 1595 2434 ipsum

69 2445 201 2485 fecisse
228 2459 313 2484 cum
340 2446 532 2497 Apostolis
560 2447 637 2485 suis
665 2447 845 2486 videmus.

120 2511 182 2549 Ab
225 2511 307 2563 ipsa
351 2511 468 2560 igitur
501 2511 610 2563 panis
644 2516 679 2550 et
715 2512 841 2562 poculi
875 2512 915 2550 in
951 2525 1086 2550 manus
1121 2511 1339 2550 Dominicas
1385 2511 1596 2563 sumptione

69 2588 205 2615 coenae
233 2577 442 2615 dominicae
469 2577 621 2626 signum
649 2577 847 2616 observare
875 2577 1064 2625 debemus,
1099 2584 1135 2617 et
1170 2576 1209 2617 id
1245 2580 1355 2618 nobis
1391 2579 1431 2618 in
1459 2592 1595 2618 coenae

70 2640 225 2689 do-(fol.
268 2641 515 2687 94b)1ninicae
542 2640 867 2680 administratione
893 2642 1108 2680 faciendum
1135 2657 1213 2681 esse
1241 2648 1458 2688 statuemus,
1493 2645 1594 2681 iuxta,

70 2705 286 2743 mandatum
320 2705 412 2743 illud
462 2706 564 2743 ahoe
601 2705 749 2751 facite”,
787 2707 888 2757 quod
925 2707 1115 2745 Christum
1149 2707 1354 2747 Dominum
1382 2714 1527 2760 sumpto
1556 2709 1594 2746 in

68 2781 203 2807 manus
246 2783 342 2821 pane
377 2783 420 2808 ac
446 2770 580 2821 poculo
609 2783 745 2808 coenae
771 2770 914 2817 fecisse,
940 2771 1044 2809 iuxta
1071 2771 1399 2823 Euangelistarum
1427 2778 1461 2810 et
1489 2772 1594 2810 Pauli

69 2834 332 2881 narrationem,
359 2835 640 2886 Apostolosque
665 2835 784 2886 ipsius
812 2835 960 2874 demum
987 2837 1098 2875 etiam
1126 2838 1342 2876 observasse
1369 2837 1550 2875 videmus.

119 2898 301 2938 Videmus
335 2904 460 2939 autem
496 2900 587 2939 haec
621 2914 642 2939 a
678 2899 841 2940 Domino
877 2901 919 2940 in
954 2901 1033 2953 ipsa
1068 2915 1206 2942 coenae
1239 2902 1478 2942 institutione
1513 2905 1595 2940 acta

119 2961 155 3002 I.
1403 2968 1449 3004 13
