1818 3178
177 102 248 137 512
825 110 883 137 ΕΡ.
912 109 1056 137 Doc'ra.

176 219 337 261 constat,
363 214 474 252 etiam
502 213 717 264 priusquam
746 213 980 251 circumcisio
1007 214 1195 251 exstaret?
1223 214 1385 252 Rursum
1419 214 1483 265 qui
1511 213 1550 251 111
1570 214 1695 252 Coena

176 279 329 317 Domini
356 277 673 329 metamorphoses
693 277 873 327 quasdam
894 277 1096 319 somniant,
1113 277 1212 314 unde
1230 278 1416 315 docebunt
1440 290 1591 314 coenam
1611 277 1696 314 ideo

175 343 386 381 institutam
413 355 506 386 esse,
532 345 573 379 ut
599 346 720 378 vertat
746 354 869 379 rerum
897 341 1050 391 species,
1078 353 1162 378 cum
1190 345 1330 379 certum
1349 343 1397 380 sit
1416 354 1544 380 verum
1556 341 1697 379 Christi

175 406 330 444 Domini
367 418 499 455 corpus
536 404 700 456 coepisse
735 418 816 442 0550
841 409 928 442 ante
955 417 1075 442 annos
1103 404 1446 455 millequingentos,
1471 410 1507 443 et
1532 405 1584 442 ita
1613 417 1697 442 coe-

174 471 274 522 pisse
301 472 342 507 ut
369 482 571 520 numquam
598 468 757 519 amplius
785 469 930 506 desinat
957 482 1049 514 esse,
1075 469 1211 506 nedum
1233 473 1273 506 ut
1289 469 1403 506 ullam
1420 469 1698 520 metamorpho-

177 534 235 572 sin
271 533 469 571 admittat?
523 533 572 571 Et
599 537 723 570 tamen
754 533 919 570 videmus
947 538 1123 583 quantam
1154 533 1263 570 nobis
1290 533 1542 571 idololatriam
1569 533 1698 585 prodi-

175 599 281 648 giosa
316 598 384 635 illa
411 598 786 635 transsubstantiatio
815 602 896 636 toto
924 598 1193 649 propemodum
1221 603 1403 635 terrarum
1431 598 1521 635 orbe
1548 598 1701 643 invexit,

178 676 290 714 quam
317 662 490 713 equidem
517 661 565 699 iis
593 662 830 712 potissimum
857 662 1049 707 debemus,
1075 661 1141 712 qui
1167 662 1208 700 in
1237 675 1348 700 causa
1376 663 1700 700 Sacramentorum

176 726 327 777 quidvis
365 725 438 763 sibi
464 725 568 763 aliud
593 725 719 776 potius
747 738 859 776 quam
886 727 999 763 finem
1026 726 1134 762 illum
1159 728 1314 776 propter
1340 738 1450 775 quem
1478 729 1565 762 sunt
1592 726 1702 763 insti-

176 793 258 827 tuta
293 788 515 827 intuendum
552 802 631 826 esse
666 791 860 840 putarunt.
914 789 1043 827 Quare
1070 796 1140 827 nos
1167 794 1412 827 sacramenta·
1427 788 1551 826 omnia
1578 803 1600 826 a
1626 789 1701 826 fine

175 853 415 904 potissimum
451 852 732 890 aestimabimus
768 856 921 903 propter
957 866 1068 903 quem
1110 856 1197 890 sunt
1234 853 1420 898 instituta,
1455 857 1491 891 et
1527 852 1599 890 hoc
1624 852 1700 890 illis

176 917 397 961 tribuemus.
423 916 525 968 quod
552 916 619 954 fini
644 916 714 960 illi,
740 921 892 967 propter
920 929 1028 966 quem
1058 921 1148 954 sunt
1172 916 1358 961 instituta,
1378 917 1582 968 scripturae
1595 916 1702 954 testi-

177 982 305 1020 monio
343 981 545 1019 viderimus
582 981 804 1019 subservire.
857 981 1051 1019 Praeterea
1087 981 1183 1019 nihil
1217 994 1305 1019 vero
1341 981 1533 1025 addemus,
1568 985 1611 1019 ut
1637 981 1702 1032 qui

179 1047 288 1086 nobis
324 1047 364 1085 id
396 1047 633 1098 potissimum
669 1046 936 1097 praestandum
974 1060 1053 1085 esse
1078 1051 1263 1098 putemus,
1292 1050 1332 1084 ut
1359 1060 1453 1098 quae
1480 1051 1584 1085 extra
1611 1059 1704 1084 con-

177 1111 400 1152 troversiam
436 1114 537 1148 certa
573 1115 674 1154 sunt,
708 1123 750 1148 ea
778 1111 857 1148 sola
885 1110 1077 1149 Ecclesiae
1104 1116 1253 1149 nostrae
1278 1111 1481 1157 tradamus,
1518 1111 1703 1149 neminem

178 1176 329 1214 interim
372 1175 598 1219 iudicantes,
641 1187 761 1224 neque
798 1174 870 1211 hoc
906 1175 1060 1213 nomine
1096 1174 1312 1212 scindentes
1349 1174 1568 1218 Ecclesiam,
1604 1174 1704 1225 quod

180 1254 275 1291 quae
310 1240 374 1278 alii
410 1240 472 1277 hic
504 1240 700 1284 affirmant,
735 1252 804 1276 nos
840 1239 1061 1288 attingenda
1099 1239 1209 1277 nobis
1244 1252 1322 1277 non
1358 1253 1438 1277 esse
1465 1239 1711 1280 arbitramur.

179 1307 252 1345 Est
278 1310 400 1344 autem
431 1304 561 1343 eadem
588 1303 685 1341 ratio
713 1303 881 1341 omnium
910 1307 1228 1341 sacramentorum
1258 1303 1394 1341 veteris
1421 1307 1458 1341 et
1485 1316 1604 1340 novae
1629 1302 1705 1339 Ec-

180 1369 327 1415 clesiae,
353 1372 406 1415 ut,
433 1366 747 1419 quemadmodum
771 1380 901 1405 omnes
928 1367 1196 1418 promissiones
1224 1367 1414 1405 Christum
1434 1367 1638 1412 intuentur,
1652 1366 1707 1405 ita

179 1442 217 1472 et
244 1437 487 1480 sacramenta,
515 1445 598 1469 011111
626 1431 701 1469 51111
727 1431 1018 1483 promissionum
1045 1431 1281 1482 appendices,
1309 1432 1449 1469 Christi
1485 1431 1705 1469 beneficium

180 1498 301 1537 oculis
328 1497 467 1536 nostris
493 1500 717 1548 proponant.
764 1496 877 1533 Unde
903 1499 940 1534 et
965 1496 1101 1534 Paulus
1128 1502 1252 1547 patres
1279 1500 1428 1534 nostros
1455 1496 1611 1534 eandem
1638 1509 1708 1534 no-

181 1563 327 1601 biscum
355 1575 477 1600 escam
505 1561 638 1606 edisse,
664 1561 837 1612 idemque
863 1561 1039 1612 poculum
1069 1561 1261 1612 spirituale
1279 1561 1420 1599 bibisse
1439 1561 1558 1607 docet,
1578 1575 1710 1612 nempe

183 1628 387 1670 Christum,
414 1631 495 1664 tum
523 1625 672 1676 quidem
701 1626 939 1676 promissum,
967 1639 1067 1663 nunc
1094 1639 1180 1663 vero
1209 1626 1284 1663 iam
1300 1626 1522 1664 exhibitum.
1550 1626 1590 1663 Is
1609 1626 1709 1664 enim

187 1693 289 1730 solus
324 1698 392 1736 est,
428 1690 492 1741 qui
524 1690 564 1727 in
600 1689 730 1739 anguli
767 1689 887 1741 capite
924 1690 1141 1735 collocatus,
1175 1690 1369 1740 utriusque
1395 1689 1544 1740 parietis
1570 1689 1712 1740 lapides

187 1757 239 1794 ita
276 1755 477 1799 connectit,
513 1760 553 1792 ut
590 1766 718 1791 omnes
754 1753 794 1791 in
830 1753 896 1790 illo
934 1754 1015 1791 solo
1053 1753 1169 1791 simus
1194 1753 1269 1791 iam
1297 1753 1366 1790 filii
1398 1753 1475 1798 Dei,
1501 1753 1712 1804 quicunque

188 1821 254 1857 illo
300 1819 494 1862 vescimur,
535 1818 611 1855 sive
644 1817 827 1861 exhibito,
863 1817 940 1855 sive
972 1819 1172 1868 promisso.
1226 1817 1444 1868 Proponunt
1480 1831 1566 1855 vero
1601 1818 1713 1856 nobis

190 1885 431 1921 Sacramenta
466 1880 691 1919 beneficium
718 1881 871 1927 Christi,
897 1894 975 1919 non
1002 1881 1109 1932 quasi
1136 1881 1288 1919 Christo
1315 1884 1402 1919 ante
1430 1894 1537 1919 usum
1562 1882 1713 1919 illorum

190 1947 437 1986 caruissemus
463 1968 515 1975 —
540 1945 681 1996 alioqui
707 1959 825 1983 vanae
850 1949 974 1984 essent
1000 1945 1282 1997 promissiones,
1301 1959 1394 1996 quae
1413 1959 1556 1997 semper
1573 1947 1715 1997 priores

193 2010 442 2050 Sacramentis
468 2010 632 2054 fuerunt,
656 2031 708 2039 —
735 2009 798 2047 sed
816 2009 935 2047 0011115
957 2009 1095 2048 nostris
1114 2013 1344 2061 proponunt,
1364 2009 1465 2060 quod
1486 2010 1714 2061 apprehensa

192 2090 257 2128 per
283 2075 395 2113 fidem
422 2074 672 2125 promissione
698 2074 773 2111 iam
801 2078 972 2113 nostrum
999 2077 1078 2112 erat
1106 2087 1261 2125 eamque
1286 2074 1405 2125 ipsam
1423 2075 1715 2125 promissionum

193 2141 318 2186 fidem,
355 2139 444 2176 dum
484 2139 525 2176 111
562 2139 692 2176 0011105
727 2138 938 2183 1110111111111,
974 2139 1013 2177 111
1041 2138 1176 2177 animis
1204 2138 1343 2176 nostris
1370 2137 1555 2176 renovant
1584 2142 1620 2176 et
1647 2138 1717 2176 ob-

188 2205 360 2254 signant,
385 2203 534 2254 quoties
561 2202 639 2240 illis
665 2202 806 2241 utimur
833 2203 940 2240 iuxta
966 2202 1118 2240 Domini
1146 2202 1436 2240 institutionem.
1491 2202 1553 2239 Sic
1579 2202 1717 2240 Paulus

195 2267 517 2306 circumcisionem
555 2270 759 2317 σφρκγῖὲει
794 2267 955 2317 appellat
991 2267 1068 2304 eius
1104 2266 1281 2310 iustitiae,
1318 2266 1352 2304 h.
1379 2280 1424 2312 e.,
1451 2266 1718 2317 acceptationis

195 2333 235 2370 in
263 2331 425 2380 gratiam
452 2330 535 2376 Dei,
561 2344 656 2381 quac
682 2344 746 2382 per
773 2331 883 2368 fidem
912 2331 1215 2382 apprehenditur.
1242 2332 1291 2369 Et
1321 2331 1457 2369 diserte
1484 2331 1561 2369 eius
1579 2331 1720 2381 gratiae

196 2395 483 2447 applicationem
520 2395 567 2432 ab
603 2395 683 2445 ipsa
723 2394 1009 2433 circumcisione
1045 2395 1237 2439 discernit,
1273 2399 1315 2432 ut
1350 2395 1607 2432 Abrahamum
1633 2395 1718 2443 (22)

197 2459 367 2508 gentium
393 2471 539 2509 quoque
566 2462 709 2509 patrem
736 2458 862 2504 faciat,
897 2472 1053 2509 quarum
1089 2460 1257 2510 profecto
1294 2462 1399 2510 pater
1426 2472 1504 2496 esse
1530 2471 1606 2496 non
1632 2471 1720 2508 pos·

200 2527 268 2569 set,
305 2522 336 2560 si
371 2522 578 2573 acceptatio
616 2522 767 2560 seminis
805 2523 863 2560 sui
897 2523 937 2561 in
972 2523 1133 2573 gratiam
1159 2522 1230 2560 Dei
1259 2523 1554 2568 circumcisione,
1579 2535 1622 2560 ac
1644 2535 1720 2559 non

199 2588 325 2639 potius
361 2585 610 2637 promissione
645 2599 708 2637 per
743 2586 857 2624 fidem
892 2587 1121 2638 apprehensa
1158 2587 1322 2625 familiae
1348 2600 1436 2625 suae
1462 2586 1722 2637 applicaretur.

201 2651 306 2688 Solet
332 2649 481 2701 quidem
510 2650 692 2701 scriptura
721 2650 1043 2689 circumcisionem
1070 2650 1200 2689 foedus
1228 2664 1373 2697 vocare,
1392 2650 1614 2701 baptismum
1634 2649 1723 2687 item

201 2713 495 2764 regenerationis
529 2714 733 2760 lavacrum,
769 2728 922 2753 coenam
958 2716 1125 2767 corporis
1160 2720 1196 2754 et
1232 2715 1424 2765 sanguinis
1453 2714 1593 2751 Christi
1622 2726 1725 2751 com-

202 2781 432 2826 munionem,
459 2779 523 2817 sed
549 2791 627 2816 non
653 2779 726 2816 alio
755 2793 868 2818 sensu
895 2786 1006 2831 quam
1034 2780 1283 2830 Euangelium
1307 2778 1475 2830 potentia
1501 2778 1548 2816 ad
1568 2778 1724 2816 salutem

204 2845 306 2883 omni
335 2843 498 2883 credenti
527 2846 694 2882 vocatur.
723 2844 856 2895 Neque
884 2857 971 2882 vero
1001 2857 1189 2883 servamur
1216 2842 1415 2891 Euangelii
1435 2843 1727 2893 praedicatione,
