1818 3178
188 140 275 168 Lxu
815 131 1054 159 PRAEFATIO.

183 244 303 286 etiam
344 247 465 283 notae
507 238 697 280 videntur
736 252 795 284 ea,
837 250 941 290 quae
971 233 1020 275 de
1053 231 1336 274 controversia
1367 231 1691 273 sacramentaria

184 314 321 370 prouti
351 313 479 353 otium
512 308 686 350 dabatur
716 307 1036 348 concinnaverat
1066 309 1206 344 noster
1236 309 1276 344 et
1305 308 1690 343 commemorantur

183 385 223 426 in
271 383 346 438 Ep.
388 380 437 422 ad
481 377 846 433 ilardenbergium
879 376 917 420 d.
952 378 1003 417 29
1036 373 1127 421 Ian,
1162 375 1271 414 1548
1305 372 1398 413 data
1430 371 1492 413 his
1523 371 1686 415 verbis:

186 454 431 500 nHaberem
462 465 558 492 sane
589 464 694 504 quae
725 448 796 490 tibi
826 449 867 490 in
900 455 971 490 tua
1000 446 1091 488 istic
1122 459 1244 486 causa
1269 444 1364 485 usui
1386 450 1520 486 essent
1541 444 1690 486 fortas-

184 548 204 573 η
229 541 282 567 se.
343 522 424 566 Sed
455 522 556 563 haec
585 521 625 562 in
658 520 808 561 chartis
837 519 896 561 ita
927 518 1108 574 dispersa
1139 523 1246 566 sunt,
1281 522 1325 557 ut
1356 531 1438 557 non
1462 516 1582 558 facile
1605 515 1690 558 col-

184 617 204 640 η
226 595 297 650 ligi
327 593 494 649 possint,
527 590 660 632 multo
692 590 828 632 minus
861 598 998 631 autem
1029 586 1250 637 describi‚''
1285 589 1314 642 1)
1379 586 1596 640 Quantum
1630 587 1689 629 vi-

181 666 255 707 deo
286 665 325 705 in
358 662 496 705 libello
526 678 602 704 suo
633 664 679 704 {Ze
709 662 979 711 sacramentis,
1014 675 1049 701 a.
1086 658 1195 700 1552
1227 657 1347 709 edito,
1378 674 1454 700 suo
1476 657 1567 701 loco
1588 658 1690 702 haec

180 736 323 778 ordine
354 734 510 791 digesta
543 734 775 775 inseruerit.

237 821 270 848 e.
303 805 525 858 Descriptio
556 807 899 851 caeremoniarum,
930 816 1032 857 quae
1063 801 1172 853 apud
1199 801 1367 841 Emdan.
1400 801 1508 842 Eecl.
1541 801 1687 843 obtine-

179 881 272 920 bant
321 878 372 934 (a.
409 877 534 932 1548)
567 877 609 918 A
652 875 885 919 Cramnero
917 875 955 915 in
989 872 1192 928 Angliam
1228 880 1409 922 vocatus,
1443 873 1688 929 priusquam

179 950 397 1000 traiiceret,
431 947 802 994 caeremoniarum,
836 960 937 1000 quas
968 943 1126 986 Emdae
1157 943 1411 994 instituisset,
1445 943 1612 986 schema
1638 944 1690 986 ad

181 1019 523 1062 cantuariensem
572 1016 943 1072 Archiepiscopum
987 1014 1107 1066 misit,
1141 1029 1190 1055 eo
1221 1013 1460 1056 hauddubie
1501 1013 1688 1066 consilio,

181 1097 226 1132 ut
255 1089 535 1131 Ecclesiarum
569 1086 939 1144 gubernandarum
970 1101 1044 1127 sua
1075 1085 1180 1127 ratio
1211 1083 1263 1126 ab
1294 1086 1407 1127 omni
1438 1095 1556 1141 parte
1597 1085 1690 1127 An-

180 1161 261 1219 glis
303 1162 576 1203 innotesceret
614 1175 749 1216 neque
794 1159 966 1215 posthac
1018 1156 1309 1200 fraudulenter
1354 1158 1599 1214 imposuisse
1641 1158 1690 1200 iis

182 1232 402 1274 videretur.
466 1232 605 1273 Huius
646 1246 812 1288 quoque
853 1230 991 1285 scripti
1036 1229 1288 1276 mentionem
1325 1229 1421 1272 facit
1454 1230 1493 1271 in
1527 1228 1602 1285 Ep.
1639 1229 1690 1271 ad

182 1303 393 1346 Hardenb.
428 1319 462 1346 a.
500 1304 607 1345 1548
640 1302 746 1353 data,
781 1301 849 1343 ubi
882 1302 921 1343 in
956 1301 1068 1343 hunc
1100 1300 1271 1342 modum
1293 1299 1456 1343 scribit:
1494 1324 1515 1348 [Ι
1531 1300 1690 1344 Curavi

184 1398 203 1424 tt
227 1374 411 1425 describi,
445 1388 549 1428 quae
580 1374 627 1415 de
660 1374 809 1415 nostris
840 1373 1109 1415 caeremoniis
1131 1373 1172 1414 in
1198 1373 1399 1429 Angliam
1427 1373 1529 1416 misi.
1570 1372 1690 1415 Haec

182 1469 203 1491 ts
229 1446 475 1501 simulatque
509 1445 711 1501 descripta
744 1445 925 1496 fuerunt,
959 1445 1009 1486 ad
1041 1450 1082 1485 te
1115 1443 1439 1488 transmittam.”
1470 1446 1502 1500 ²)

237 1518 273 1560 d.
307 1519 368 1560 De
398 1534 510 1560 coena
544 1519 862 1575 confessb‘uncula
897 1518 949 1575 (a.
982 1517 1128 1573 1549).
1184 1516 1427 1574 Hamburgi
1460 1516 1560 1559 dum
1594 1516 1690 1559 hae-

182 1588 294 1630 rebat
332 1590 354 1630 a
399 1588 533 1630 Lasco
564 1588 840 1631 familiaritate
870 1604 969 1631 usus
999 1595 1059 1631 est
1087 1588 1278 1645 primarii
1310 1589 1434 1631 huius
1464 1588 1580 1631 urbis
1609 1588 1691 1631 Pa-

180 1661 311 1713 storis,
344 1660 509 1702 Ioannis
542 1661 695 1717 Aepini
726 1661 905 1705 nomine.
968 1659 1115 1712 Quum
1150 1668 1287 1703 autem
1323 1676 1459 1718 neque
1497 1660 1691 1718 Aepinus

181 1731 267 1773 eius
296 1731 345 1773 de
376 1747 503 1774 coena
532 1733 749 1774 scitaretur
791 1733 1050 1785 sententiam,
1082 1747 1217 1787 neque
1249 1739 1388 1775 noster
1420 1731 1534 1774 ultro
1563 1732 1689 1788 profi-

182 1809 350 1854 teretur,
393 1819 444 1844 ne
474 1802 682 1844 silentium
713 1804 788 1859 ipsi
818 1804 990 1860 posthac
1020 1810 1255 1845 verteretur
1288 1804 1398 1855 vitio,
1433 1803 1545 1846 curis
1578 1803 1691 1846 Har-

181 1873 392 1930 denbergii
433 1874 473 1916 in
514 1876 666 1931 scripto
711 1876 957 1918 sententiam
1003 1891 1122 1917 suam
1165 1876 1333 1932 Aepino
1374 1875 1481 1918 tradi
1514 1876 1690 1918 curavit.

181 1943 304 1996 Quod
347 1945 495 1987 docent
530 1961 603 1988 nos
633 1946 735 1988 haec
765 1947 852 1988 eius
883 1946 933 1989 ad
964 1946 1165 1989 Poloniae
1199 1963 1345 2004 regem
1379 1947 1527 1991 verba:
1564 1971 1584 1995 η
1610 1947 1693 1990 Ro-

183 2038 203 2063 η
228 2023 348 2072 gatus
377 2024 510 2059 tamen
543 2017 593 2059 ab
623 2018 769 2067 amico,
791 2018 907 2060 cuius
929 2025 1049 2061 antea
1070 2019 1215 2075 paullo
1239 2020 1408 2061 memini
1434 2019 1689 2076 (Hardenb.)

182 2110 202 2135 u
225 2102 355 2129 meam
402 2088 642 2130 sententiam
690 2090 731 2130 in
777 2091 921 2143 scripto
968 2090 1029 2132 illi
1075 2089 1238 2143 tradidi,
1272 2090 1380 2133 facta
1411 2091 1448 2133 ei
1484 2091 1687 2149 (Aepino)

183 2181 201 2206 η
228 2166 424 2215 potestate
456 2160 535 2202 iam
569 2160 784 2203 exhibendi
815 2162 969 2216 scripti,
1003 2162 1153 2219 quibus
1184 2162 1254 2205 ille
1287 2163 1423 2215 vellet,
1458 2164 1580 2205 etiam
1620 2164 1691 2205 mi-

183 2254 203 2278 n
228 2231 363 2272 nistris
401 2231 508 2287 ipsis,
554 2232 674 2274 modo
719 2248 770 2274 ne
810 2240 950 2288 postea
996 2250 1043 2276 eo
1074 2236 1241 2277 nornine
1275 2233 1525 2277 accusarer”
1559 2236 1616 2290 ⁵);
1650 2240 1691 2276 et

180 2301 369 2357 paullum
401 2303 598 2345 inferius:
636 2326 656 2351 ῃ
680 2303 858 2347 Permisi
889 2312 935 2347 ut
962 2308 1154 2364 scriptum
1186 2309 1296 2350 illud
1325 2322 1464 2349 meum
1494 2306 1692 2348 ministris

182 2396 203 2420 n
227 2373 350 2415 simul
381 2373 571 2416 omnibus
602 2374 861 2420 exhiberet.”
894 2379 926 2431 ⁴)

237 2461 272 2486 c.
335 2446 534 2498 Apoloqz'a,
575 2461 645 2488 cm·
685 2446 893 2490 Emdanae
933 2448 1137 2492 Ecclesiae
1174 2451 1417 2493 valedixerit
1459 2452 1510 2506 (a.
1543 2451 1689 2508 1551).

179 2513 428 2571 Sparserant
460 2516 631 2559 advers-ii
665 2518 966 2574 iniquissimum
1001 2537 1214 2564 rumorem
1245 2522 1295 2564 de
1326 2522 1451 2566 Lasci
1483 2540 1505 2565 e
1526 2522 1692 2565 Phrisia

178 2584 384 2628 Orientali
415 2585 540 2630 abitu.
572 2586 812 2632 Occurrere
844 2597 926 2634 tam
960 2593 1097 2648 pravis
1129 2594 1349 2637 calumniis
1384 2601 1524 2637 noster
1545 2594 1690 2644 voluit,

221 2734 244 2771 ¹)
268 2734 367 2764 Liscx
396 2735 507 2775 Opera,
532 2734 600 2766 Vol.
624 2736 667 2768 II.
691 2737 760 2775 614,

218 2788 243 2825 ²)
268 2787 368 2818 Lixscx
395 2788 506 2828 Opera,
529 2789 599 2820 Vol.
622 2789 666 2821 ΙΙ.
690 2801 721 2831 p.
743 2791 813 2823 616.

217 2843 244 2881 ³)
267 2843 366 2874 LASCI
392 2844 501 2886 Opera,
527 2844 594 2877 Vol.
618 2845 661 2877 ΙΙ.
686 2856 716 2887 p.
740 2847 789 2880 23,

221 2898 245 2937 ⁴)
272 2897 402 2931 Ibidem.
