1818 3178
1549 89 1621 124 359

88 198 350 237 inclarescenti
393 209 509 246 regno
545 195 687 234 Christi
722 196 761 234 in
799 195 971 234 doctrina
1006 196 1063 234 sui
1100 195 1300 246 Euangelii
1336 197 1447 234 reniti
1482 210 1526 234 ac
1559 211 1620 236 re-

87 264 246 302 clamare
289 265 485 307 conantur,
527 266 564 298 et
607 261 768 298 officium
812 261 864 298 eis
906 260 1071 312 ipsorum
1119 265 1397 308 commonstret,
1433 261 1618 312 siquidem

84 329 181 366 mala
208 341 303 379 quae
327 326 384 364 ibi
409 330 649 363 recensentur
678 325 864 363 declinare
892 325 1020 364 velint.
1059 326 1201 363 Scribit
1228 330 1352 364 autem
1379 326 1424 364 de
1451 327 1618 377 Regibus

84 392 283 443 Propheta,
318 397 354 428 et
388 390 435 427 iis
473 389 537 440 qui
574 389 718 437 Regum
758 389 914 426 consilia
951 402 993 427 ac
1026 389 1166 427 iudicia
1192 389 1417 439 gubernant,
1443 395 1496 434 ut,
1524 404 1620 441 quae

82 456 161 493 illic
198 456 385 500 dicuntur,
420 453 467 491 ad
504 466 569 490 vos
607 453 822 490 hauddubie
858 454 984 499 etiam,
1020 454 1084 505 qui
1119 453 1159 491 in
1204 453 1345 491 Senatu
1383 455 1468 502 (27)
1496 453 1617 503 Regio

82 520 183 564 estis,
216 519 436 568 intelligatis
473 517 668 569 pertinere.
725 517 773 554 Et
812 517 957 560 scribit,
992 522 1173 568 tanquam
1209 531 1287 554 rem
1322 518 1478 569 ipsemet
1513 531 1620 568 prae·

85 588 228 621 sentem
264 583 483 627 intueretur,
518 595 611 632 quae
639 586 760 618 tamen
791 582 907 619 multo
936 586 1021 632 post
1048 582 1155 619 illum
1183 586 1348 632 tempore
1376 583 1502 620 futura
1530 586 1623 628 erat,

84 652 126 685 ut
164 646 350 690 ostendat,
385 652 459 684 tam
498 660 583 684 vera
620 647 713 690 fore,
749 659 842 696 quae
875 646 1067 697 praedicit,
1103 659 1213 696 quam
1252 659 1336 683 vera
1364 660 1444 684 csse
1471 647 1622 692 scimus,

85 726 181 763 quae
210 712 328 749 oeulis
355 712 428 763 ipsi
457 711 595 748 nostris
625 711 792 748 subiecta
820 710 1012 749 habemus.
1043 710 1119 748 Hic
1146 711 1261 760 igitur
1288 711 1498 762 Prophetae
1527 712 1619 749 doe-

85 777 225 814 trinam
252 777 445 827 paululum
474 775 729 814 observemus.

134 842 312 880 Dicturus
355 841 399 879 de
436 841 540 889 regni
579 840 718 878 Christi
754 840 1005 878 illustratione
1041 840 1082 878 in
1119 854 1184 878 sua
1222 841 1390 878 Ecclesia
1418 841 1619 892 Propheta,

84 907 185 957 quod
217 906 389 944 videlicet
415 919 480 957 per
510 906 701 943 doctrinae
728 905 970 956 Apostolicae
998 904 1249 943 ministerium
1276 910 1357 943 toto
1384 906 1475 943 orbe
1501 910 1621 943 terra-

82 985 164 1009 rum
199 971 494 1022 promovendum
535 975 625 1015 erat,
652 983 783 1019 regum
820 969 931 1007 nobis
973 969 1102 1007 mundi
1130 970 1240 1007 huius
1266 983 1536 1021 procerumque
1562 984 1621 1008 re-

82 1036 243 1084 giorum,
282 1035 354 1073 nisi
383 1035 517 1085 spiritu
546 1034 614 1072 Dei
642 1038 833 1083 regantur,
861 1034 1057 1083 ingenium
1086 1034 1242 1071 consilia
1272 1039 1383 1084 atque
1410 1038 1624 1085 apparatus,

81 1112 184 1137 more
219 1113 262 1136 ac
298 1099 431 1150 spiritu
463 1097 682 1149 prophetico
717 1102 808 1135 ante
844 1098 970 1136 omnia
1009 1098 1201 1137 describit.
1266 1098 1359 1137 Mox
1396 1099 1620 1138 horribilem

82 1164 233 1201 illorum
270 1164 384 1200 finem
409 1168 590 1211 recenset,
630 1163 814 1213 siquidem
841 1163 882 1200 in
910 1176 977 1200 suo
1005 1163 1160 1212 ingenio
1189 1163 1339 1214 suisque
1367 1164 1538 1202 consiliis
1566 1169 1622 1202 at-

84 1241 155 1278 que
189 1227 430 1279 apparatibus
466 1239 700 1277 perseverare
736 1231 906 1277 pergant.
972 1227 1107 1264 Postea
1144 1227 1191 1265 ad
1226 1228 1524 1278 resipiscentiam
1560 1241 1624 1266 eos

85 1291 268 1338 hortatur,
303 1295 340 1328 et
375 1295 499 1342 partes
535 1290 647 1328 officii
679 1291 849 1341 ipsorum
878 1296 1158 1330 commemorat.
1212 1291 1275 1329 Ad
1302 1295 1508 1330 extremum
1537 1305 1624 1330 vero

86 1368 213 1392 causas
240 1354 364 1392 reddit
394 1367 479 1392 suae
506 1354 608 1392 illius
636 1354 684 1392 ad
712 1354 832 1404 Reges
861 1355 1148 1394 exhortationis,
1177 1355 1346 1393 Primum
1372 1357 1488 1405 igitur
1517 1356 1626 1394 docet

86 1421 171 1468 (28)
208 1419 394 1457 eiusmodi
430 1420 508 1457 fere
544 1413 623 1457 esse
659 1419 853 1468 ingenium
890 1419 1036 1469 Regum
1071 1420 1216 1466 mundi,
1243 1420 1344 1470 quod
1370 1421 1423 1466 in*
1437 1421 1531 1472 ipsis
1557 1425 1628 1465 est,

85 1484 266 1531 omnium,
293 1488 552 1535 praeterquam
581 1483 612 1521 si
640 1483 820 1521 divinitus
848 1484 955 1521 aliter
982 1485 1244 1529 instituantur,
1280 1498 1322 1522 ae
1349 1485 1507 1535 proinde
1533 1498 1622 1536 pro-

85 1562 210 1586 cerum
254 1562 403 1601 quoque
447 1549 600 1586 illorum
646 1548 827 1594 omnium,
871 1549 935 1600 qui
972 1562 1099 1586 eorum
1137 1550 1294 1587 consilia
1335 1550 1439 1587 iuxta
1475 1563 1618 1588 morem

84 1613 216 1651 mundi
263 1613 372 1650 huius
409 1613 663 1659 moderantur,
709 1617 748 1651 ut
782 1627 940 1663 regnum
979 1613 1119 1651 Christi
1154 1613 1310 1651 Domini
1345 1614 1509 1652 invisum
1548 1615 1621 1652 sibi

85 1678 196 1728 plane
225 1678 386 1716 habeant
414 1691 532 1728 neque
560 1678 637 1715 ullo
667 1678 778 1715 modo
808 1678 1002 1716 ferendum
1031 1692 1110 1717 esse
1137 1683 1282 1729 putent,
1309 1683 1421 1730 atque
1448 1680 1500 1717 ita
1531 1693 1622 1718 con-

87 1743 197 1779 tinuo
234 1742 320 1779 illos
347 1742 486 1780 offendi
512 1742 696 1793 planeque
724 1743 964 1786 commoveri,
1002 1742 1162 1793 denique
1190 1748 1226 1780 et
1256 1744 1413 1780 consilia
1441 1744 1623 1781 adversus

89 1807 279 1845 Christum
320 1807 524 1845 Dominum
553 1807 694 1856 agitare
722 1813 757 1844 et
783 1812 982 1858 apparatus
1012 1808 1138 1845 nescio
1167 1821 1261 1859 quos
1291 1809 1424 1855 facere,
1452 1808 1625 1846 simulat-

87 1885 158 1923 que
203 1872 460 1910 commendari
503 1872 730 1909 illustrarive
773 1885 839 1922 per
884 1872 1092 1910 doctrinam
1139 1872 1340 1921 Euangelii
1377 1873 1505 1911 vident
1540 1874 1618 1910 ullo

86 1937 199 1974 modo
237 1937 311 1974 vim
348 1937 569 1986 dignitatem
605 1941 716 1988 atque
752 1937 1012 1974 excellentiam
1049 1937 1155 1986 regni
1181 1937 1314 1988 ipsius.
1367 1937 1423 1975 Ea
1452 1937 1627 1976 videlicet

88 2005 143 2039 est
182 2001 334 2038 humani
371 2001 516 2044 iudicii,
554 2001 868 2052 quemadmodum
905 2001 944 2038 in
973 2002 1056 2039 aliis
1084 2002 1196 2039 rebus
1224 2002 1414 2048 omnibus,
1440 2003 1493 2040 ita,
1520 2009 1555 2041 et
1583 2004 1623 2042 in

87 2065 226 2114 Regiae
262 2068 325 2102 aut
364 2065 541 2116 politicae
570 2065 734 2103 cuiusvis
763 2065 915 2103 alterius
943 2066 1150 2104 functionis
1180 2069 1402 2118 corruptela,
1439 2073 1479 2106 ut
1502 2069 1622 2119 Reges

85 2129 320 2180 potissimum
357 2130 429 2180 ipsi
466 2143 667 2180 eorumque
702 2143 873 2180 proceres
915 2131 959 2167 ad
991 2130 1223 2167 dominatum
1253 2144 1291 2168 se
1318 2145 1459 2172 eorum.
1486 2133 1623 2183 quibus

86 2199 274 2245 praesunt,
302 2198 409 2231 natos
436 2200 500 2231 aut
528 2199 680 2231 vocatos
707 2208 786 2232 esse
815 2199 957 2245 putent,
986 2208 1062 2232 non
1089 2199 1211 2232 autem
1240 2196 1287 2233 ad
1315 2196 1384 2233 Dei
1410 2197 1509 2235 inter
1536 2197 1623 2235 illos

87 2258 348 2296 ministerium.
404 2257 504 2295 Dum
539 2259 666 2308 itaque
703 2258 747 2296 de
783 2272 898 2307 regno
938 2259 1078 2296 Christi
1117 2259 1277 2296 audiunt
1305 2259 1473 2310 illudque
1500 2261 1622 2298 inela-

86 2337 228 2362 reseere
265 2323 323 2360 vid
335 2327 403 2367 :nt‚
430 2325 515 2371 (29)
554 2323 731 2373 quiequid
762 2323 912 2361 Christo
941 2324 1135 2368 tribuitur,
1160 2324 1199 2361 id
1228 2328 1346 2362 totum
1377 2325 1450 2362 sibi
1478 2326 1623 2364 detrahi

86 2393 198 2439 atque
225 2389 317 2440 eripi
346 2392 489 2438 putant.
544 2388 606 2432 Et,
634 2388 810 2438 quoniam
843 2388 992 2425 Christo
1025 2389 1186 2426 Domino
1217 2403 1346 2427 omnes
1374 2389 1491 2428 totius
1519 2392 1623 2429 orbis

84 2458 264 2491 terrarum
301 2459 430 2501 gentes
464 2453 502 2490 in
539 2453 811 2503 possessionem
849 2453 1013 2503 adeoque
1048 2456 1084 2490 et
1121 2453 1388 2491 haereditatem
1427 2462 1618 2492 aeternam

87 2533 108 2556 a
137 2519 215 2556 Deo
252 2522 356 2569 patre
388 2518 537 2555 coelesti
572 2517 730 2555 traditas
767 2531 847 2555 esse
883 2517 1057 2562 audiunt,
1095 2530 1203 2554 suum
1240 2517 1312 2555 sibi
1340 2518 1376 2555 in
1408 2531 1522 2567 regna
1552 2532 1618 2556 sua

86 2584 144 2621 ius
180 2583 294 2621 adimi
330 2584 596 2631 imaginantur,
631 2582 789 2633 ideoque
817 2583 923 2620 illum
954 2582 992 2619 in
1022 2582 1192 2620 doctriua
1220 2595 1264 2619 ae
1290 2582 1474 2620 ministris
1502 2583 1622 2634 ipsius

87 2654 151 2687 aut
186 2649 338 2700 perdere
373 2649 540 2694 omnino,
576 2648 608 2685 si
644 2653 794 2698 queant,
831 2653 894 2685 aut
931 2647 1056 2697 regnis
1093 2648 1170 2685 suis
1207 2648 1349 2699 alioqui
1384 2662 1521 2691 arcere,
1550 2653 1622 2686 *aut

86 2727 222 2752 nomen
256 2715 387 2752 saltem
412 2714 512 2751 illius
541 2713 683 2751 alendis
712 2713 787 2750 suis
816 2712 915 2750 vitiis
944 2711 1148 2751 obtendere
1177 2717 1372 2751 conantur.
1427 2714 1529 2756 Tale,
1557 2713 1618 2750 in-

87 2792 211 2828 quam,
246 2778 438 2828 ingenium
467 2779 612 2826 Regum
638 2778 678 2815 in
706 2777 846 2814 mundo
876 2777 960 2823 hoe,
987 2780 1023 2815 et
1049 2790 1180 2815 eorum
1206 2790 1415 2828 procerum,
1443 2777 1623 2815 describit

84 2842 281 2893 Propheta,
316 2846 352 2881 et
389 2842 566 2881 describit
604 2855 688 2879 cum
720 2841 910 2891 pathetica
950 2840 1111 2892 quadarn
1141 2840 1390 2878 admiratione
1417 2845 1527 2890 atque
1553 2853 1618 2878 ex-
