1818 3178
482 102 534 128 DE
563 102 845 130 SACRAMENTIS
875 103 1088 132 ECCLESJAE
1118 104 1294 133 CHRISTI.
1580 96 1648 136 175

128 205 258 247 cisum,
284 203 593 242 exterminabitur
619 205 742 243 anima
767 206 830 243 illa
859 210 942 253 etc.,
968 207 1137 258 equidem
1164 208 1287 259 typica
1315 207 1378 244 illa
1399 208 1650 246 foemellarum

127 282 147 306 a
177 268 456 306 circumcisione
483 269 647 306 exclusio
674 283 751 308 non
778 271 897 316 efficit,
921 275 974 317 ut,
1001 285 1094 321 quae
1112 272 1275 310 membra
1298 276 1446 309 nostrae
1465 271 1653 310 Ecclesiae

127 346 207 370 esse
233 334 416 376 novimus,
444 334 490 370 ab
520 347 586 370 usu
614 335 677 372 illa
706 335 1026 373 sacramentorum
1054 336 1220 384 legitimo
1240 349 1441 381 arceamus,
1470 341 1652 387 quatenus

129 411 216 435 sane
251 398 393 448 typicas
429 398 639 435 istiusmodi
672 400 820 437 umbras
855 400 938 437 luce
966 400 1162 448 Euangelii
1192 400 1373 451 dispulsas
1401 413 1478 437 esse
1505 400 1591 446 iam,
1618 405 1654 437 et

127 475 250 499 earum
305 462 565 499 observatione
612 463 783 512 mysteria
838 468 1051 500 nostrorum
1100 464 1423 501 sacramentorum
1461 463 1652 501 obscurari

129 525 246 573 inagis
272 526 390 562 multo
420 525 645 572 hauddubie,
672 541 783 577 quam
813 527 1006 572 illustrari,
1035 527 1216 566 videmus.

178 589 237 626 Ita
265 603 352 626 sane
379 594 414 628 et
441 591 632 640 suspensio
660 591 723 628 illa
753 591 1046 628 circumcisionis
1075 591 1113 629 in
1143 592 1296 629 deserto
1325 605 1388 642 per
1415 606 1534 631 annos
1562 606 1652 643 qua-

127 653 300 702 draginta
337 667 410 691 non
440 655 596 692 mutavit
624 655 796 693 Divinam
829 656 897 692 hac
923 655 960 692 in
989 660 1092 705 parte
1123 656 1363 698 voluntatem,
1402 662 1440 695 ut
1469 671 1555 695 usus
1585 658 1651 695 Sa-

127 723 400 756 cramentornm
443 720 628 767 legitimus
664 720 710 756 ad
748 720 873 756 omnia
910 719 1098 757 Ecclesiae
1124 721 1303 758 'membra
1339 722 1552 772 pertineret,
1589 722 1652 760 sed

125 781 309 819 actionem
346 782 445 820 illius
473 783 694 828 declaravit,
734 796 862 833 nempe
892 783 1022 824 Deum.
1050 783 1120 820 etsi
1149 789 1402 835 contemptum
1433 787 1652 824 Sacramen-

116 831 250 882 'torum
278 859 427 883 suorum
455 847 550 884 ferre
577 860 651 884 non
679 846 796 897 possit
823 847 898 883 ullo
927 847 1050 891 modo,
1087 847 1187 884 nolle
1214 852 1350 893 tamen,
1386 853 1427 887 ut
1454 849 1566 887 homo
1594 850 1653 887 in-

126 910 277 946 teritum
314 910 385 947 sibi
422 914 586 948 accersat
621 915 771 960 propter
806 923 935 947 eorum
973 910 1286 955 observationem,
1329 912 1416 950 dum
1446 913 1526 951 sine
1554 918 1653 951 certo

128 975 210 1015 (fol.
249 977 331 1022 72²1)
369 976 464 1012 vitae
499 975 712 1012 discrimine
748 974 939 1011 observari
967 987 1043 1012 non
1071 980 1242 1025 possunt.
1296 976 1386 1014 Non
1414 978 1511 1014 enim
1541 977 1652 1015 homo

127 1047 275 1092 propter
313 1039 520 1082 sabbatum,
555 1038 617 1076 sed
655 1038 850 1075 sabbatum
887 1042 1038 1088 propter
1075 1039 1276 1084 hominem,
1312 1046 1347 1077 et
1374 1045 1430 1078 est
1456 1041 1555 1078 filius
1582 1042 1651 1078 ho-

128 1104 238 1141 minis
262 1103 444 1140 Dominus
471 1103 579 1140 etiam
607 1103 724 1153 ipsius
752 1102 918 1140 Sabbati.

183 1168 309 1205 Manet
337 1180 437 1216 ergo,
465 1168 745 1204 Sacramentum
773 1167 1065 1204 circumcisionis
1092 1167 1144 1204 ita
1172 1168 1208 1205 in
1240 1168 1428 1206 Ecclesiae
1448 1169 1652 1207 ministerio

128 1233 216 1269 olim
253 1232 367 1268 fuisse
403 1231 577 1281 positum,
605 1235 645 1267 ut
670 1230 714 1267 ad
745 1235 862 1268 totam
891 1231 1043 1268 omnino
1072 1231 1151 1268 eius
1178 1233 1357 1282 temporis
1385 1232 1588 1271 Ecclesiam
1617 1239 1653 1271 et

129 1296 253 1332 omnia
279 1295 379 1331 illius
408 1294 572 1331 membra
599 1294 811 1344 pertineret,
838 1301 1020 1345 quatenus
1049 1295 1151 1332 nulla
1179 1300 1243 1333 aut
1269 1296 1435 1345 mysterii
1463 1297 1500 1335 in
1522 1298 1653 1335 Sacra-

129 1364 253 1396 mento
290 1358 517 1404 obscuratiO,
553 1362 616 1396 aut
650 1358 801 1395 evidens
842 1359 980 1410 alioqui
1014 1359 1214 1397 necessitas
1253 1365 1463 1411 certumque
1498 1362 1653 1399 exitium

126 1423 274 1473 aliquod
303 1423 835 1474 intercessisset,—talemque
853 1423 1018 1473 mysterii
1040 1424 1078 1461 in
1093 1425 1332 1462 Sacramento
1353 1425 1651 1465 obscurationem

126 1488 310 1538 talemque
358 1487 613 1524 necessitatem
653 1488 937 1524 commonstrari
972 1488 1061 1524 item
1094 1488 1280 1538 oportebit
1315 1489 1355 1526 in
1391 1503 1460 1527 usu
1495 1491 1652 1529 aliorum

126 1554 451 1589 sacramentorum
485 1552 542 1588 vel
579 1551 785 1588 omittendo
821 1565 841 1588 a
875 1552 1159 1602 quibuscunque
1196 1553 1343 1590 tandem
1372 1553 1549 1591 membris
1578 1554 1650 1591 Ec·

126 1618 269 1662 clesiae,
314 1618 371 1654 vel
415 1615 690 1667 suspendendo,
727 1616 910 1666 siquidem
945 1617 1110 1667 exempla
1148 1617 1237 1654 haec
1274 1617 1374 1654 trahi
1411 1618 1569 1657 debeant
1603 1619 1650 1657 ad

129 1682 337 1719 doctrinam
373 1681 524 1718 illorum
553 1680 880 1730 comprobandam,
908 1681 973 1731 qui
1000 1681 1045 1718 ab
1076 1694 1142 1718 usu
1173 1682 1499 1719 Sacramentorum
1525 1683 1649 1732 legiti-

127 1759 187 1783 mo
217 1759 278 1782 eos
305 1749 445 1788 arcent,
472 1758 565 1795 quos
593 1744 758 1781 membra
788 1744 976 1782 Ecclesiae
1003 1758 1082 1782 esse
1111 1759 1245 1794 negare
1275 1759 1349 1783 non
1377 1751 1546 1796 possunt.

177 1811 257 1847 Iam
287 1823 372 1847 vero
400 1814 434 1847 et
464 1810 507 1847 de
533 1809 700 1860 partibus
730 1810 958 1847 Sacramenti
984 1810 1022 1848 in
1054 1811 1335 1848 circumcisione
1354 1811 1551 1849 dicendum
1571 1812 1652 1859 erit,

127 1880 166 1913 ut
193 1875 444 1917 ostendamus,
474 1874 791 1912 circumcisionem
820 1875 1001 1912 eiusmodi
1018 1875 1131 1913 fuisse
1147 1875 1216 1912 Dei
1236 1876 1523 1922 ordinationem,
1543 1890 1650 1927 quae,

126 1940 164 1977 in
194 1938 380 1976 Ecclesiae
408 1938 612 1975 minist-erio
640 1939 761 1989 posita
789 1939 841 1976 sic
870 1944 908 1976 ut
935 1938 980 1976 ad
1008 1943 1128 1977 totam
1155 1940 1309 1977 omnino
1341 1941 1544 1978 Ecclesiam
1565 1954 1649 1991 per-

125 2004 271 2047 tineret,
300 2003 470 2040 habuerit
491 2016 594 2040 suum
617 2003 764 2051 signum
786 2003 931 2041 visibile
949 2009 984 2042 et
1002 2005 1190 2042 invisibile
1208 2007 1433 2055 myste·(fol.
1455 2003 1650 2055 72¹')rium‚

127 2067 439 2118 quemadmodum
466 2067 504 2103 in
534 2068 754 2104 sacramenti
782 2067 1001 2106 diffinitione
1028 2068 1198 2107 habetur.

180 2131 367 2182 Quodque
394 2131 439 2167 ad
468 2131 616 2180 signum
643 2131 826 2181 imprimis
856 2133 1149 2170 circumcisionis
1178 2133 1322 2179 attinet,
1349 2133 1384 2170 id
1413 2134 1466 2171 ita
1492 2148 1512 2171 a
1543 2134 1649 2173 Mose

127 2196 396 2247 praescriptum
426 2195 624 2232 habemus:
657 2195 952 2241 circumcidetis,
979 2196 1113 2247 inquit,
1142 2210 1287 2234 carnem
1316 2198 1495 2248 praeputii
1525 2199 1649 2246 vestri,

127 2260 225 2311 quod
255 2260 323 2297 erit
353 2259 458 2296 vobis
487 2259 632 2308 signnm
663 2259 822 2297 foederis
849 2261 946 2298 inter
973 2274 1031 2298 me
1058 2267 1092 2299 et
1121 2274 1199 2299 vos.
1228 2261 1463 2313 Additurque
1490 2267 1525 2301 et
1551 2268 1645 2302 tem-

127 2339 195 2376 pus
232 2324 339 2373 signo
375 2323 584 2374 peragendo
620 2324 900 2374 praescriptum,
937 2338 1067 2375 nempe
1103 2329 1254 2362 octavus
1292 2326 1381 2372 dies,
1408 2327 1646 2379 videmusque

127 2391 274 2439 signum
314 2389 372 2426 hic
408 2388 448 2426 in
486 2388 766 2426 circumcisione
804 2390 928 2427 vocari
965 2403 1041 2428 non
1080 2391 1239 2427 cultrum
1277 2404 1374 2434 sane,
1410 2391 1473 2441 qui
1507 2393 1647 2431 actioni

126 2455 395 2501 adhibebatur,
436 2453 499 2491 sed
535 2454 650 2503 ipsam
686 2454 884 2499 actionem,
919 2468 1010 2505 quae
1049 2455 1165 2492 cultro
1195 2455 1362 2493 adhibito
1390 2458 1646 2507 peragebatur,

127 2518 198 2555 hoc
225 2523 291 2562 est,
316 2518 433 2568 ipsam
461 2516 642 2567 praeputii
670 2517 971 2566 amputationem.
1013 2519 1078 2555 Ait
1107 2517 1224 2555 enim:
1255 2518 1536 2558 Circumcidetis
1563 2535 1643 2559 car-

128 2595 209 2619 nem
238 2581 432 2633 praeputii,
459 2594 551 2631 quae
580 2594 635 2618 res
663 2582 813 2631 (nempe
839 2581 1022 2619 eiusmodi
1050 2583 1273 2632 amputatio)
1301 2584 1370 2621 erit
1398 2584 1546 2633 signum
1573 2591 1643 2627 etc.

178 2646 334 2694 Signum
370 2646 485 2694 igitur
519 2644 618 2682 Deus
652 2645 692 2682 in
729 2650 959 2683 sacramento
998 2646 1291 2685 circumcisionis
1318 2652 1439 2693 vocat,
1475 2653 1514 2686 ut
1542 2649 1643 2688 vide-

125 2724 218 2756 mus,
253 2724 328 2748 non
356 2723 425 2755 res,
452 2722 544 2760 quae
570 2709 762 2746 institutae
788 2722 808 2746 a
837 2721 874 2746 se
900 2709 1039 2747 actioni
1066 2708 1309 2754 adhibentur,
1347 2711 1408 2748 sed
1435 2711 1550 2761 ipsam
1580 2726 1643 2751 ac-

123 2775 276 2820 tionem,
312 2774 383 2812 boc
418 2781 485 2818 est,
519 2772 701 2825 praeputii
728 2772 963 2820 accisionem,
989 2786 1081 2827 quae
1110 2773 1227 2812 cultro
1255 2774 1423 2813 adhibito
1451 2776 1574 2825 fiebat,
1601 2783 1642 2821 ut
