<?xml version="1.0" encoding="UTF-8"?>
<!DOCTYPE html PUBLIC "-//W3C//DTD XHTML 1.0 Transitional//EN"
    "http://www.w3.org/TR/xhtml1/DTD/xhtml1-transitional.dtd">
<html xmlns="http://www.w3.org/1999/xhtml" xml:lang="en" lang="en">
 <head>
  <title>
</title>
<meta http-equiv="Content-Type" content="text/html;charset=utf-8" />
  <meta name='ocr-system' content='tesseract 3.04.00' />
  <meta name='ocr-capabilities' content='ocr_page ocr_carea ocr_par ocr_line ocrx_word'/>
</head>
<body>
  <div class='ocr_page' id='page_1' title='image "./operatameditaqua01lask_0020.png"; bbox 0 0 1818 3178; ppageno 0'>
   <div class='ocr_carea' id='block_1_1' title="bbox 199 96 1082 138">
    <p class='ocr_par' dir='ltr' id='par_1_1' title="bbox 199 96 1082 138">
     <span class='ocr_line' id='line_1_1' title="bbox 199 96 1082 138; baseline 0.012 -12"><span class='ocrx_word' id='word_1_1' title='bbox 199 96 263 126; x_wconf 81' lang='lat' dir='ltr'>XII</span> <span class='ocrx_word' id='word_1_2' title='bbox 838 104 1082 138; x_wconf 81' lang='lat' dir='ltr'><strong>PRAEFATIO.</strong></span> 
     </span>
    </p>
   </div>
   <div class='ocr_carea' id='block_1_2' title="bbox 162 201 1717 2922">
    <p class='ocr_par' dir='ltr' id='par_1_2' title="bbox 162 201 1717 2922">
     <span class='ocr_line' id='line_1_2' title="bbox 194 201 1714 281; baseline 0.018 -40"><span class='ocrx_word' id='word_1_3' title='bbox 194 201 304 243; x_wconf 90' lang='lat' dir='ltr'>mitis</span> <span class='ocrx_word' id='word_1_4' title='bbox 346 201 578 260; x_wconf 83' lang='lat' dir='ltr'><strong>benignitas</strong></span> <span class='ocrx_word' id='word_1_5' title='bbox 618 205 729 248; x_wconf 87' lang='lat' dir='ltr'>haud</span> <span class='ocrx_word' id='word_1_6' title='bbox 778 207 898 251; x_wconf 85' lang='lat' dir='ltr'>facile</span> <span class='ocrx_word' id='word_1_7' title='bbox 939 212 1077 267; x_wconf 88' lang='lat' dir='ltr'>dignis</span> <span class='ocrx_word' id='word_1_8' title='bbox 1107 215 1331 259; x_wconf 86' lang='lat' dir='ltr'>efferretur</span> <span class='ocrx_word' id='word_1_9' title='bbox 1363 218 1568 274; x_wconf 84' lang='lat' dir='ltr'>laudibus,</span> <span class='ocrx_word' id='word_1_10' title='bbox 1602 225 1714 281; x_wconf 87' lang='lat' dir='ltr'>apud</span> 
     </span>
     <span class='ocr_line' id='line_1_3' title="bbox 195 270 1717 353; baseline 0.017 -40"><span class='ocrx_word' id='word_1_11' title='bbox 195 270 401 316; x_wconf 85' lang='lat' dir='ltr'>Comitem</span> <span class='ocrx_word' id='word_1_12' title='bbox 443 290 467 317; x_wconf 88' lang='lat' dir='ltr'>a</span> <span class='ocrx_word' id='word_1_13' title='bbox 512 277 1070 326; x_wconf 72' lang='lat' dir='ltr'>BISMARcK—SCHoNHAUSEN</span> <span class='ocrx_word' id='word_1_14' title='bbox 1120 289 1365 332; x_wconf 86' lang='lat' dir='ltr'>auctoritate</span> <span class='ocrx_word' id='word_1_15' title='bbox 1415 307 1489 335; x_wconf 89' lang='lat' dir='ltr'>sua</span> <span class='ocrx_word' id='word_1_16' title='bbox 1536 294 1717 353; x_wconf 89' lang='lat' dir='ltr'>interpo-</span> 
     </span>
     <span class='ocr_line' id='line_1_4' title="bbox 192 344 1712 419; baseline 0.017 -34"><span class='ocrx_word' id='word_1_17' title='bbox 192 344 267 386; x_wconf 90' lang='lat' dir='ltr'>sita</span> <span class='ocrx_word' id='word_1_18' title='bbox 312 346 554 399; x_wconf 86' lang='lat' dir='ltr'>effecerunt,</span> <span class='ocrx_word' id='word_1_19' title='bbox 601 355 648 392; x_wconf 88' lang='lat' dir='ltr'>ut</span> <span class='ocrx_word' id='word_1_20' title='bbox 693 353 1015 406; x_wconf 90' lang='lat' dir='ltr'>pretiosissimus</span> <span class='ocrx_word' id='word_1_21' title='bbox 1060 355 1227 401; x_wconf 89' lang='lat' dir='ltr'>libellus</span> <span class='ocrx_word' id='word_1_22' title='bbox 1272 360 1571 419; x_wconf 89' lang='lat' dir='ltr'>Regiomontio</span> <span class='ocrx_word' id='word_1_23' title='bbox 1610 368 1712 411; x_wconf 88' lang='lat' dir='ltr'>mihi</span> 
     </span>
     <span class='ocr_line' id='line_1_5' title="bbox 190 415 1708 483; baseline 0.018 -27"><span class='ocrx_word' id='word_1_24' title='bbox 190 415 354 458; x_wconf 90' lang='lat' dir='ltr'>mittere</span> <span class='ocrx_word' id='word_1_25' title='bbox 384 418 579 461; x_wconf 88' lang='lat' dir='ltr'>tabularii</span> <span class='ocrx_word' id='word_1_26' title='bbox 601 422 837 477; x_wconf 80' lang='lat' dir='ltr'>praefectus</span> <span class='ocrx_word' id='word_1_27' title='bbox 856 425 1094 480; x_wconf 87' lang='lat' dir='ltr'>iuberetur;</span> <span class='ocrx_word' id='word_1_28' title='bbox 1120 431 1238 473; x_wconf 90' lang='lat' dir='ltr'>cuius</span> <span class='ocrx_word' id='word_1_29' title='bbox 1259 432 1429 478; x_wconf 87' lang='lat' dir='ltr'>demum</span> <span class='ocrx_word' id='word_1_30' title='bbox 1450 451 1552 480; x_wconf 91' lang='lat' dir='ltr'>cura</span> <span class='ocrx_word' id='word_1_31' title='bbox 1574 437 1708 483; x_wconf 66' lang='lat' dir='ltr'>LAsm</span> 
     </span>
     <span class='ocr_line' id='line_1_6' title="bbox 189 486 1709 553; baseline 0.018 -26"><span class='ocrx_word' id='word_1_32' title='bbox 189 486 381 530; x_wconf 75' lang='lat' dir='ltr'>ErrroMn</span> <span class='ocrx_word' id='word_1_33' title='bbox 421 490 672 535; x_wconf 73' lang='lat' dir='ltr'><strong>DOCTRINAE</strong></span> <span class='ocrx_word' id='word_1_34' title='bbox 711 494 881 538; x_wconf 92' lang='lat' dir='ltr'>domum</span> <span class='ocrx_word' id='word_1_35' title='bbox 928 498 1099 541; x_wconf 88' lang='lat' dir='ltr'>intravit</span> <span class='ocrx_word' id='word_1_36' title='bbox 1143 501 1194 543; x_wconf 86' lang='lat' dir='ltr'>ad</span> <span class='ocrx_word' id='word_1_37' title='bbox 1225 501 1334 546; x_wconf 89' lang='lat' dir='ltr'>diem</span> <span class='ocrx_word' id='word_1_38' title='bbox 1364 505 1580 552; x_wconf 88' lang='lat' dir='ltr'>Paschatis</span> <span class='ocrx_word' id='word_1_39' title='bbox 1610 513 1709 553; x_wconf 86' lang='lat' dir='ltr'>anni</span> 
     </span>
     <span class='ocr_line' id='line_1_7' title="bbox 188 557 1708 637; baseline 0.018 -39"><span class='ocrx_word' id='word_1_40' title='bbox 188 557 311 600; x_wconf 90' lang='lat' dir='ltr'>huius</span> <span class='ocrx_word' id='word_1_41' title='bbox 342 560 431 602; x_wconf 88' lang='lat' dir='ltr'>aevi</span> <span class='ocrx_word' id='word_1_42' title='bbox 459 564 706 619; x_wconf 80' lang='lat' dir='ltr'>sexagesimi</span> <span class='ocrx_word' id='word_1_43' title='bbox 737 567 886 621; x_wconf 89' lang='lat' dir='ltr'>quinti,</span> <span class='ocrx_word' id='word_1_44' title='bbox 920 569 946 612; x_wconf 94' lang='lat' dir='ltr'>i.</span> <span class='ocrx_word' id='word_1_45' title='bbox 980 585 1015 612; x_wconf 92' lang='lat' dir='ltr'>e.</span> <span class='ocrx_word' id='word_1_46' title='bbox 1048 586 1172 613; x_wconf 73' lang='lat' dir='ltr'>annos</span> <span class='ocrx_word' id='word_1_47' title='bbox 1206 578 1287 616; x_wconf 75' lang='lat' dir='ltr'>tres</span> <span class='ocrx_word' id='word_1_48' title='bbox 1316 584 1409 631; x_wconf 91' lang='lat' dir='ltr'>post</span> <span class='ocrx_word' id='word_1_49' title='bbox 1439 594 1533 621; x_wconf 89' lang='lat' dir='ltr'>eam</span> <span class='ocrx_word' id='word_1_50' title='bbox 1558 582 1708 637; x_wconf 91' lang='lat' dir='ltr'>episto-</span> 
     </span>
     <span class='ocr_line' id='line_1_8' title="bbox 188 628 1704 700; baseline 0.016 -29"><span class='ocrx_word' id='word_1_51' title='bbox 188 628 271 672; x_wconf 90' lang='lat' dir='ltr'>lam</span> <span class='ocrx_word' id='word_1_52' title='bbox 302 630 454 681; x_wconf 84' lang='lat' dir='ltr'>datam,</span> <span class='ocrx_word' id='word_1_53' title='bbox 487 648 613 689; x_wconf 88' lang='lat' dir='ltr'>quam</span> <span class='ocrx_word' id='word_1_54' title='bbox 646 637 824 692; x_wconf 83' lang='lat' dir='ltr'>primam</span> <span class='ocrx_word' id='word_1_55' title='bbox 856 639 934 682; x_wconf 89' lang='lat' dir='ltr'>hac</span> <span class='ocrx_word' id='word_1_56' title='bbox 965 640 1016 682; x_wconf 88' lang='lat' dir='ltr'>de</span> <span class='ocrx_word' id='word_1_57' title='bbox 1047 656 1092 683; x_wconf 88' lang='lat' dir='ltr'>re</span> <span class='ocrx_word' id='word_1_58' title='bbox 1124 643 1470 700; x_wconf 81' lang='lat' dir='ltr'>Regiomontium</span> <span class='ocrx_word' id='word_1_59' title='bbox 1493 651 1704 696; x_wconf 78' lang='lat' dir='ltr'>miseram.</span> 
     </span>
     <span class='ocr_line' id='line_1_9' title="bbox 246 701 1711 775; baseline 0.017 -32"><span class='ocrx_word' id='word_1_60' title='bbox 246 701 388 745; x_wconf 85' lang='lat' dir='ltr'>Unius</span> <span class='ocrx_word' id='word_1_61' title='bbox 418 711 579 747; x_wconf 88' lang='lat' dir='ltr'>tantum</span> <span class='ocrx_word' id='word_1_62' title='bbox 612 706 741 751; x_wconf 87' lang='lat' dir='ltr'>libelli</span> <span class='ocrx_word' id='word_1_63' title='bbox 772 710 985 753; x_wconf 81' lang='lat' dir='ltr'>historiam</span> <span class='ocrx_word' id='word_1_64' title='bbox 1018 715 1199 764; x_wconf 82' lang='lat' dir='ltr'>narravi,</span> <span class='ocrx_word' id='word_1_65' title='bbox 1228 723 1268 758; x_wconf 90' lang='lat' dir='ltr'>et</span> <span class='ocrx_word' id='word_1_66' title='bbox 1295 728 1537 775; x_wconf 87' lang='lat' dir='ltr'>quanquam</span> <span class='ocrx_word' id='word_1_67' title='bbox 1554 723 1596 766; x_wconf 92' lang='lat' dir='ltr'>in</span> <span class='ocrx_word' id='word_1_68' title='bbox 1616 724 1711 767; x_wconf 81' lang='lat' dir='ltr'>reli-</span> 
     </span>
     <span class='ocr_line' id='line_1_10' title="bbox 187 775 1710 846; baseline 0.015 -31"><span class='ocrx_word' id='word_1_69' title='bbox 187 775 280 830; x_wconf 84' lang='lat' dir='ltr'>quis</span> <span class='ocrx_word' id='word_1_70' title='bbox 311 775 411 817; x_wconf 86' lang='lat' dir='ltr'>mihi</span> <span class='ocrx_word' id='word_1_71' title='bbox 441 780 716 832; x_wconf 82' lang='lat' dir='ltr'>procurandis</span> <span class='ocrx_word' id='word_1_72' title='bbox 746 783 958 837; x_wconf 85' lang='lat' dir='ltr'>opusculis</span> <span class='ocrx_word' id='word_1_73' title='bbox 990 785 1131 828; x_wconf 89' lang='lat' dir='ltr'>minus</span> <span class='ocrx_word' id='word_1_74' title='bbox 1161 786 1414 846; x_wconf 88' lang='lat' dir='ltr'>plerumque</span> <span class='ocrx_word' id='word_1_75' title='bbox 1444 791 1606 837; x_wconf 87' lang='lat' dir='ltr'>lubrica</span> <span class='ocrx_word' id='word_1_76' title='bbox 1644 797 1710 839; x_wconf 89' lang='lat' dir='ltr'>via</span> 
     </span>
     <span class='ocr_line' id='line_1_11' title="bbox 186 849 1705 922; baseline 0.014 -32"><span class='ocrx_word' id='word_1_77' title='bbox 186 849 238 892; x_wconf 89' lang='lat' dir='ltr'>ad</span> <span class='ocrx_word' id='word_1_78' title='bbox 269 865 438 907; x_wconf 88' lang='lat' dir='ltr'>scopum</span> <span class='ocrx_word' id='word_1_79' title='bbox 472 854 693 908; x_wconf 89' lang='lat' dir='ltr'>pervenire</span> <span class='ocrx_word' id='word_1_80' title='bbox 723 855 823 898; x_wconf 91' lang='lat' dir='ltr'>mihi</span> <span class='ocrx_word' id='word_1_81' title='bbox 854 859 1045 915; x_wconf 83' lang='lat' dir='ltr'>contigit,</span> <span class='ocrx_word' id='word_1_82' title='bbox 1079 860 1183 903; x_wconf 91' lang='lat' dir='ltr'>adeo</span> <span class='ocrx_word' id='word_1_83' title='bbox 1213 869 1261 904; x_wconf 88' lang='lat' dir='ltr'>ut</span> <span class='ocrx_word' id='word_1_84' title='bbox 1290 879 1342 905; x_wconf 84' lang='lat' dir='ltr'>ex</span> <span class='ocrx_word' id='word_1_85' title='bbox 1371 880 1516 922; x_wconf 89' lang='lat' dir='ltr'>ungue</span> <span class='ocrx_word' id='word_1_86' title='bbox 1541 867 1705 913; x_wconf 89' lang='lat' dir='ltr'>leonem</span> 
     </span>
     <span class='ocr_line' id='line_1_12' title="bbox 185 920 1705 997; baseline 0.014 -35"><span class='ocrx_word' id='word_1_87' title='bbox 185 920 385 964; x_wconf 90' lang='lat' dir='ltr'>definiens</span> <span class='ocrx_word' id='word_1_88' title='bbox 415 925 574 966; x_wconf 90' lang='lat' dir='ltr'>trucius</span> <span class='ocrx_word' id='word_1_89' title='bbox 618 932 744 982; x_wconf 89' lang='lat' dir='ltr'>atque</span> <span class='ocrx_word' id='word_1_90' title='bbox 789 928 998 973; x_wconf 85' lang='lat' dir='ltr'>horridius</span> <span class='ocrx_word' id='word_1_91' title='bbox 1039 932 1262 989; x_wconf 85' lang='lat' dir='ltr'>effingeres</span> <span class='ocrx_word' id='word_1_92' title='bbox 1293 944 1542 991; x_wconf 88' lang='lat' dir='ltr'>monstrum,</span> <span class='ocrx_word' id='word_1_93' title='bbox 1580 955 1705 997; x_wconf 88' lang='lat' dir='ltr'>quam</span> 
     </span>
     <span class='ocr_line' id='line_1_13' title="bbox 184 998 1705 1062; baseline 0.014 -28"><span class='ocrx_word' id='word_1_94' title='bbox 184 1008 332 1050; x_wconf 81' lang='lat' dir='ltr'>reapse</span> <span class='ocrx_word' id='word_1_95' title='bbox 363 1010 429 1038; x_wconf 89' lang='lat' dir='ltr'>me</span> <span class='ocrx_word' id='word_1_96' title='bbox 459 998 665 1053; x_wconf 85' lang='lat' dir='ltr'>oppressit</span> <span class='ocrx_word' id='word_1_97' title='bbox 695 1006 736 1040; x_wconf 87' lang='lat' dir='ltr'>et</span> <span class='ocrx_word' id='word_1_98' title='bbox 767 1002 989 1056; x_wconf 82' lang='lat' dir='ltr'>quassavit,</span> <span class='ocrx_word' id='word_1_99' title='bbox 1021 1004 1165 1046; x_wconf 89' lang='lat' dir='ltr'>nullus</span> <span class='ocrx_word' id='word_1_100' title='bbox 1198 1013 1335 1049; x_wconf 88' lang='lat' dir='ltr'>tamen</span> <span class='ocrx_word' id='word_1_101' title='bbox 1369 1008 1525 1062; x_wconf 84' lang='lat' dir='ltr'>dubito,</span> <span class='ocrx_word' id='word_1_102' title='bbox 1559 1027 1625 1054; x_wconf 89' lang='lat' dir='ltr'>me</span> <span class='ocrx_word' id='word_1_103' title='bbox 1654 1013 1705 1055; x_wconf 86' lang='lat' dir='ltr'>ab</span> 
     </span>
     <span class='ocr_line' id='line_1_14' title="bbox 184 1066 1707 1135; baseline 0.013 -29"><span class='ocrx_word' id='word_1_104' title='bbox 184 1066 319 1108; x_wconf 89' lang='lat' dir='ltr'>omnis</span> <span class='ocrx_word' id='word_1_105' title='bbox 350 1069 732 1122; x_wconf 87' lang='lat' dir='ltr'>procrastinationis</span> <span class='ocrx_word' id='word_1_106' title='bbox 762 1077 889 1127; x_wconf 89' lang='lat' dir='ltr'>atque</span> <span class='ocrx_word' id='word_1_107' title='bbox 919 1073 1096 1117; x_wconf 89' lang='lat' dir='ltr'>desidiae</span> <span class='ocrx_word' id='word_1_108' title='bbox 1127 1076 1249 1133; x_wconf 70' lang='lat' dir='ltr'>culpa</span> <span class='ocrx_word' id='word_1_109' title='bbox 1280 1094 1454 1135; x_wconf 84' lang='lat' dir='ltr'>prorsus</span> <span class='ocrx_word' id='word_1_110' title='bbox 1483 1081 1707 1125; x_wconf 87' lang='lat' dir='ltr'>liberatum</span> 
     </span>
     <span class='ocr_line' id='line_1_15' title="bbox 183 1136 1709 1210; baseline 0.013 -32"><span class='ocrx_word' id='word_1_111' title='bbox 183 1136 235 1179; x_wconf 90' lang='lat' dir='ltr'>iri</span> <span class='ocrx_word' id='word_1_112' title='bbox 265 1153 405 1180; x_wconf 89' lang='lat' dir='ltr'>coram</span> <span class='ocrx_word' id='word_1_113' title='bbox 439 1140 634 1195; x_wconf 88' lang='lat' dir='ltr'>prudenti</span> <span class='ocrx_word' id='word_1_114' title='bbox 666 1142 792 1184; x_wconf 88' lang='lat' dir='ltr'>iudici</span> <span class='ocrx_word' id='word_1_115' title='bbox 823 1146 894 1200; x_wconf 92' lang='lat' dir='ltr'>qui</span> <span class='ocrx_word' id='word_1_116' title='bbox 926 1161 971 1187; x_wconf 89' lang='lat' dir='ltr'>re</span> <span class='ocrx_word' id='word_1_117' title='bbox 1003 1150 1238 1192; x_wconf 85' lang='lat' dir='ltr'>accuratius</span> <span class='ocrx_word' id='word_1_118' title='bbox 1265 1166 1471 1207; x_wconf 88' lang='lat' dir='ltr'>perpensa</span> <span class='ocrx_word' id='word_1_119' title='bbox 1495 1155 1619 1210; x_wconf 91' lang='lat' dir='ltr'>aequi</span> <span class='ocrx_word' id='word_1_120' title='bbox 1639 1155 1709 1198; x_wconf 92' lang='lat' dir='ltr'>bo·</span> 
     </span>
     <span class='ocr_line' id='line_1_16' title="bbox 183 1208 1703 1272; baseline 0.013 -23"><span class='ocrx_word' id='word_1_121' title='bbox 183 1208 310 1264; x_wconf 91' lang='lat' dir='ltr'>nique</span> <span class='ocrx_word' id='word_1_122' title='bbox 340 1210 559 1253; x_wconf 86' lang='lat' dir='ltr'>consulere</span> <span class='ocrx_word' id='word_1_123' title='bbox 589 1212 700 1256; x_wconf 89' lang='lat' dir='ltr'>velit.</span> <span class='ocrx_word' id='word_1_124' title='bbox 735 1213 914 1272; x_wconf 88' lang='lat' dir='ltr'>Longus</span> <span class='ocrx_word' id='word_1_125' title='bbox 946 1233 1038 1259; x_wconf 89' lang='lat' dir='ltr'>sum</span> <span class='ocrx_word' id='word_1_126' title='bbox 1071 1219 1191 1261; x_wconf 90' lang='lat' dir='ltr'>video</span> <span class='ocrx_word' id='word_1_127' title='bbox 1221 1228 1261 1263; x_wconf 92' lang='lat' dir='ltr'>et</span> <span class='ocrx_word' id='word_1_128' title='bbox 1290 1223 1414 1265; x_wconf 89' lang='lat' dir='ltr'>nimis</span> <span class='ocrx_word' id='word_1_129' title='bbox 1445 1223 1618 1267; x_wconf 84' lang='lat' dir='ltr'>fortasse</span> <span class='ocrx_word' id='word_1_130' title='bbox 1635 1242 1703 1269; x_wconf 86' lang='lat' dir='ltr'>ex-</span> 
     </span>
     <span class='ocr_line' id='line_1_17' title="bbox 182 1281 1707 1355; baseline 0.014 -35"><span class='ocrx_word' id='word_1_131' title='bbox 182 1281 354 1322; x_wconf 88' lang='lat' dir='ltr'>cusandi</span> <span class='ocrx_word' id='word_1_132' title='bbox 386 1297 451 1323; x_wconf 90' lang='lat' dir='ltr'>me</span> <span class='ocrx_word' id='word_1_133' title='bbox 480 1283 616 1325; x_wconf 90' lang='lat' dir='ltr'>studio</span> <span class='ocrx_word' id='word_1_134' title='bbox 646 1284 823 1338; x_wconf 85' lang='lat' dir='ltr'>indulsi3</span> <span class='ocrx_word' id='word_1_135' title='bbox 858 1287 928 1329; x_wconf 90' lang='lat' dir='ltr'>sed</span> <span class='ocrx_word' id='word_1_136' title='bbox 960 1288 1089 1346; x_wconf 89' lang='lat' dir='ltr'>longa</span> <span class='ocrx_word' id='word_1_137' title='bbox 1121 1291 1290 1335; x_wconf 89' lang='lat' dir='ltr'>historia</span> <span class='ocrx_word' id='word_1_138' title='bbox 1322 1302 1383 1336; x_wconf 89' lang='lat' dir='ltr'>est</span> <span class='ocrx_word' id='word_1_139' title='bbox 1414 1304 1455 1337; x_wconf 88' lang='lat' dir='ltr'>et</span> <span class='ocrx_word' id='word_1_140' title='bbox 1485 1311 1593 1352; x_wconf 88' lang='lat' dir='ltr'>quae</span> <span class='ocrx_word' id='word_1_141' title='bbox 1631 1314 1707 1355; x_wconf 90' lang='lat' dir='ltr'>per</span> 
     </span>
     <span class='ocr_line' id='line_1_18' title="bbox 181 1350 1704 1422; baseline 0.013 -30"><span class='ocrx_word' id='word_1_142' title='bbox 181 1350 295 1393; x_wconf 90' lang='lat' dir='ltr'>haud</span> <span class='ocrx_word' id='word_1_143' title='bbox 336 1352 390 1394; x_wconf 85' lang='lat' dir='ltr'>ita</span> <span class='ocrx_word' id='word_1_144' title='bbox 432 1356 785 1398; x_wconf 87' lang='lat' dir='ltr'>contemnendum</span> <span class='ocrx_word' id='word_1_145' title='bbox 830 1359 938 1400; x_wconf 89' lang='lat' dir='ltr'>vitae</span> <span class='ocrx_word' id='word_1_146' title='bbox 984 1362 1162 1416; x_wconf 87' lang='lat' dir='ltr'>spatium</span> <span class='ocrx_word' id='word_1_147' title='bbox 1214 1379 1280 1405; x_wconf 90' lang='lat' dir='ltr'>me</span> <span class='ocrx_word' id='word_1_148' title='bbox 1313 1374 1517 1422; x_wconf 89' lang='lat' dir='ltr'>perpetuo</span> <span class='ocrx_word' id='word_1_149' title='bbox 1549 1375 1634 1410; x_wconf 88' lang='lat' dir='ltr'>tam</span> <span class='ocrx_word' id='word_1_150' title='bbox 1663 1385 1704 1412; x_wconf 82' lang='lat' dir='ltr'>a·</span> 
     </span>
     <span class='ocr_line' id='line_1_19' title="bbox 181 1423 1706 1486; baseline 0.012 -21"><span class='ocrx_word' id='word_1_151' title='bbox 181 1423 308 1466; x_wconf 91' lang='lat' dir='ltr'>criter</span> <span class='ocrx_word' id='word_1_152' title='bbox 351 1427 607 1469; x_wconf 82' lang='lat' dir='ltr'>excruciavit</span> <span class='ocrx_word' id='word_1_153' title='bbox 648 1435 690 1470; x_wconf 90' lang='lat' dir='ltr'>et</span> <span class='ocrx_word' id='word_1_154' title='bbox 722 1430 952 1486; x_wconf 84' lang='lat' dir='ltr'>exagitavit</span> <span class='ocrx_word' id='word_1_155' title='bbox 983 1433 1159 1486; x_wconf 87' lang='lat' dir='ltr'>assidue,</span> <span class='ocrx_word' id='word_1_156' title='bbox 1193 1443 1241 1478; x_wconf 91' lang='lat' dir='ltr'>ut</span> <span class='ocrx_word' id='word_1_157' title='bbox 1270 1437 1394 1480; x_wconf 87' lang='lat' dir='ltr'>finem</span> <span class='ocrx_word' id='word_1_158' title='bbox 1428 1439 1515 1481; x_wconf 88' lang='lat' dir='ltr'>fere</span> <span class='ocrx_word' id='word_1_159' title='bbox 1546 1442 1706 1485; x_wconf 88' lang='lat' dir='ltr'>nesciat</span> 
     </span>
     <span class='ocr_line' id='line_1_20' title="bbox 177 1494 1702 1563; baseline 0.012 -28"><span class='ocrx_word' id='word_1_160' title='bbox 177 1494 458 1538; x_wconf 87' lang='lat' dir='ltr'>innocentiam</span> <span class='ocrx_word' id='word_1_161' title='bbox 511 1513 647 1540; x_wconf 88' lang='lat' dir='ltr'>meam</span> <span class='ocrx_word' id='word_1_162' title='bbox 692 1506 860 1543; x_wconf 88' lang='lat' dir='ltr'>strenue</span> <span class='ocrx_word' id='word_1_163' title='bbox 906 1503 1049 1544; x_wconf 89' lang='lat' dir='ltr'>tuendi</span> <span class='ocrx_word' id='word_1_164' title='bbox 1098 1505 1389 1563; x_wconf 88' lang='lat' dir='ltr'>probandique</span> <span class='ocrx_word' id='word_1_165' title='bbox 1435 1507 1702 1553; x_wconf 87' lang='lat' dir='ltr'>desiderium.</span> 
     </span>
     <span class='ocr_line' id='line_1_21' title="bbox 177 1565 1698 1634; baseline 0.012 -26"><span class='ocrx_word' id='word_1_166' title='bbox 177 1565 304 1618; x_wconf 78' lang='lat' dir='ltr'>Quod</span> <span class='ocrx_word' id='word_1_167' title='bbox 335 1574 473 1610; x_wconf 89' lang='lat' dir='ltr'>tamen</span> <span class='ocrx_word' id='word_1_168' title='bbox 505 1571 705 1625; x_wconf 86' lang='lat' dir='ltr'>pervelim</span> <span class='ocrx_word' id='word_1_169' title='bbox 739 1587 792 1613; x_wconf 90' lang='lat' dir='ltr'>ne</span> <span class='ocrx_word' id='word_1_170' title='bbox 824 1574 918 1629; x_wconf 88' lang='lat' dir='ltr'>quis</span> <span class='ocrx_word' id='word_1_171' title='bbox 947 1574 1133 1632; x_wconf 81' lang='lat' dir='ltr'>maligne</span> <span class='ocrx_word' id='word_1_172' title='bbox 1164 1584 1236 1619; x_wconf 91' lang='lat' dir='ltr'>aut</span> <span class='ocrx_word' id='word_1_173' title='bbox 1266 1579 1448 1622; x_wconf 88' lang='lat' dir='ltr'>subirate</span> <span class='ocrx_word' id='word_1_174' title='bbox 1469 1581 1509 1623; x_wconf 88' lang='lat' dir='ltr'>in</span> <span class='ocrx_word' id='word_1_175' title='bbox 1533 1598 1698 1634; x_wconf 89' lang='lat' dir='ltr'>eorum,</span> 
     </span>
     <span class='ocr_line' id='line_1_22' title="bbox 177 1638 1699 1711; baseline 0.012 -32"><span class='ocrx_word' id='word_1_176' title='bbox 177 1652 283 1693; x_wconf 88' lang='lat' dir='ltr'>quos</span> <span class='ocrx_word' id='word_1_177' title='bbox 324 1638 493 1682; x_wconf 90' lang='lat' dir='ltr'>honoris</span> <span class='ocrx_word' id='word_1_178' title='bbox 523 1655 647 1683; x_wconf 89' lang='lat' dir='ltr'>causa</span> <span class='ocrx_word' id='word_1_179' title='bbox 677 1644 900 1699; x_wconf 89' lang='lat' dir='ltr'>appellavi,</span> <span class='ocrx_word' id='word_1_180' title='bbox 930 1647 1225 1691; x_wconf 85' lang='lat' dir='ltr'>contumeliam</span> <span class='ocrx_word' id='word_1_181' title='bbox 1259 1649 1415 1693; x_wconf 89' lang='lat' dir='ltr'>dictum</span> <span class='ocrx_word' id='word_1_182' title='bbox 1448 1668 1537 1695; x_wconf 86' lang='lat' dir='ltr'>esse</span> <span class='ocrx_word' id='word_1_183' title='bbox 1569 1662 1699 1711; x_wconf 88' lang='lat' dir='ltr'>putet.</span> 
     </span>
     <span class='ocr_line' id='line_1_23' title="bbox 177 1709 1700 1774; baseline 0.012 -24"><span class='ocrx_word' id='word_1_184' title='bbox 177 1709 333 1759; x_wconf 90' lang='lat' dir='ltr'>Pluris,</span> <span class='ocrx_word' id='word_1_185' title='bbox 364 1712 420 1753; x_wconf 87' lang='lat' dir='ltr'>sit</span> <span class='ocrx_word' id='word_1_186' title='bbox 450 1712 543 1753; x_wconf 94' lang='lat' dir='ltr'>Deo</span> <span class='ocrx_word' id='word_1_187' title='bbox 574 1715 735 1770; x_wconf 88' lang='lat' dir='ltr'>gratia!</span> <span class='ocrx_word' id='word_1_188' title='bbox 768 1716 979 1769; x_wconf 89' lang='lat' dir='ltr'>beneficia,</span> <span class='ocrx_word' id='word_1_189' title='bbox 1013 1734 1121 1774; x_wconf 88' lang='lat' dir='ltr'>quae</span> <span class='ocrx_word' id='word_1_190' title='bbox 1152 1720 1332 1763; x_wconf 85' lang='lat' dir='ltr'>aliorum</span> <span class='ocrx_word' id='word_1_191' title='bbox 1364 1724 1406 1764; x_wconf 91' lang='lat' dir='ltr'>in</span> <span class='ocrx_word' id='word_1_192' title='bbox 1439 1739 1505 1766; x_wconf 90' lang='lat' dir='ltr'>me</span> <span class='ocrx_word' id='word_1_193' title='bbox 1537 1726 1700 1769; x_wconf 88' lang='lat' dir='ltr'>confert</span> 
     </span>
     <span class='ocr_line' id='line_1_24' title="bbox 176 1779 1701 1848; baseline 0.012 -26"><span class='ocrx_word' id='word_1_194' title='bbox 176 1779 479 1835; x_wconf 89' lang='lat' dir='ltr'>benevolentia,</span> <span class='ocrx_word' id='word_1_195' title='bbox 520 1785 738 1828; x_wconf 90' lang='lat' dir='ltr'>aestimare</span> <span class='ocrx_word' id='word_1_196' title='bbox 780 1787 922 1830; x_wconf 82' lang='lat' dir='ltr'>didicit</span> <span class='ocrx_word' id='word_1_197' title='bbox 961 1804 1034 1831; x_wconf 90' lang='lat' dir='ltr'>cor</span> <span class='ocrx_word' id='word_1_198' title='bbox 1065 1806 1220 1842; x_wconf 87' lang='lat' dir='ltr'>meum,</span> <span class='ocrx_word' id='word_1_199' title='bbox 1256 1808 1382 1848; x_wconf 88' lang='lat' dir='ltr'>quam</span> <span class='ocrx_word' id='word_1_200' title='bbox 1415 1802 1461 1836; x_wconf 89' lang='lat' dir='ltr'>ut</span> <span class='ocrx_word' id='word_1_201' title='bbox 1492 1803 1576 1838; x_wconf 89' lang='lat' dir='ltr'>tam</span> <span class='ocrx_word' id='word_1_202' title='bbox 1608 1798 1701 1840; x_wconf 90' lang='lat' dir='ltr'>vilis</span> 
     </span>
     <span class='ocr_line' id='line_1_25' title="bbox 175 1854 1658 1924; baseline 0.011 -29"><span class='ocrx_word' id='word_1_203' title='bbox 175 1859 345 1910; x_wconf 88' lang='lat' dir='ltr'>tamque</span> <span class='ocrx_word' id='word_1_204' title='bbox 376 1854 533 1898; x_wconf 88' lang='lat' dir='ltr'>abiecta</span> <span class='ocrx_word' id='word_1_205' title='bbox 563 1860 787 1901; x_wconf 85' lang='lat' dir='ltr'>excusandi</span> <span class='ocrx_word' id='word_1_206' title='bbox 819 1860 925 1902; x_wconf 89' lang='lat' dir='ltr'>ratio</span> <span class='ocrx_word' id='word_1_207' title='bbox 955 1876 1145 1918; x_wconf 91' lang='lat' dir='ltr'>unquam</span> <span class='ocrx_word' id='word_1_208' title='bbox 1178 1863 1344 1919; x_wconf 89' lang='lat' dir='ltr'>placere</span> <span class='ocrx_word' id='word_1_209' title='bbox 1375 1865 1476 1908; x_wconf 87' lang='lat' dir='ltr'>mihi</span> <span class='ocrx_word' id='word_1_210' title='bbox 1508 1875 1658 1924; x_wconf 86' lang='lat' dir='ltr'>posset.</span> 
     </span>
     <span class='ocr_line' id='line_1_26' title="bbox 233 1925 1696 1987; baseline 0.012 -21"><span class='ocrx_word' id='word_1_211' title='bbox 233 1925 288 1967; x_wconf 89' lang='lat' dir='ltr'>Et</span> <span class='ocrx_word' id='word_1_212' title='bbox 318 1925 395 1968; x_wconf 88' lang='lat' dir='ltr'>hoc</span> <span class='ocrx_word' id='word_1_213' title='bbox 425 1927 506 1970; x_wconf 91' lang='lat' dir='ltr'>iam</span> <span class='ocrx_word' id='word_1_214' title='bbox 540 1929 662 1971; x_wconf 89' lang='lat' dir='ltr'>amici</span> <span class='ocrx_word' id='word_1_215' title='bbox 693 1938 733 1972; x_wconf 93' lang='lat' dir='ltr'>et</span> <span class='ocrx_word' id='word_1_216' title='bbox 764 1932 837 1987; x_wconf 91' lang='lat' dir='ltr'>qui</span> <span class='ocrx_word' id='word_1_217' title='bbox 867 1947 964 1975; x_wconf 90' lang='lat' dir='ltr'>cum</span> <span class='ocrx_word' id='word_1_218' title='bbox 996 1934 1044 1975; x_wconf 92' lang='lat' dir='ltr'>iis</span> <span class='ocrx_word' id='word_1_219' title='bbox 1065 1935 1234 1977; x_wconf 87' lang='lat' dir='ltr'>tardum</span> <span class='ocrx_word' id='word_1_220' title='bbox 1251 1936 1440 1980; x_wconf 87' lang='lat' dir='ltr'>editionis</span> <span class='ocrx_word' id='word_1_221' title='bbox 1457 1953 1696 1983; x_wconf 87' lang='lat' dir='ltr'>successum</span> 
     </span>
     <span class='ocr_line' id='line_1_27' title="bbox 175 1998 1697 2067; baseline 0.011 -29"><span class='ocrx_word' id='word_1_222' title='bbox 175 2012 303 2054; x_wconf 87' lang='lat' dir='ltr'>aegre</span> <span class='ocrx_word' id='word_1_223' title='bbox 334 1998 521 2049; x_wconf 86' lang='lat' dir='ltr'>tulerint,</span> <span class='ocrx_word' id='word_1_224' title='bbox 554 2001 709 2044; x_wconf 87' lang='lat' dir='ltr'>dictum</span> <span class='ocrx_word' id='word_1_225' title='bbox 743 2003 818 2045; x_wconf 91' lang='lat' dir='ltr'>sibi</span> <span class='ocrx_word' id='word_1_226' title='bbox 849 2004 1039 2047; x_wconf 86' lang='lat' dir='ltr'>habeant.</span> <span class='ocrx_word' id='word_1_227' title='bbox 1081 2006 1157 2048; x_wconf 90' lang='lat' dir='ltr'>Est</span> <span class='ocrx_word' id='word_1_228' title='bbox 1183 2014 1319 2050; x_wconf 90' lang='lat' dir='ltr'>autem</span> <span class='ocrx_word' id='word_1_229' title='bbox 1340 2008 1429 2051; x_wconf 91' lang='lat' dir='ltr'>aliis</span> <span class='ocrx_word' id='word_1_230' title='bbox 1447 2025 1615 2067; x_wconf 89' lang='lat' dir='ltr'>quoque</span> <span class='ocrx_word' id='word_1_231' title='bbox 1633 2028 1697 2054; x_wconf 90' lang='lat' dir='ltr'>re-</span> 
     </span>
     <span class='ocr_line' id='line_1_28' title="bbox 173 2069 1698 2134; baseline 0.011 -25"><span class='ocrx_word' id='word_1_232' title='bbox 173 2069 462 2125; x_wconf 88' lang='lat' dir='ltr'>spondendum</span> <span class='ocrx_word' id='word_1_233' title='bbox 483 2070 608 2128; x_wconf 89' lang='lat' dir='ltr'>idque</span> <span class='ocrx_word' id='word_1_234' title='bbox 630 2077 818 2130; x_wconf 86' lang='lat' dir='ltr'>gravius,</span> <span class='ocrx_word' id='word_1_235' title='bbox 843 2076 915 2131; x_wconf 89' lang='lat' dir='ltr'>qui</span> <span class='ocrx_word' id='word_1_236' title='bbox 942 2092 1025 2119; x_wconf 90' lang='lat' dir='ltr'>non</span> <span class='ocrx_word' id='word_1_237' title='bbox 1053 2077 1210 2134; x_wconf 88' lang='lat' dir='ltr'>absque</span> <span class='ocrx_word' id='word_1_238' title='bbox 1233 2094 1391 2123; x_wconf 87' lang='lat' dir='ltr'>nausea</span> <span class='ocrx_word' id='word_1_239' title='bbox 1411 2081 1552 2125; x_wconf 84' lang='lat' dir='ltr'>forsan</span> <span class='ocrx_word' id='word_1_240' title='bbox 1574 2099 1698 2126; x_wconf 89' lang='lat' dir='ltr'>omne</span> 
     </span>
     <span class='ocr_line' id='line_1_29' title="bbox 174 2142 1697 2209; baseline 0.011 -27"><span class='ocrx_word' id='word_1_241' title='bbox 174 2155 317 2183; x_wconf 90' lang='lat' dir='ltr'>meum</span> <span class='ocrx_word' id='word_1_242' title='bbox 346 2142 535 2185; x_wconf 87' lang='lat' dir='ltr'>editionis</span> <span class='ocrx_word' id='word_1_243' title='bbox 565 2154 862 2202; x_wconf 86' lang='lat' dir='ltr'>argumentum</span> <span class='ocrx_word' id='word_1_244' title='bbox 897 2148 1104 2192; x_wconf 83' lang='lat' dir='ltr'>fastidiose</span> <span class='ocrx_word' id='word_1_245' title='bbox 1134 2151 1232 2193; x_wconf 91' lang='lat' dir='ltr'>satis</span> <span class='ocrx_word' id='word_1_246' title='bbox 1272 2152 1524 2209; x_wconf 86' lang='lat' dir='ltr'>improbant,</span> <span class='ocrx_word' id='word_1_247' title='bbox 1555 2155 1697 2198; x_wconf 89' lang='lat' dir='ltr'>oleum</span> 
     </span>
     <span class='ocr_line' id='line_1_30' title="bbox 173 2217 1694 2272; baseline 0.011 -19"><span class='ocrx_word' id='word_1_248' title='bbox 173 2227 222 2254; x_wconf 92' lang='lat' dir='ltr'>ac</span> <span class='ocrx_word' id='word_1_249' title='bbox 251 2228 421 2269; x_wconf 88' lang='lat' dir='ltr'>operam</span> <span class='ocrx_word' id='word_1_250' title='bbox 455 2229 520 2257; x_wconf 88' lang='lat' dir='ltr'>me</span> <span class='ocrx_word' id='word_1_251' title='bbox 552 2217 778 2272; x_wconf 87' lang='lat' dir='ltr'>perdidisse</span> <span class='ocrx_word' id='word_1_252' title='bbox 818 2219 1045 2263; x_wconf 90' lang='lat' dir='ltr'>clamantes</span> <span class='ocrx_word' id='word_1_253' title='bbox 1076 2224 1322 2266; x_wconf 87' lang='lat' dir='ltr'>memoriam</span> <span class='ocrx_word' id='word_1_254' title='bbox 1355 2226 1597 2268; x_wconf 88' lang='lat' dir='ltr'>renovando</span> <span class='ocrx_word' id='word_1_255' title='bbox 1629 2242 1694 2269; x_wconf 92' lang='lat' dir='ltr'>re-</span> 
     </span>
     <span class='ocr_line' id='line_1_31' title="bbox 170 2284 1695 2354; baseline 0.01 -29"><span class='ocrx_word' id='word_1_256' title='bbox 170 2284 461 2328; x_wconf 87' lang='lat' dir='ltr'>formatorculi</span> <span class='ocrx_word' id='word_1_257' title='bbox 492 2294 575 2330; x_wconf 91' lang='lat' dir='ltr'>tam</span> <span class='ocrx_word' id='word_1_258' title='bbox 606 2289 739 2346; x_wconf 89' lang='lat' dir='ltr'>ignoti</span> <span class='ocrx_word' id='word_1_259' title='bbox 772 2298 942 2348; x_wconf 87' lang='lat' dir='ltr'>tamque</span> <span class='ocrx_word' id='word_1_260' title='bbox 974 2293 1154 2343; x_wconf 88' lang='lat' dir='ltr'>obscuri,</span> <span class='ocrx_word' id='word_1_261' title='bbox 1186 2302 1236 2337; x_wconf 90' lang='lat' dir='ltr'>ut</span> <span class='ocrx_word' id='word_1_262' title='bbox 1261 2311 1415 2339; x_wconf 91' lang='lat' dir='ltr'>nomen</span> <span class='ocrx_word' id='word_1_263' title='bbox 1433 2297 1521 2340; x_wconf 89' lang='lat' dir='ltr'>eius</span> <span class='ocrx_word' id='word_1_264' title='bbox 1542 2299 1695 2354; x_wconf 90' lang='lat' dir='ltr'>spatio·</span> 
     </span>
     <span class='ocr_line' id='line_1_32' title="bbox 169 2357 1693 2424; baseline 0.01 -26"><span class='ocrx_word' id='word_1_265' title='bbox 169 2357 328 2400; x_wconf 89' lang='lat' dir='ltr'>sissima</span> <span class='ocrx_word' id='word_1_266' title='bbox 367 2358 437 2400; x_wconf 89' lang='lat' dir='ltr'>vix</span> <span class='ocrx_word' id='word_1_267' title='bbox 471 2359 692 2404; x_wconf 84' lang='lat' dir='ltr'>exhibeant</span> <span class='ocrx_word' id='word_1_268' title='bbox 722 2362 917 2406; x_wconf 89' lang='lat' dir='ltr'>historiae</span> <span class='ocrx_word' id='word_1_269' title='bbox 948 2366 1206 2422; x_wconf 88' lang='lat' dir='ltr'>compendia,</span> <span class='ocrx_word' id='word_1_270' title='bbox 1238 2369 1393 2424; x_wconf 89' lang='lat' dir='ltr'>scripta</span> <span class='ocrx_word' id='word_1_271' title='bbox 1424 2375 1538 2411; x_wconf 87' lang='lat' dir='ltr'>certe</span> <span class='ocrx_word' id='word_1_272' title='bbox 1568 2385 1693 2414; x_wconf 89' lang='lat' dir='ltr'>nemo</span> 
     </span>
     <span class='ocr_line' id='line_1_33' title="bbox 169 2427 1692 2496; baseline 0.01 -26"><span class='ocrx_word' id='word_1_273' title='bbox 169 2427 386 2472; x_wconf 86' lang='lat' dir='ltr'>desideret.</span> <span class='ocrx_word' id='word_1_274' title='bbox 447 2428 491 2473; x_wconf 84' lang='lat' dir='ltr'>Si</span> <span class='ocrx_word' id='word_1_275' title='bbox 536 2433 608 2487; x_wconf 91' lang='lat' dir='ltr'>qui</span> <span class='ocrx_word' id='word_1_276' title='bbox 639 2433 719 2476; x_wconf 86' lang='lat' dir='ltr'>sint</span> <span class='ocrx_word' id='word_1_277' title='bbox 749 2434 857 2477; x_wconf 91' lang='lat' dir='ltr'>inter</span> <span class='ocrx_word' id='word_1_278' title='bbox 888 2436 975 2486; x_wconf 89' lang='lat' dir='ltr'>hos,</span> <span class='ocrx_word' id='word_1_279' title='bbox 1008 2438 1080 2493; x_wconf 90' lang='lat' dir='ltr'>qui</span> <span class='ocrx_word' id='word_1_280' title='bbox 1109 2447 1331 2496; x_wconf 87' lang='lat' dir='ltr'>propterea</span> <span class='ocrx_word' id='word_1_281' title='bbox 1363 2447 1558 2484; x_wconf 87' lang='lat' dir='ltr'>aeternae</span> <span class='ocrx_word' id='word_1_282' title='bbox 1588 2441 1692 2485; x_wconf 91' lang='lat' dir='ltr'>obli-</span> 
     </span>
     <span class='ocr_line' id='line_1_34' title="bbox 167 2501 1689 2567; baseline 0.009 -25"><span class='ocrx_word' id='word_1_283' title='bbox 167 2501 279 2543; x_wconf 92' lang='lat' dir='ltr'>vioni</span> <span class='ocrx_word' id='word_1_284' title='bbox 323 2501 504 2545; x_wconf 81' lang='lat' dir='ltr'>Lascum</span> <span class='ocrx_word' id='word_1_285' title='bbox 539 2511 728 2548; x_wconf 89' lang='lat' dir='ltr'>nostrum</span> <span class='ocrx_word' id='word_1_286' title='bbox 761 2522 913 2550; x_wconf 90' lang='lat' dir='ltr'>vovere</span> <span class='ocrx_word' id='word_1_287' title='bbox 946 2509 1130 2562; x_wconf 85' lang='lat' dir='ltr'>mallent,</span> <span class='ocrx_word' id='word_1_288' title='bbox 1162 2527 1215 2553; x_wconf 91' lang='lat' dir='ltr'>ne</span> <span class='ocrx_word' id='word_1_289' title='bbox 1245 2512 1320 2567; x_wconf 88' lang='lat' dir='ltr'>ipsi</span> <span class='ocrx_word' id='word_1_290' title='bbox 1361 2511 1604 2555; x_wconf 86' lang='lat' dir='ltr'>viderentur</span> <span class='ocrx_word' id='word_1_291' title='bbox 1639 2514 1689 2556; x_wconf 88' lang='lat' dir='ltr'>ad</span> 
     </span>
     <span class='ocr_line' id='line_1_35' title="bbox 165 2576 1686 2642; baseline 0.009 -28"><span class='ocrx_word' id='word_1_292' title='bbox 165 2587 317 2615; x_wconf 84' lang='lat' dir='ltr'>nornen</span> <span class='ocrx_word' id='word_1_293' title='bbox 350 2589 483 2630; x_wconf 91' lang='lat' dir='ltr'>usque</span> <span class='ocrx_word' id='word_1_294' title='bbox 515 2576 771 2632; x_wconf 84' lang='lat' dir='ltr'>ignoravisse</span> <span class='ocrx_word' id='word_1_295' title='bbox 803 2579 1027 2633; x_wconf 89' lang='lat' dir='ltr'>hominem,</span> <span class='ocrx_word' id='word_1_296' title='bbox 1059 2597 1182 2637; x_wconf 90' lang='lat' dir='ltr'>quem</span> <span class='ocrx_word' id='word_1_297' title='bbox 1205 2589 1345 2625; x_wconf 89' lang='lat' dir='ltr'>tamen</span> <span class='ocrx_word' id='word_1_298' title='bbox 1368 2592 1542 2626; x_wconf 87' lang='lat' dir='ltr'>eventus</span> <span class='ocrx_word' id='word_1_299' title='bbox 1563 2591 1686 2642; x_wconf 81' lang='lat' dir='ltr'>grata</span> 
     </span>
     <span class='ocr_line' id='line_1_36' title="bbox 164 2645 1681 2711; baseline 0.009 -25"><span class='ocrx_word' id='word_1_300' title='bbox 164 2645 366 2688; x_wconf 88' lang='lat' dir='ltr'>memoria</span> <span class='ocrx_word' id='word_1_301' title='bbox 397 2653 537 2689; x_wconf 87' lang='lat' dir='ltr'>nostra</span> <span class='ocrx_word' id='word_1_302' title='bbox 568 2648 677 2690; x_wconf 85' lang='lat' dir='ltr'>haud</span> <span class='ocrx_word' id='word_1_303' title='bbox 710 2665 796 2692; x_wconf 91' lang='lat' dir='ltr'>uno</span> <span class='ocrx_word' id='word_1_304' title='bbox 826 2652 994 2694; x_wconf 89' lang='lat' dir='ltr'>nomine</span> <span class='ocrx_word' id='word_1_305' title='bbox 1016 2653 1192 2711; x_wconf 90' lang='lat' dir='ltr'>dignum</span> <span class='ocrx_word' id='word_1_306' title='bbox 1215 2655 1341 2711; x_wconf 90' lang='lat' dir='ltr'>plane</span> <span class='ocrx_word' id='word_1_307' title='bbox 1362 2655 1485 2698; x_wconf 88' lang='lat' dir='ltr'>fuisse</span> <span class='ocrx_word' id='word_1_308' title='bbox 1506 2655 1681 2709; x_wconf 82' lang='lat' dir='ltr'>docebit,</span> 
     </span>
     <span class='ocr_line' id='line_1_37' title="bbox 163 2715 1682 2783; baseline 0.007 -24"><span class='ocrx_word' id='word_1_309' title='bbox 163 2715 205 2759; x_wconf 87' lang='lat' dir='ltr'>hi</span> <span class='ocrx_word' id='word_1_310' title='bbox 223 2717 320 2758; x_wconf 87' lang='lat' dir='ltr'>satis</span> <span class='ocrx_word' id='word_1_311' title='bbox 335 2717 411 2773; x_wconf 91' lang='lat' dir='ltr'>ipsi</span> <span class='ocrx_word' id='word_1_312' title='bbox 427 2718 678 2776; x_wconf 87' lang='lat' dir='ltr'>intelligent,</span> <span class='ocrx_word' id='word_1_313' title='bbox 701 2737 836 2777; x_wconf 89' lang='lat' dir='ltr'>spero,</span> <span class='ocrx_word' id='word_1_314' title='bbox 860 2739 926 2765; x_wconf 90' lang='lat' dir='ltr'>me</span> <span class='ocrx_word' id='word_1_315' title='bbox 945 2724 1047 2768; x_wconf 85' lang='lat' dir='ltr'>nihil</span> <span class='ocrx_word' id='word_1_316' title='bbox 1068 2727 1225 2769; x_wconf 87' lang='lat' dir='ltr'>morari</span> <span class='ocrx_word' id='word_1_317' title='bbox 1240 2742 1359 2783; x_wconf 90' lang='lat' dir='ltr'>posse</span> <span class='ocrx_word' id='word_1_318' title='bbox 1376 2742 1521 2769; x_wconf 86' lang='lat' dir='ltr'>eorum</span> <span class='ocrx_word' id='word_1_319' title='bbox 1541 2743 1564 2770; x_wconf 87' lang='lat' dir='ltr'>a</span> <span class='ocrx_word' id='word_1_320' title='bbox 1581 2729 1682 2770; x_wconf 88' lang='lat' dir='ltr'>stul-</span> 
     </span>
     <span class='ocr_line' id='line_1_38' title="bbox 162 2787 1682 2844; baseline 0.008 -15"><span class='ocrx_word' id='word_1_321' title='bbox 162 2787 250 2830; x_wconf 83' lang='lat' dir='ltr'>titia</span> <span class='ocrx_word' id='word_1_322' title='bbox 279 2789 508 2844; x_wconf 87' lang='lat' dir='ltr'>profectam</span> <span class='ocrx_word' id='word_1_323' title='bbox 540 2790 885 2836; x_wconf 82' lang='lat' dir='ltr'>obtrectationem</span> <span class='ocrx_word' id='word_1_324' title='bbox 916 2802 957 2837; x_wconf 88' lang='lat' dir='ltr'>et</span> <span class='ocrx_word' id='word_1_325' title='bbox 988 2811 1080 2838; x_wconf 89' lang='lat' dir='ltr'>mea</span> <span class='ocrx_word' id='word_1_326' title='bbox 1103 2797 1191 2839; x_wconf 88' lang='lat' dir='ltr'>vice</span> <span class='ocrx_word' id='word_1_327' title='bbox 1213 2797 1396 2839; x_wconf 87' lang='lat' dir='ltr'>fastidire</span> <span class='ocrx_word' id='word_1_328' title='bbox 1425 2798 1682 2841; x_wconf 82' lang='lat' dir='ltr'>malesanum</span> 
     </span>
     <span class='ocr_line' id='line_1_39' title="bbox 163 2861 1683 2922; baseline 0.007 -18"><span class='ocrx_word' id='word_1_329' title='bbox 163 2874 308 2904; x_wconf 86' lang='lat' dir='ltr'>eorum</span> <span class='ocrx_word' id='word_1_330' title='bbox 340 2861 527 2906; x_wconf 86' lang='lat' dir='ltr'>inscitiae</span> <span class='ocrx_word' id='word_1_331' title='bbox 558 2864 805 2922; x_wconf 84' lang='lat' dir='ltr'>suffugium.</span> <span class='ocrx_word' id='word_1_332' title='bbox 838 2864 965 2921; x_wconf 79' lang='lat' dir='ltr'>Quod</span> <span class='ocrx_word' id='word_1_333' title='bbox 996 2867 1221 2913; x_wconf 89' lang='lat' dir='ltr'>ridiculum</span> <span class='ocrx_word' id='word_1_334' title='bbox 1254 2875 1319 2912; x_wconf 88' lang='lat' dir='ltr'>est</span> <span class='ocrx_word' id='word_1_335' title='bbox 1338 2870 1524 2913; x_wconf 88' lang='lat' dir='ltr'>suaviter</span> <span class='ocrx_word' id='word_1_336' title='bbox 1545 2869 1683 2914; x_wconf 86' lang='lat' dir='ltr'>ridere</span> 
     </span>
    </p>
   </div>
  </div>
 </body>
</html>
