1818 3178
186 155 253 190 143
532 152 582 185 im
610 156 891 185 sAcRAMEN'Hs
919 154 1133 181 EchnsmE
1161 153 1340 181 cflmsri.
1382 165 1388 172 -

184 275 262 300 cum
300 260 507 303 elementis,
542 257 605 294 alii
642 269 725 293 vero
763 256 801 293 in
842 255 1002 292 ministri
1043 267 1164 305 opere,
1199 256 1349 293 nomine
1390 255 1447 293 sui
1484 254 1696 300 ministerii,

182 327 243 364 alii
279 338 361 362 vero
400 325 435 360 in
474 335 580 372 opere
617 321 767 371 spiritus
796 320 927 365 sancti,
962 319 1026 369 qui
1052 325 1088 356 et
1114 319 1192 370 ipse
1218 323 1274 357 est
1308 319 1493 363 assiduus,
1527 321 1570 355 ut
1598 317 1696 355 dixi·

184 402 274 432 mus,
309 387 411 423 testis
444 385 672 432 glorificator
707 387 742 420 et
780 382 1013 433 cooperarius
1051 381 1188 420 Christi
1226 382 1377 420 Domini
1414 382 1451 419 in
1490 380 1606 432 ipsius
1633 380 1692 418 in—

187 451 388 489 stitutione.

234 515 318 552 Non
349 513 479 550 attinet
505 516 625 549 autem
654 523 951 557 commemorare,
977 504 1131 560 quinam
1156 510 1195 547 in
1223 511 1345 561 aliqua
1373 510 1529 548 istarum
1551 512 1699 547 senten-

181 580 230 616 tia
259 584 342 614 sunt
369 582 431 614 aut
459 577 618 613 fuerunt.
673 576 744 612 Res
771 575 895 612 notior
923 580 990 620 est,
1028 587 1139 625 quam
1177 578 1215 611 ut
1250 574 1364 625 repeti
1395 573 1454 611 hic
1483 573 1625 618 debeat,
1665 576 1700 610 et

185 656 263 685 nos,
290 646 431 691 praeter
459 639 872 677 tramsubstantiatorios
901 638 1071 676 doctores
1098 639 1197 685 illos,
1224 651 1380 689 quorum
1410 650 1499 675 sane
1528 637 1701 688 blasphe-

184 707 277 743 miae
313 710 347 742 et
385 705 594 741 idololatria
631 704 668 741 in
707 704 846 741 Christi
883 703 1049 740 Ecclesia
1086 703 1174 740 ferri
1211 715 1288 740 non
1324 706 1502 753 possunt,
1539 702 1702 753 reliquos

182 783 308 807 onmes
345 770 380 806 in
418 769 576 806 Domino
613 781 839 809 veneramur,
876 768 1165 817 memoriamque
1193 767 1354 811 illorum.
1391 766 1538 804 etiamsi
1564 766 1701 804 alicubi

183 834 378 871 humanum
418 833 592 883 quiddam
628 833 726 883 passi
763 833 848 877 sint,
877 836 1150 869 sacrosanctam
1177 832 1288 882 plane
1316 830 1508 877 habemus,
1536 834 1577 868 ut
1605 843 1697 881 quos

181 901 258 934 toto
297 902 442 947 pectore
485 897 641 945 gloriam
682 896 751 934 Dei
787 896 1013 947 quaesivisse
1050 900 1085 933 et
1121 895 1350 933 admirandis
1389 894 1459 933 Dei
1496 895 1579 943 (fol.
1616 895 1702 942 40³)

182 960 288 997 (lonis
314 960 511 1009 insigniter
539 965 689 997 ornatos
717 961 843 1006 fuisse,
870 960 971 997 nullo
1001 960 1111 997 modo
1141 960 1370 998 dubitamus.

233 1024 391 1061 Omissis
428 1025 550 1074 itaque
586 1025 812 1071 nominibus,
857 1038 933 1061 rein
978 1025 1096 1075 ipsam
1132 1024 1364 1062 intuebimur
1406 1027 1442 1061 et
1481 1022 1702 1070 videbimus,

184 1102 271 1126 uum
309 1102 393 1126 vera
429 1090 713 1127 Sacramentalis
751 1089 837 1127 unio
873 1089 993 1140 posita
1031 1089 1078 1127 sit
1107 1094 1168 1127 aut
1195 1089 1234 1126 in
1263 1089 1353 1126 reali
1379 1089 1443 1126 illa
1472 1088 1702 1138 signatorum

185 1166 265 1189 sum
301 1153 490 1202 signorum
519 1154 708 1192 elementis
737 1154 980 1200 connexione,
1008 1158 1070 1191 aut
1098 1154 1136 1191 in
1167 1153 1328 1191 ministri
1357 1165 1479 1204 opere,
1505 1151 1708 1192 ministerii.

185 1218 239 1254 sui
269 1219 435 1263 nomine,
461 1222 522 1256 aut
550 1219 587 1256 in
617 1232 724 1269 opere
752 1218 904 1269 spiritus
933 1218 1054 1256 sancti
1083 1218 1211 1269 ipsiuS.

237 1283 327 1319 Cum
354 1287 476 1321 autem
503 1284 572 1321 alia
603 1283 750 1320 unionis
780 1283 874 1320 ratio
902 1283 939 1320 in
970 1283 1219 1321 Sacramentis
1247 1282 1428 1321 constitui
1456 1282 1556 1319 nulla
1575 1281 1708 1333 possit,

187 1347 256 1383 nisi
293 1360 385 1396 quae
422 1347 592 1396 mysterio
626 1347 697 1398 ipsi
734 1347 900 1384 omnium
929 1348 1254 1385 Sacramentorum
1291 1346 1512 1397 respondeat
1545 1359 1588 1383 ac
1617 1346 1707 1383 sub-

188 1411 332 1454 serviat,
361 1411 459 1461 quod
487 1412 524 1448 in
553 1416 678 1448 nostra
708 1424 791 1448 cum
819 1411 968 1449 Christo
991 1411 1151 1449 Domino
1171 1411 1431 1449 communione
1447 1411 1609 1461 positum
1630 1423 1709 1448 esse

190 1474 430 1519 ostendimus,
457 1474 534 1524 ipsa
562 1475 672 1512 nobis
700 1476 795 1513 ratio
824 1480 973 1512 nostrae
1002 1488 1085 1512 cuin
1114 1475 1262 1513 Christo
1291 1475 1453 1513 Domino
1474 1475 1707 1512 communio-

189 1538 245 1574 nis
281 1538 496 1588 exponcnda
534 1544 600 1583 cst,
637 1546 675 1577 ut
712 1540 912 1583 videamus,
949 1553 1019 1590 qua
1058 1545 1160 1591 parte
1197 1540 1408 1577 communio
1448 1540 1538 1577 haec
1568 1539 1707 1576 Christi

189 1602 383 1639 nobiscum
419 1616 460 1640 ac
491 1608 615 1641 nostra
645 1618 725 1641 cum
754 1605 833 1655 ipso
872 1605 1032 1642 vicissim
1064 1605 1111 1642 sit
1139 1605 1355 1655 mysterium
1385 1605 1550 1642 omnium
1581 1617 1704 1642 sacra·

189 1671 408 1705 mentorum.
462 1669 519 1705 Ita
563 1669 658 1706 enim
702 1670 810 1719 facile
857 1670 1002 1707 demum
1038 1669 1301 1718 intelligemus,
1338 1683 1518 1720 quaenam
1558 1668 1707 1706 unionis

191 1736 448 1769 controversae
473 1733 578 1771 istius
607 1735 803 1784 explicatio
832 1735 950 1784 magis
979 1734 1026 1772 ad
1051 1735 1267 1772 institutum
1295 1734 1621 1772 sacramentarium
1649 1734 1705 1771 fa-

191 1808 281 1841 cere,
318 1799 563 1848 mysterioque
590 1799 754 1849 ipsorum
781 1800 899 1849 magis
929 1800 1137 1837 subservire
1165 1799 1347 1838 videatur.
1400 1800 1532 1850 Itaque
1558 1801 1708 1837 nostrae

190 1872 271 1896 cum
300 1860 447 1898 Christo
477 1863 748 1900 counnunionis
776 1864 958 1901 rationem
986 1864 1209 1902 intueamur.

240 1924 400 1962 Primum
431 1931 551 1963 autem
579 1940 649 1964 vox
678 1927 756 1977 ipsa
785 1928 1059 1965 communionis
1088 1930 1308 1979 exponenda
1336 1934 1403 1971 est,
1431 1941 1522 1978 quae
1552 1927 1705 1965 Graecis

190 1992 359 2025 κοινωνίαι
397 1988 590 2035 voca-(fol.
619 1989 780 2035 40¹³)tur,
815 1993 856 2025 ut
894 2003 967 2027 rem
1005 1990 1122 2040 ipsam
1160 1995 1287 2040 postea
1323 1989 1454 2027 melius
1484 2002 1708 2039 cognoscere

186 2061 380 2098 possunus.

243 2119 423 2154 Κοινωνὶιι
451 2115 563 2164 igitur
600 2116 696 2166 apud
736 2117 898 2155 Graecos
934 2118 1109 2167 ambigua
1138 2131 1210 2155 vox
1237 2122 1305 2161 est.
1332 2117 1644 2169 quemadmodum
1672 2121 1708 2156 et,

191 2177 284 2226 apud
322 2177 476 2216 Latinos
514 2181 737 2227 communic,
773 2182 826 2218 sic
858 2186 899 2219 ut
934 2181 971 2219 et
1005 2183 1124 2220 active
1161 2183 1193 2220 ct
1231 2182 1376 2233 passive
1418 2182 1536 2233 accipi
1569 2182 1710 2233 possit,

192 2240 266 2276 sive
313 2255 482 2280 vocemus
527 2244 596 2294 ipsi
645 2246 683 2282 in
723 2247 1019 2284 communionem
1059 2247 1165 2291 alios,
1203 2248 1279 2285 sive
1315 2247 1361 2285 ab
1398 2246 1481 2284 aliis
1520 2259 1706 2284 vocemur.

194 2306 471 2345 Communieare
507 2310 603 2346 enim
641 2310 797 2348 dicimur
833 2312 869 2349 et
897 2325 992 2359 cum,
1020 2326 1112 2363 quae
1140 2318 1265 2350 nostra
1297 2316 1395 2356 sunt,
1431 2312 1512 2349 aliis
1539 2310 1706 2362 imperti-

193 2380 285 2413 mur,
313 2369 347 2406 et
376 2384 455 2408 cum
480 2372 516 2409 in
538 2387 674 2419 eorum,
701 2389 793 2425 quae
814 2381 938 2414 nostra
958 2391 1033 2416 non
1055 2382 1153 2424 sunt,
1172 2378 1494 2429 participationem
1520 2390 1708 2423 vocamur,

196 2446 371 2483 usumque
405 2436 482 2472 eius
518 2438 632 2487 ipsius
669 2441 963 2490 participationis
991 2443 1205 2481 retinemus.
1260 2442 1370 2493 Apud
1399 2442 1554 2479 Latinos
1584 2445 1706 2479 tamen

194 2497 229 2533 in
268 2498 382 2534 activa
413 2500 682 2547 significatione
721 2506 1022 2553 conmunicatio,
1057 2507 1095 2545 in
1132 2507 1280 2558 passiva
1317 2519 1402 2544 vero
1433 2504 1707 2555 significatione

193 2561 402 2597 communio
441 2564 514 2600 scre
551 2571 714 2613 vocatur,
741 2568 885 2606 etiamsi
913 2571 1066 2609 alterum
1095 2585 1163 2623 pro
1190 2572 1306 2609 altero
1333 2570 1504 2621 usurpari
1531 2570 1663 2621 possit.

243 2624 500 2664 Iurisconsulti
529 2630 736 2669 societatem
768 2647 875 2684 super
902 2648 1022 2673 rerum
1051 2637 1256 2687 aliquarum
1287 2634 1548 2673 communione
1573 2634 1704 2671 initam

192 2695 382 2729 ustvwviav
417 2692 624 2741 appellant,
660 2701 784 2746 estque
821 2698 949 2737 titulus
986 2701 1081 2751 apud
1120 2701 1224 2745 illos,
1261 2705 1344 2749 περὶ
1381 2704 1601 2745 κοινωνίαις,
1635 2698 1708 2735 1¹00

191 2758 257 2798 cst,
294 2754 337 2790 dc
364 2754 454 2791 inita
484 2768 588 2805 super
616 2770 734 2796 rerum
764 2763 1024 2801 communione
1051 2765 1248 2810 societate,
1276 2765 1352 2802 sive
1378 2776 1483 2808 eum,
1510 2762 1574 2813 qui
1602 2774 1705 2799 com-

190 2819 403 2856 munionem
440 2819 591 2866 deferat,
627 2822 702 2859 sive
735 2824 832 2869 illos,
867 2828 932 2877 qui
967 2828 1005 2866 in
1033 2842 1111 2867 eam
1140 2829 1260 2868 vocati
1288 2829 1374 2875 sint,
1401 2828 1630 2874 intueamur3
1668 2831 1704 2865 et

191 2883 251 2933 qui
280 2883 455 2921 eiusmodi
486 2885 672 2924 societatis
700 2890 894 2940 participes
922 2895 1021 2939 sunt,
1048 2899 1218 2935 κοινωνοί
1245 2898 1436 2933 vocantur.
