1818 3178
195 100 270 137 412
696 107 912 136 RESPONSIO
939 110 1036 137 ADv.
1065 108 1235 136 11031011.

200 210 399 249 verborum
435 212 582 249 Coenae
617 210 854 254 solemnium,
896 214 939 248 ut
975 213 1123 256 vocant,
1158 210 1389 256 recitatione,
1424 215 1537 262 atque
1570 211 1624 250 ita
1660 212 1725 249 de-

201 289 304 313 mum
340 279 598 313 consecratum
633 288 676 313 eo
712 274 825 312 modo
852 288 988 326 panem
1013 275 1136 326 ipsum
1165 275 1310 314 Coenae
1337 277 1618 314 Sacramentum
1646 289 1726 314 esse

199 343 345 391 putant,
381 343 417 377 et
451 339 631 391 quicquid
666 339 711 378 de
746 352 840 391 pane
876 340 958 390 ipso
994 341 1140 378 Coenae
1177 333 1252 377 dici
1287 354 1308 378 a
1345 340 1457 378 nobis
1490 340 1660 385 audiunt,
1686 340 1725 377 id

200 408 320 441 totum
357 417 427 441 nos
465 404 508 441 de
544 403 626 455 ipso
665 405 810 443 Coenae
846 405 1089 442 Sacramento
1118 404 1239 442 dicere
1267 405 1510 451 arbitrantur,
1546 417 1627 442 cum
1656 417 1726 442 nos

203 470 348 506 Coenae
383 469 565 506 elementa
600 483 621 506 a
658 470 804 507 Coenae
839 470 1080 507 Saeramento
1117 469 1170 507 ita
1206 469 1461 508 discernamus
1490 482 1645 520 semper,
1674 473 1728 514 ut,

200 532 270 569 etsi
296 532 433 571 millies
462 533 537 570 sint
565 546 629 583 per
658 533 877 571 Ministrum
906 537 1135 579 consecrata,
1160 533 1202 571 in
1229 534 1331 572 nulla
1353 538 1477 572 tamen
1496 533 1727 571 Sacramenti

200 601 305 646 parte
348 610 390 634 ea
434 610 663 643 censeamus,
708 598 926 649 priusquam
960 597 1158 635 institutae
1193 611 1258 648 per
1295 597 1487 636 Christum
1523 597 1726 635 Dominum

201 662 342 700 actioni
379 662 561 712 Mysticae
598 663 862 701 adhibeantur.
916 662 963 700 In
997 662 1080 713 ipsa
1106 666 1228 700 autem
1255 662 1414 706 actione,
1442 668 1518 699 tam
1546 662 1726 699 elementa

200 726 295 777 ipsa,
331 740 443 778 quam
479 731 669 764 externam
708 732 826 764 totam
864 726 967 764 illam
996 729 1144 764 Coenae
1171 726 1472 764 observationem
1500 724 1728 763 sanctificari

203 790 352 841 vimque
387 803 431 828 ac
468 790 689 840 dig-nitatem
718 791 950 828 Sacramenti
978 790 1150 828 obtinere
1178 791 1368 835 docemus,
1393 794 1544 841 propter
1571 789 1727 826 adiunc-

201 860 281 893 tum
309 855 365 893 illi
394 856 550 894 coeleste
576 856 808 905 mysterium,
837 868 969 906 nempe
997 855 1163 906 corporis
1192 859 1226 893 et
1254 855 1449 904 sanguinis
1465 854 1606 892 Christi
1625 867 1727 891 com-

202 919 431 963 munionem,
460 933 533 970 qua
561 920 711 971 quidem
739 919 779 957 in
807 920 953 957 Coenae
982 932 1051 956 usu
1078 932 1162 957 vere
1189 919 1348 957 fruimur
1374 932 1438 970 per
1457 918 1567 956 fidem
1587 931 1629 956 ex
1642 919 1728 966 (51)

202 983 343 1021 Christi
377 983 534 1021 Domini
568 984 824 1022 institutione.
878 984 954 1020 Hic
992 996 1077 1020 vero
1113 983 1186 1020 iam
1225 983 1337 1021 habet
1374 982 1516 1020 Hosius
1544 995 1726 1020 summam

200 1048 393 1086 doctrinae
420 1062 522 1086 meae
550 1048 594 1086 de
623 1049 746 1086 Coena
774 1061 819 1086 ex
849 1061 927 1086 mea
955 1048 1073 1099 ipsius
1103 1049 1349 1094 confessione,
1376 1052 1412 1085 et
1440 1047 1577 1085 sentire
1594 1051 1730 1097 potest,

202 1113 232 1150 si
269 1113 360 1164 quid
395 1113 509 1151 modo
548 1127 677 1151 sensus
706 1113 830 1157 habet,
857 1126 935 1151 non
963 1114 1122 1151 obscure
1151 1113 1212 1150 hic
1238 1113 1369 1164 impeti
1397 1125 1507 1150 suum
1534 1117 1569 1150 et
1597 1113 1727 1149 Sacer-

203 1177 346 1215 dotium
383 1178 495 1215 simul
533 1183 569 1215 et
607 1178 853 1222 Sacrificium,
890 1191 956 1228 pro
986 1191 1059 1228 quo
1089 1178 1222 1215 misere
1250 1177 1433 1215 sollicitus
1461 1191 1541 1215 esse
1569 1177 1728 1215 videtur.

204 1241 525 1292 Propugnandum
561 1242 679 1291 igitur
716 1242 789 1279 sibi
827 1242 886 1279 hic
923 1242 1113 1292 suscipiat,
1148 1256 1343 1292 meamque
1371 1241 1596 1285 doctrinam,
1624 1242 1654 1279 si
1682 1241 1728 1278 li-

199 1305 273 1352 bet,
311 1319 388 1343 non
424 1319 469 1343 ex
506 1305 807 1344 adversariorum
844 1306 1054 1350 calumniis,
1097 1307 1199 1357 quod
1237 1320 1326 1344 sane
1361 1320 1436 1344 non
1474 1312 1529 1344 est
1566 1305 1728 1344 hominis

199 1371 367 1419 ingenui,
407 1371 471 1409 sed
500 1384 543 1408 ex
572 1385 650 1408 nica
680 1371 799 1422 ipsius
828 1371 1076 1416 confessione,
1111 1371 1237 1422 petitis
1265 1371 1408 1422 alioqui
1436 1371 1480 1408 ad
1511 1384 1590 1408 eam
1620 1371 1730 1409 claris

198 1448 242 1473 ac
270 1435 592 1473 consentientibus
622 1436 838 1486 Scripturae
855 1436 1083 1474 testimoniis
1111 1441 1147 1474 et
1166 1436 1391 1481 rationibus,
1411 1441 1614 1487 oppugnet.
1646 1436 1728 1474 Nos

199 1500 297 1538 enim
336 1501 547 1538 unanimem
584 1501 700 1538 totius
737 1501 954 1551 Scripturae
993 1501 1204 1539 Canonicae
1230 1505 1406 1546 mentem,
1434 1502 1494 1538 cui
1521 1501 1728 1538 Ecclesiam

202 1578 349 1615 quoque
376 1565 487 1603 inniti
519 1570 703 1616 oporteat,
732 1578 859 1602 verum
887 1565 980 1602 illud
1010 1568 1121 1616 atque
1149 1570 1341 1603 aeternum
1369 1565 1438 1602 Dei
1465 1565 1622 1602 verbum
1650 1579 1730 1603 esse

201 1644 278 1668 non
307 1629 533 1675 dubitamus,
560 1643 671 1680 quam
699 1629 848 1667 interim
877 1630 1056 1680 peculiari
1085 1630 1183 1667 dono
1215 1630 1376 1681 Spiritus
1406 1631 1534 1668 Sancti
1563 1631 1730 1675 revelari,

201 1694 338 1745 quibus
365 1695 429 1732 ille
457 1695 536 1732 vult
563 1699 599 1732 et
626 1708 693 1745 pro
722 1708 763 1732 eo
793 1708 836 1732 ac
864 1695 954 1741 vult,
983 1708 1067 1732 cum
1094 1696 1210 1732 Paulo
1241 1695 1424 1746 Apostolo
1452 1696 1683 1746 profitemur.

305 1825 566 1864 Articulus
593 1825 861 1875 vigesimus
889 1826 1066 1864 tertius
1101 1825 1181 1876 qui
1216 1830 1260 1863 et
1295 1825 1512 1864 ultimus.
1541 1827 1627 1874 (52)

256 1957 383 1993 nCum
421 1956 581 1993 Sanctus
618 1955 755 1993 Paulus
784 1955 912 1993 docet:
948 1956 1076 2002 Panis,
1104 1969 1212 2007 quem
1239 1956 1464 2005 frangimus,
1492 1969 1617 1994 nonne
1643 1969 1729 2007 par-

206 2020 405 2071 nticipatio
452 2020 617 2070 corporis
655 2020 796 2057 Ch1isti
831 2021 923 2064 est?,
960 2020 1137 2058 debemus
1175 2020 1287 2058 verba
1325 2020 1415 2058 haec
1455 2021 1728 2072 uP·1rticipatio

206 2085 405 2136 ucorporis
433 2084 612 2122 Domini”
638 2085 806 2136 accipere
831 2097 900 2135 pro
930 2085 1158 2123 nCatholica
1187 2085 1366 2124 Ecclesia.
1372 2085 1429 2102 ”⁹⁹

825 2215 1114 2266 Responsio.

257 2347 365 2385 Quae
400 2359 421 2384 a
458 2344 662 2383 mendaciis
697 2344 848 2383 initium
886 2357 994 2383 suum
1023 2343 1249 2388 habuerunt,
1285 2355 1362 2381 non
1387 2346 1592 2393 potuerunt
1619 2341 1730 2379 etiam

206 2410 279 2448 nisi
314 2410 354 2447 in
389 2409 583 2448 mendacia
620 2409 801 2448 desinere.
856 2409 926 2447 Est
954 2412 1078 2447 autem
1107 2407 1244 2459 duplex
1270 2407 1311 2444 in
1341 2407 1412 2444 hoc
1438 2407 1595 2444 articulo
1623 2419 1728 2443 men-

204 2475 364 2512 dacium.
419 2475 603 2520 Alterum,
648 2474 735 2512 dum
779 2474 918 2512 Panem
963 2474 1108 2511 Coenae
1144 2473 1216 2510 1100
1251 2472 1357 2510 Pauli
1394 2472 1478 2509 1000
1517 2465 1640 2508 vocari
1676 2471 1729 2510 ait

203 2538 525 2590 participationem
555 2539 722 2591 corporis
750 2538 902 2582 Christi,
927 2558 977 2566 —
1005 2538 1162 2575 alterum
1192 2550 1278 2574 vero
1299 2536 1387 2574 dum
1406 2549 1486 2573 eam
1503 2535 1623 2586 ipsam
1642 2548 1728 2586 par-

203 2603 458 2654 ticipationem
486 2617 506 2640 a
533 2616 591 2641 me
618 2603 737 2654 accipi
765 2602 855 2640 dicit
882 2615 950 2654 pro
980 2602 1173 2640 catholica
1201 2601 1383 2638 Ecclesia.
1438 2600 1600 2636 Tantum
1629 2599 1728 2636 enim

203 2669 321 2714 abest,
355 2672 394 2705 ut
421 2681 585 2718 unquam
614 2668 804 2706 docuerim
834 2667 891 2705 vel
918 2666 1127 2704 coenonian
1155 2679 1198 2704 eo
1225 2666 1342 2703 Paulo
1369 2665 1451 2701 loco
1479 2677 1546 2714 pro
1576 2664 1727 2714 partici-

202 2731 355 2782 patione
391 2732 447 2769 vel
482 2731 807 2782 participationem
843 2744 909 2782 pro
948 2731 1143 2769 Catholiea
1182 2729 1350 2767 Ecclesia
1385 2728 1517 2766 debere
1555 2728 1730 2777 intelligi,

201 2803 244 2835 ut
277 2797 394 2848 ipsam
431 2796 730 2847 participationis
767 2809 894 2835 vocem
931 2796 971 2833 in
1009 2796 1159 2844 vulgata
1188 2795 1356 2832 versione
1382 2793 1505 2844 palam
1533 2806 1577 2830 ex
1608 2794 1727 2843 Chry-

203 2866 367 2901 sostomo
403 2861 717 2914 reprehenderim,
753 2862 817 2912 qui
852 2861 1013 2912 amplius
1047 2866 1113 2898 aut
1147 2860 1295 2911 plenius
1331 2858 1509 2910 quiddam
1546 2871 1627 2896 esse
1654 2858 1723 2895 do·
