1818 3178
466 132 518 159 DE
547 133 829 160 SACRAMEN'HS
861 133 1073 161 ECCLESIAE
1102 134 1280 162 CHRISTI.
1569 125 1634 164 l37

116 236 196 274 fure
232 239 297 274 aut
330 234 500 273 morione
525 238 670 284 gestata
697 249 835 274 corona
863 250 925 274 seu
953 243 1139 287 sceptrum
1166 250 1243 275 non
1271 244 1358 274 sunt
1383 238 1490 285 regni
1526 236 1638 274 delati

114 301 242 350 signa3
280 300 356 338 imo
392 312 478 337 vero
516 299 671 350 capitale
697 304 764 346 est,
791 313 966 338 coronam
993 305 1137 352 praeter
1162 301 1368 351 legitimam
1394 301 1493 339 illius
1521 301 1638 338 tradi-

114 365 254 403 tionem
281 368 427 414 gestare
454 364 558 402 velle.
598 363 729 415 Neque
755 365 843 402 item
871 366 1032 402 annulus
1061 365 1267 414 coniugalis
1295 366 1332 403 in
1363 379 1441 403 sese
1470 365 1636 414 coniugii

114 429 263 478 signum
297 432 365 474 est,
391 427 465 465 nisi
491 428 537 465 'de
563 428 731 476 legitima
756 429 856 466 illius
886 429 1088 466 donatione
1114 430 1224 467 etiam
1254 433 1419 475 eonstet3
1449 429 1588 480 alioqui
1616 443 1636 466 a

114 493 301 540 scor-(fol.
330 493 457 538 26¹³)to
494 495 660 540 gestatus
698 493 859 539 annulus
887 493 1024 529 nullius
1052 492 1107 530 illi
1136 493 1300 542 coniugii
1328 493 1476 542 signum
1502 498 1568 538 est,
1595 505 1637 529 eo

115 557 216 606 quod
250 556 283 594 ei
319 569 393 594 non
431 556 479 594 sit
515 556 679 604 legitime
719 555 879 594 traditus
906 556 1009 593 iuxta
1036 557 1227 607 publicum
1256 570 1394 594 morem
1418 557 1462 594 'in
1490 561 1638 594 contra-

113 621 245 659 hendis
280 621 530 659 matrimoniis
566 620 818 659 observatum.
883 620 933 657 Et
967 621 1061 671 lapis
1097 622 1278 659 terminus
1315 635 1391 659 non
1424 625 1480 659 est
1505 622 1638 659 finium

113 686 275 735 signum,
316 685 387 723 nisi
420 685 570 736 publica
605 685 805 723 autoritate
842 684 1018 733 legitime,
1044 698 1108 735 per
1136 698 1229 736 quos
1257 690 1414 736 oportet,
1442 689 1637 724 statuatur.

115 749 204 787 Non
240 756 316 787 tam
353 762 490 787 corona
527 749 642 799 igitur
679 753 742 786 aut
779 752 963 799 sceptrum
998 749 1132 799 ipsum,
1169 763 1245 788 non
1272 751 1360 788 item
1388 755 1451 788 aut
1477 752 1639 788 annulus

114 814 323 862 coniugalis
360 814 398 851 in
427 827 521 858 sese,
546 817 610 851 aut
635 813 729 863 lapis
756 813 948 858 terminus,
977 813 1081 862 regni
1109 814 1274 864 coniugii
1302 815 1505 865 finiumque
1533 816 1639 864 signa

114 883 213 924 sunt,
249 892 361 929 quam
397 878 546 928 publica
581 878 705 928 potius
740 877 979 927 legitimaque
1017 878 1222 924 coronatio,
1258 879 1387 916 annuli
1415 879 1568 916 donatio
1603 885 1640 917 et

113 943 248 994 lapidis
295 943 445 980 termini
490 942 699 986 collocatio,
744 941 878 991 quibus
914 941 1085 991 equidem
1123 943 1272 993 proprie
1308 949 1341 980 et
1369 943 1475 992 regni
1512 943 1568 981 ius
1604 950 1640 981 et

115 1008 328 1057 coniugium
357 1011 393 1045 et
420 1008 512 1044 fines
542 1006 726 1044 ditionum
757 1005 1014 1055 designantur.

166 1073 330 1110 Tametsi
363 1072 435 1109 alia
462 1084 608 1122 quoque
636 1071 683 1108 sit
711 1071 974 1108 dissimilitudo
1002 1071 1100 1108 inter
1129 1071 1235 1120 signa
1264 1077 1477 1109 nostrorum
1507 1073 1638 1109 Sacra-

116 1141 326 1175 mentorum
370 1141 405 1174 et
449 1136 546 1173 inter
583 1136 672 1172 haec
716 1148 876 1173 coronae
912 1140 974 1173 aut
1018 1136 1153 1186 sceptri
1190 1136 1392 1187 annulique
1430 1137 1638 1186 coniugalis

115 1206 150 1239 et
184 1201 334 1238 termini
367 1200 502 1251 lapidis
537 1199 717 1250 exempla,
752 1204 787 1237 et
824 1200 855 1237 si
892 1213 985 1250 quae
1021 1200 1093 1237 alia
1133 1200 1241 1237 huius
1268 1200 1415 1249 generis
1445 1201 1637 1239 habentur.

118 1265 222 1302 Haec
255 1265 354 1302 enim
390 1264 513 1301 omnia
544 1263 692 1314 publico
722 1263 834 1300 etiam
862 1277 964 1301 more
992 1263 1251 1307 adservantur,
1279 1268 1320 1301 ut
1349 1264 1423 1302 sint
1450 1265 1639 1302 actionum

114 1331 260 1368 illarum
298 1329 556 1373 memoracula,
593 1342 687 1379 quae
723 1328 829 1377 signa
865 1341 945 1365 esse
981 1328 1164 1375 diximus3
1201 1330 1525 1367 Sacramentorum
1555 1343 1639 1367 vero

116 1401 330 1433 nostrorum
372 1393 553 1431 elementa
591 1406 711 1443 neque
747 1393 840 1442 legis
878 1392 1025 1430 divinae
1061 1393 1303 1443 praescripto,
1340 1407 1458 1444 neque
1494 1398 1640 1444 recepto

115 1461 204 1498 item
232 1472 334 1496 more
362 1459 436 1496 ullo
463 1458 628 1510 publico,
655 1457 843 1495 adservari
862 1458 1129 1508 quoquomodo
1151 1463 1213 1495 aut
1232 1463 1387 1507 possunt
1407 1462 1469 1496 aut
1491 1459 1639 1497 debent.

168 1523 290 1561 Quid!
328 1522 427 1573 quod
465 1522 504 1559 in
533 1522 703 1559 confesso
740 1526 808 1567 est,
840 1534 897 1558 res
934 1521 1074 1558 actioni
1110 1522 1193 1569 (fol.
1224 1524 1305 1568 2721)
1334 1522 1642 1560 sacramentariae

115 1587 288 1625 adhiberi
340 1587 468 1624 solitas
522 1586 628 1635 signa
683 1599 757 1623 non
803 1598 883 1622 esse
925 1589 1029 1623 extra
1074 1585 1192 1635 ipsam
1228 1586 1439 1623 actionem?
1495 1586 1642 1624 Quodsi

115 1654 265 1701 propter
299 1649 417 1700 ipsam
456 1649 652 1692 actionem,
689 1652 872 1698 quatenus
908 1648 963 1685 illi
1000 1648 1238 1693 adhibentur,
1276 1650 1383 1698 signa
1411 1654 1509 1696 sunt,
1536 1651 1640 1701 equi-

118 1716 199 1752 dem
237 1714 377 1752 actioni
412 1714 483 1764 ipsi
520 1713 619 1762 signi
656 1726 792 1750 nomen
831 1713 949 1761 magis
979 1714 1096 1751 multo
1127 1714 1314 1759 convenit,
1341 1720 1492 1765 propter
1519 1728 1642 1766 quam,

119 1780 205 1817 dum
233 1779 288 1816 illi
315 1778 552 1822 adhibentur,
579 1791 637 1815 res
665 1790 811 1828 quoque
839 1778 940 1828 ipsae
969 1778 1067 1827 signi
1095 1791 1228 1816 nomen
1259 1780 1481 1817 sortiuntur.

168 1843 358 1880 Praeterea
396 1856 479 1879 eum
515 1842 683 1879 omnium
711 1843 1034 1879 Sacramentorum
1063 1842 1251 1880 institutio
1280 1843 1360 1893 ipsa
1389 1847 1556 1889 testetur,
1584 1858 1642 1881 sa-

118 1912 318 1950 cramenta,
355 1907 399 1945 de
434 1907 568 1957 quibus
598 1906 658 1943 hie
685 1906 841 1955 agimus,
876 1906 915 1943 in
950 1907 1156 1944 ministerio
1200 1908 1319 1957 posita
1349 1921 1439 1953 esse,
1466 1908 1644 1958 quemad-

118 1972 269 2009 modum
302 1971 341 2008 id
377 1977 505 2022 postea
541 1971 768 2014 ostendetur,
804 1976 839 2008 et
878 1985 1008 2020 magna
1047 1972 1119 2009 iam
1149 1985 1191 2010 ex
1220 1977 1323 2022 parte
1350 1976 1539 2010 ostensum
1568 1978 1645 2019 est3

119 2043 155 2075 et
190 2037 451 2082 ministerium,
487 2037 586 2088 quod
615 2036 660 2073 ad
690 2037 837 2085 signum
865 2037 1050 2088 imprimis
1079 2039 1405 2076 Sacramentorum
1433 2039 1578 2084 attinet,
1605 2039 1643 2076 in

118 2102 197 2152 ipsa
231 2102 378 2139 actione
404 2101 567 2151 positum
603 2104 670 2146 est,
698 2101 919 2152 signumque
949 2102 1172 2140 sacramenti
1200 2107 1340 2153 partem
1369 2116 1461 2148 esse,
1488 2107 1542 2140 est
1569 2103 1643 2140 iam

119 2165 260 2216 alioqui
298 2165 606 2210 demonstratum,
632 2186 683 2194 --
710 2178 799 2202 sane
826 2170 1006 2215 quatenus
1034 2165 1184 2215 signum
1212 2179 1297 2216 pars
1327 2167 1550 2204 sacramenti
1577 2171 1645 2210 est,

119 2233 156 2267 et
193 2231 471 2267 Sacramentum
505 2228 627 2279 ipsum
654 2229 692 2266 in
722 2230 868 2267 actione
895 2229 1078 2273 consistit,
1104 2235 1286 2280 quatenus
1313 2231 1482 2281 equidem
1511 2231 1550 2269 in
1575 2232 1645 2269 mi-

122 2293 277 2330 nisterio
305 2291 469 2342 positum
497 2304 576 2329 esse
605 2295 763 2336 constat,
788 2313 838 2320 -
865 2293 946 2330 fieri
974 2307 1050 2331 non
1077 2298 1210 2344 potest,
1237 2294 1327 2344 quin
1357 2294 1506 2344 signum
1534 2296 1646 2333 etiam

123 2356 365 2399 Sacramenti,
409 2359 587 2406 tanquam
631 2367 717 2406 pars
763 2356 876 2401 illius,
917 2357 957 2394 in
1003 2357 1082 2408 ipsa
1120 2357 1231 2394 etiam
1267 2358 1414 2396 actione
1452 2359 1645 2398 consistat.

123 2420 322 2459 Quomodo
359 2419 459 2457 enim
495 2423 615 2457 totum
652 2420 689 2457 in
729 2421 876 2459 actione
913 2422 1143 2467 consisteret,
1171 2421 1275 2460 cuius
1302 2427 1425 2472 partes
1452 2423 1490 2461 in
1518 2424 1645 2462 eadem

121 2485 202 2536 ipsa
229 2485 376 2522 actione
403 2484 544 2535 positae
572 2497 649 2522 non
675 2486 824 2523 essent?
850 2531 854 2535 ,

176 2550 268 2587 Cum
314 2549 428 2598 igitur
474 2549 765 2600 uniuscuiusque
801 2549 1032 2587 Sacramenti
1067 2549 1315 2595 institutione,
1352 2555 1392 2588 ut
1429 2551 1649 2596 videbimus,

125 2614 255 2672 doceri
278 2614 410 2664 possit,
439 2615 676 2651 Sacramenta
702 2613 783 2664 ipsa
811 2614 850 2651 in
878 2614 1097 2660 ministerio,
1125 2614 1224 2665 quod
1252 2615 1299 2653 ad
1328 2615 1476 2664 signum
1504 2617 1649 2663 attinet,

126 2684 162 2716 et
197 2678 355 2729 proinde
389 2678 429 2715 in
463 2678 609 2715 actione
644 2690 793 2728 quoque
818 2678 899 2729 ipsa
926 2678 1048 2729 posita
1075 2679 1160 2726 (fol.
1191 2678 1277 2726 27¹2)
1305 2692 1395 2724 esse,
1424 2679 1531 2717 simul
1560 2694 1649 2718 sane

127 2742 293 2785 docetur,
319 2741 468 2790 signum
496 2755 644 2792 quoque
671 2741 791 2792 ipsum
822 2743 1393 2789 Sacramentorum*consistere,
1421 2757 1495 2781 non
1524 2744 1563 2781 in
1590 2758 1648 2782 re-

127 2806 196 2843 bus
232 2805 373 2843 actioni
408 2806 579 2844 adhiberi
608 2806 740 2853 solitis,
768 2807 831 2845 sed
858 2792 897 2845 i⁰n
933 2807 1012 2859 ipsa
1039 2807 1270 2858 potitsimum
1298 2821 1317 2845 a
1348 2807 1510 2846 Domino
1538 2809 1648 2847 insti-

126 2874 206 2908 tuta
234 2870 393 2909 actione.
