1818 3178
762 150 1003 180 PRAEFATIO.
1552 144 1641 173 XVII

111 255 327 299 Frederic.
359 254 524 298 Muller
555 257 737 306 nomine,
769 256 889 298 nullo
911 255 1108 297 inferiore
1124 253 1258 311 pretio
1280 267 1405 309 quam
1424 252 1636 307 octoginta

109 327 367 369 florenorum
408 326 598 369 libellum
640 327 829 370 venalem
877 327 1029 368 offerre
1077 332 1278 382 poteram.
1339 323 1392 366 In
1444 323 1638 365 auctione

111 398 393 441 Herbertiana
424 398 536 455 apud
571 399 741 456 Anglos
772 398 877 441 liber
908 401 955 440 cle
987 399 1248 440 sacramentis
1277 398 1389 439 Eecl.
1416 396 1510 438 Chri
1541 410 1637 436 cen-

109 477 198 512 turn
230 470 424 513 undecim
456 471 624 513 florenis
655 471 776 513 stetit.
810 469 871 513 Ut
900 469 1017 511 brevi
1034 469 1190 512 dicam:
1225 468 1343 510 docet
1365 467 1633 524 experientia,

108 542 240 598 pretia
272 557 380 598 quae
409 542 534 584 Lasci
565 558 740 599 operum
759 541 1142 598 comparandorum
1160 541 1299 597 gratia
1316 541 1355 581 in
1374 538 1635 582 auctionibus

107 613 358 667 offeruntur,
405 630 488 656 non
535 614 670 656 solum
710 612 970 656 incredibilia
1011 612 1098 654 fere
1146 612 1227 654 iam
1261 611 1360 653 olim
1391 611 1530 662 fuisse,
1563 610 1633 652 sed

108 684 240 727 indies
281 686 415 743 magis
455 700 642 728 crescere
672 686 794 727 etiam
828 692 868 727 et
899 684 1068 741 augeri3
1103 683 1213 739 quod
1245 683 1435 725 similiter
1466 697 1634 738 quoque

107 757 151 799 in
183 757 457 815 autographis
485 758 615 814 ipsius
646 756 827 814 epistolis
860 755 1018 798 factum
1049 754 1414 811 deprehendimus,
1449 769 1628 810 quarum

108 829 326 886 exemplar
357 845 441 872 una
471 829 639 872 scedula
671 827 1018 884 comprehensum
1053 826 1224 868 Parisiis
1255 832 1352 868 ante
1383 826 1486 868 duos
1504 841 1634 868 annos

107 901 255 958 viginti
285 902 454 944 florenis
485 903 642 943 stetisse
674 900 853 942 relatum
886 906 959 941 est.
991 898 1109 950 Quid
1142 913 1296 954 quaeso
1328 897 1553 939 desiderari
1586 897 1632 939 li-

106 973 229 1016 brum
261 974 351 1025 erit,
382 974 458 1016 nisi
489 973 566 1015 hoc
598 973 679 1015 sit?
712 971 819 1024 Quis
851 971 959 1013 dicat
990 970 1222 1027 premenda
1253 970 1376 1011 fuisse
1409 970 1628 1026 opuscula,

108 1060 216 1101 quae
258 1051 318 1087 tot
359 1045 542 1086 nummis
573 1043 803 1085 emuntur?
867 1043 921 1085 Et
950 1058 1048 1084 sane
1081 1043 1269 1099 ipsorum
1301 1041 1539 1084 libellorum
1574 1042 1634 1084 in-

106 1117 219 1159 doles
246 1118 350 1159 mira
382 1116 454 1159 illa
485 1117 617 1173 pretia
648 1116 821 1173 egregie
854 1115 1046 1171 explicat.
1082 1114 1270 1157 Phrisiae
1303 1112 1531 1156 Orientalis
1554 1113 1633 1156 Ec·

107 1188 254 1231 clesiae
285 1203 378 1230 suas
410 1188 596 1245 origines
626 1187 735 1230 bona
766 1194 883 1244 parte
912 1202 964 1229 ex
994 1185 1105 1228 hisce
1138 1185 1286 1227 libellis
1316 1185 1514 1242 petendas
1531 1201 1632 1238 esse,

106 1259 260 1302 clarius
291 1259 529 1317 perspicere
561 1259 693 1302 indies
725 1259 873 1315 coepit.
911 1258 1097 1300 Historia
1130 1257 1336 1300 Exsulum
1372 1258 1630 1299 Batavorum

104 1345 184 1372 sec.
230 1331 316 1382 xvi,
363 1331 474 1388 quod
519 1330 571 1373 ad
618 1346 685 1373 res
733 1331 1058 1382 Ecclesiasticas,
1092 1329 1143 1372 ab
1175 1330 1223 1372 iis
1254 1332 1436 1372 maxime
1467 1329 1631 1386 pendet.

103 1401 305 1445 Nationes
335 1401 597 1454 slavonicae,
629 1411 837 1461 quatenus
868 1403 1177 1446 reformationis
1209 1402 1407 1458 reliquias
1430 1401 1629 1459 quasdam

103 1479 392 1524 servaverunt,
439 1472 490 1515 ad
536 1473 624 1515 eius
670 1473 932 1530 potissimum
963 1471 1192 1530 symbolica
1223 1472 1376 1527 scripta
1411 1486 1631 1513 recurrere

105 1545 294 1601 cupiunt.
325 1544 494 1587 Patriae
525 1545 739 1588 Ecclesiae
770 1545 999 1596 historiam,
1034 1559 1161 1600 quam
1184 1559 1316 1600 usque
1339 1542 1390 1586 ad
1411 1558 1629 1585 sacrorum

104 1617 437 1660 emendationem
484 1632 580 1660 cum
628 1618 816 1660 omnium
863 1617 1070 1674 applausu
1118 1617 1352 1659 instaurare
1393 1616 1533 1672 pergit
1565 1614 1632 1659 Cl.

103 1688 227 1741 Moll,
270 1688 449 1732 ulterius
490 1689 677 1745 protrahi
718 1705 801 1732 non
847 1705 978 1746 posse,
1023 1689 1101 1731 nisi
1143 1689 1268 1731 Lasci
1308 1688 1451 1745 imago
1482 1688 1631 1730 melius

106 1761 269 1805 eluceat
302 1768 340 1805 et
371 1761 594 1805 definiatur
626 1778 712 1805 uno
743 1778 815 1805 ore
848 1778 992 1805 omnes
1023 1762 1147 1804 huius
1178 1762 1238 1804 rei
1279 1762 1401 1818 periti
1433 1761 1630 1804 fatentur.

108 1833 296 1876 Historia
327 1834 430 1876 iuris
463 1834 758 1887 Ecclesiastici,
791 1841 840 1877 ut
868 1841 908 1876 et
938 1833 1167 1892 symbolica
1199 1840 1239 1876 et
1270 1833 1482 1890 liturgica,
1520 1832 1631 1890 apud

105 1905 375 1949 Reformatos
420 1906 562 1950 eadem
613 1907 738 1964 plane
779 1907 997 1950 alacritate
1028 1907 1154 1950 Lasci
1185 1914 1310 1964 atque
1343 1905 1510 1950 Calvini
1541 1924 1632 1950 sen-

104 1979 274 2021 tentiam
309 1986 591 2035 percontatur.
642 1979 819 2022 Accedit
849 1978 961 2035 quod
994 1979 1153 2035 patriae
1176 1979 1483 2021 reformationis
1506 1978 1629 2021 histo-

105 2051 167 2093 ria
212 2049 423 2107 duplicem
468 2050 535 2093 hic
566 2050 796 2094 Ecclesiam
828 2052 945 2094 initio
975 2052 1207 2108 ingressam
1241 2067 1327 2093 esse
1357 2051 1476 2094 docet
1507 2052 1632 2104 viam,

105 2137 286 2179 quarum
328 2122 460 2165 altera
500 2122 669 2179 quidem
712 2139 734 2165 a
768 2122 947 2166 Calvino
979 2124 1139 2166 munita
1170 2122 1382 2180 plerisque
1415 2139 1512 2166 mox
1543 2123 1630 2180 pla-

103 2193 204 2246 cuit,
238 2208 374 2250 neque
406 2199 545 2236 tamen
578 2193 722 2244 altera,
754 2209 880 2250 quarn
913 2194 964 2237 ad
996 2194 1183 2237 Lascum
1216 2194 1413 2236 facillime
1436 2194 1625 2247 reducas,

103 2265 145 2307 in
177 2264 290 2307 hunc
321 2280 454 2322 usque
486 2264 594 2307 diem
625 2281 815 2323 unquam
848 2266 975 2308 fuerit
1006 2265 1218 2309 derelicta.
1272 2264 1409 2318 Adde,
1443 2264 1629 2308 Lascum

102 2343 293 2379 nostrum
340 2336 406 2379 vel
452 2337 608 2393 scripto
655 2337 927 2381 decertavisse
973 2337 1039 2380 vel
1086 2337 1377 2394 digladiavisse
1410 2336 1630 2394 colloquiis

103 2423 201 2451 cum
234 2408 464 2460 Mennone‚
499 2408 662 2451 Davide
691 2408 884 2467 Georgii,
918 2410 1099 2462 Bucero,
1142 2409 1330 2460 Brenti0,
1367 2408 1629 2465 Westphalo,

102 2479 325 2532 Timanno,
379 2480 525 2529 Hosio,
566 2479 680 2533 aliis;
730 2482 957 2524 arctissime
1003 2488 1152 2523 contra
1201 2481 1474 2523 coniunctum
1507 2481 1630 2523 fuisse

102 2552 435 2604 Melanchthoni,
466 2551 732 2609 Bullingero‚
767 2553 1092 2610 Hardenbergio
1123 2560 1164 2595 et
1196 2568 1300 2610 quos
1331 2561 1550 2610 praeterea
1586 2554 1627 2596 in

101 2625 209 2668 vitae
241 2625 481 2668 narratione
513 2625 833 2679 recensebimus,
866 2653 920 2659 —-
953 2633 993 2669 et
1024 2626 1118 2684 quis
1149 2642 1231 2669 non
1266 2626 1388 2677 videt,
1422 2625 1472 2667 ad
1506 2625 1630 2668 Lasci

101 2697 258 2753 scripta
303 2698 467 2754 saepius
514 2696 823 2740 decurrendum
859 2714 958 2748 esse,
991 2699 1024 2740 si
1055 2698 1149 2755 quis
1180 2698 1221 2740 in
1253 2697 1406 2740 horum
1440 2698 1628 2740 virorum

99 2770 183 2811 vita
215 2768 484 2813 describenda
515 2785 688 2827 operam
718 2778 854 2814 navet.
886 2771 1026 2814 Taceo
1058 2787 1166 2827 quae
1188 2769 1238 2813 ad
1264 2770 1474 2827 politicam
1498 2770 1623 2812 histo-

97 2841 202 2886 riam
234 2841 470 2901 Ungariae,
505 2843 777 2897 Germaniae,
814 2843 1000 2902 Angliae
1031 2843 1324 2888 illustrandam
1346 2843 1502 2900 passim
1533 2845 1622 2888 eius

1407 2914 1456 2938 ὕ*
