1818 3178
198 142 270 177 438
691 143 908 171 RESPONSJO
936 145 1032 172 ADV.
1063 145 1227 171 HosmM.

199 254 327 288 nostra
370 248 530 285 invicem
577 249 817 294 nostramque
861 244 1105 282 invidentiam
1143 248 1178 282 et
1218 245 1476 288 ambitionem,
1509 243 1644 294 quibus
1681 255 1747 280 se⁴

197 315 352 365 ipsemet
379 324 539 361 suosque
566 322 695 347 omnes
723 309 881 346 liberare
908 321 983 346 non
1012 313 1147 359 potest.

253 380 333 416 Iam
361 376 459 427 quod
488 378 533 413 ad
560 375 641 425 ipsa
669 374 862 411 doctrinae
890 373 1045 411 dissidia
1073 373 1170 410 inter
1197 378 1344 411 nostros
1371 374 1518 417 attinet,
1537 384 1720 424 quaenam

201 448 287 481 sunt
313 442 377 478 illa
404 444 509 478 tanta
537 444 687 489 tamque
715 438 832 475 multa
862 438 1053 475 doctrinae
1081 438 1235 475 dissidia
1261 439 1359 476 inter
1386 442 1547 482 nostros,
1575 437 1619 474 de
1638 435 1722 487 qui·

204 509 271 544 bus
298 510 491 554 tantopere
521 503 663 540 Hosius
679 502 900 551 gloriatur?
928 501 1212 539 Recessimusne
1238 515 1396 552 usquam
1416 502 1462 539 ab
1482 501 1722 552 Apostolicae

201 569 448 609 confessionis
486 567 745 611 fundamento,
777 580 797 604 a
833 579 906 617 quo
944 566 1086 617 alioqui
1123 566 1320 617 ipsummet
1348 566 1511 603 Hosium
1536 566 1574 602 in
1603 565 1723 615 Papae

203 636 259 672 sui
287 633 506 684 obsequium
534 632 692 682 turpiter
719 644 761 668 ac
789 631 930 682 perfide
957 631 1159 668 descivisse
1188 630 1438 681 defecisseque
1465 629 1723 668 ostendimus?

202 697 617 746 Vio-(l27)lavimusne
652 695 741 733 item
776 696 894 733 ullum
934 696 1012 732 eius
1049 694 1220 744 Symboli
1255 698 1377 744 caput,
1404 693 1503 744 quod
1532 692 1724 743 Apostoli-

203 777 286 800 eum
323 774 509 804 vocamus,
545 759 643 810 quod
673 772 761 797 sane
789 760 835 796 ab
866 759 989 796 Hosio
1018 765 1053 796 et
1082 759 1158 796 suis
1187 758 1361 796 omnibus
1389 763 1424 795 et
1451 757 1597 808 quidem
1626 757 1724 794 varie

200 829 337 866 factum
367 840 445 863 esse
474 825 582 862 facile
611 824 899 861 commonstrari
925 825 1075 874 potest?
1106 823 1340 861 Doeemusne
1367 827 1554 873 postremo
1582 820 1723 871 aliquid

200 905 372 944 pugnans
408 905 491 927 cum
530 890 697 927 unanimi
736 902 918 926 consensu
949 888 1162 939 Scripturae
1189 888 1305 925 totius
1340 892 1375 924 et
1412 886 1626 924 Catholicae
1651 885 1726 922 Ec-

203 957 334 995 clesiae
371 955 524 1000 Christi,
551 954 598 991 ad
628 967 736 1004 quem
763 953 916 991 modum
943 953 1060 990 multa
1089 957 1124 990 et
1157 952 1372 1003 pestilentia
1407 951 1571 1002 Papismi
1596 955 1726 1000 tyran·

203 1023 288 1059 nide
324 1021 498 1068 dogmata
535 1019 572 1055 in
611 1018 819 1055 Ecclesiam
856 1021 987 1054 contra
1025 1017 1237 1067 Scripturas
1273 1021 1308 1054 et
1347 1015 1561 1053 Catholicae
1596 1014 1727 1051 Eccle-

201 1087 277 1124 siae
314 1097 532 1122 consensum
563 1083 709 1119 invecta
737 1095 816 1119 esse
845 1082 1019 1118 constat?
1073 1080 1222 1117 Horum
1251 1079 1390 1130 aliquid
1418 1080 1457 1117 in
1484 1079 1594 1116 nobis
1622 1091 1725 1115 com-

203 1155 385 1188 monstret
414 1148 569 1190 Hosius,
598 1147 628 1184 si
655 1151 790 1197 potest,
818 1166 868 1174 -
896 1149 972 1188 aut,
1002 1145 1032 1182 si
1060 1158 1135 1182 non
1156 1150 1290 1195 potest,
1307 1143 1620 1195 quemadmodum
1641 1155 1729 1179 sane

202 1216 480 1265 neque-potest
518 1225 613 1255 vere,
651 1223 771 1261 neque
807 1223 872 1260 per
907 1209 978 1247 Dei
1012 1209 1170 1258 gratiam
1212 1208 1348 1259 poterit
1385 1220 1560 1258 unquam,
1593 1206 1729 1257 pudeat

201 1280 308 1317 illum
344 1278 472 1315 saltem
508 1275 690 1313 eiusmodi
729 1273 1013 1316 calumniarum,
1047 1286 1143 1323 quae
1179 1273 1238 1310 vel
1266 1272 1471 1309 conductos
1499 1271 1546 1308 ad
1574 1269 1728 1308 maledi·

203 1343 361 1381 cendum
398 1340 598 1378 histriones
630 1339 784 1375 minime
821 1337 1005 1374 decerent.
1062 1337 1133 1374 Sed
1170 1336 1280 1373 nobis
1309 1336 1441 1373 obiicit
1469 1336 1728 1373 Sacramenta·

201 1408 293 1444 riam
342 1403 632 1442 controversiam
669 1414 823 1452 eamque
858 1401 910 1438 ita
948 1405 1161 1449 exaggerat,
1200 1404 1242 1437 ut
1281 1405 1317 1437 et
1353 1412 1502 1450 proram
1549 1397 1660 1435 simul
1696 1401 1732 1434 et

201 1471 356 1522 puppim
389 1469 504 1506 totius
542 1466 735 1514 religionis
772 1465 999 1502 constituere
1036 1465 1074 1502 in
1104 1465 1168 1501 illa
1197 1463 1378 1510 videatur,
1403 1470 1514 1514 atque
1541 1476 1561 1500 a
1588 1461 1735 1500 Luthe-

200 1536 303 1573 ranis
338 1534 489 1585 quidem
516 1532 636 1569 levius
672 1531 791 1568 multo
827 1543 938 1581 quam
974 1543 995 1567 a
1031 1529 1171 1566 nostris
1210 1530 1450 1566 Sacramenta
1483 1527 1564 1578 ipsa
1599 1527 1731 1576 impeti

201 1598 495 1648 labefactarique
523 1598 633 1645 (128)
661 1595 783 1644 fingit.
838 1595 897 1632 Ita
925 1594 962 1631 id
983 1598 1115 1631 *tamen
1144 1593 1236 1630 facit
1261 1592 1424 1636 interim,
1452 1596 1493 1629 ut
1521 1604 1557 1628 se
1584 1591 1623 1628 in
1651 1591 1732 1641 ipsa

205 1676 315 1700 causa
354 1659 651 1698 Sacramentaria
687 1658 799 1695 etiam
836 1657 932 1695 nihil
970 1656 1178 1705 intelligere
1215 1655 1384 1698 omnino,
1411 1654 1547 1692 nedum
1585 1653 1629 1690 de
1655 1653 1733 1690 eius

206 1725 460 1765 controversia
505 1723 670 1760 iudicare
715 1734 825 1772 posse
860 1721 1016 1771 ipsemet
1052 1724 1223 1758 testetur.
1277 1718 1465 1769 Quodque
1501 1717 1547 1755 ad
1586 1729 1734 1754 causam

204 1791 366 1843 primum
393 1790 513 1840 ipsam
541 1788 687 1831 attinet,
714 1799 789 1823 non
819 1785 909 1823 satis
930 1789 1089 1829 constat,
1109 1784 1286 1834 quidnam
1308 1783 1377 1821 sub
1398 1795 1487 1820 voce
1503 1779 1734 1819 Sacramenti

208 1856 245 1892 in
277 1856 402 1892 Coena
429 1852 583 1890 Domini
611 1850 862 1901 potissimum,
888 1853 951 1887 aut
979 1849 1057 1899 ipse
1084 1848 1282 1896 intelligat,
1309 1852 1372 1885 aut
1400 1847 1448 1884 ab
1476 1846 1560 1884 aliis
1575 1844 1755 1893 intelligi-

206 1920 307 1963 velit,
334 1919 404 1956 hoc
430 1923 497 1961 est,
525 1917 719 1953 Elementa
749 1929 794 1952 ne
822 1916 914 1965 ipsa,
941 1927 1035 1964 quae
1062 1914 1256 1951 institutae
1285 1926 1305 1949 a
1326 1911 1488 1949 Domino
1512 1911 1656 1948 Coenae
1674 1921 1736 1945 ac-

205 1984 302 2022 tioni
337 1982 517 2032 mysticae
553 1980 792 2024 adhibentur,
825 1993 871 2016 an
909 1991 997 2016 vero
1031 1978 1155 2029 potius
1185 1977 1421 2015 coniunctam
1452 1988 1534 2012 cum
1561 1987 1627 2012 suo
1656 1987 1736 2023 my-

207 2049 319 2086 sterio
365 2059 507 2084 sacram
554 2044 740 2081 actionem
775 2043 907 2094 ipsam.
964 2042 1114 2080 Quodsi
1149 2055 1239 2079 voce
1279 2039 1509 2077 Sacramenti
1544 2038 1739 2075 Elementa

212 2114 356 2150 Coenae
390 2111 482 2161 ipsa,
519 2110 655 2146 Panem
694 2114 730 2145 et
766 2108 906 2144 Vinum
936 2107 1101 2157 inquam,
1130 2106 1319 2155 designari
1345 2109 1464 2155 putat,
1493 2101 1666 2140 ostendat
1693 2114 1736 2138 ex

211 2175 412 2226 Scripturis
448 2178 484 2211 et
519 2173 607 2222 olim
646 2172 684 2209 in
723 2171 1008 2208 circumcisione
1046 2170 1235 2207 cultellum
1265 2169 1386 2219 ipsum
1415 2172 1479 2218 per
1516 2180 1555 2204 se
1580 2177 1738 2217 praepu-

208 2240 296 2277 tiive
329 2238 552 2289 pelliculam,
588 2237 626 2273 in
666 2235 783 2286 typici
821 2235 910 2272 item
947 2234 1051 2283 Agni
1088 2233 1279 2270 Paschalis
1320 2245 1433 2269 coena
1469 2231 1587 2281 ipsam
1618 2227 1740 2266 carnis

212 2302 422 2351 agnellinae
459 2300 709 2338 substantiam
748 2304 851 2336 extra
887 2299 1104 2335 institutum
1140 2311 1160 2334 a
1197 2296 1359 2334 Domino
1388 2296 1545 2333 istorum
1572 2293 1737 2332 omnium

211 2380 320 2404 usum
347 2379 413 2416 pro
443 2364 693 2402 Sacramentis
721 2363 850 2400 habita
877 2375 970 2405 esse,
997 2366 1033 2399 et
1060 2374 1160 2399 nunc
1187 2362 1226 2398 in
1255 2366 1383 2398 nostro
1412 2359 1606 2409 Baptismo
1628 2356 1738 2393 etiam

212 2445 347 2482 aquam
381 2431 498 2481 ipsam
536 2443 600 2480 per
639 2442 676 2466 se
713 2433 816 2465 extra
854 2428 1073 2477 imperatam
1111 2439 1131 2463 a
1170 2425 1321 2463 Christo
1362 2424 1582 2462 tinctionem
1609 2420 1741 2470 mysti-

212 2511 291 2534 cam
321 2509 387 2546 pro
415 2498 522 2541 (129)
553 2496 794 2531 Sacramento
823 2493 964 2538 haberi,
990 2514 1040 2521 ——
1069 2505 1136 2530 nos
1165 2491 1262 2529 enim
1290 2491 1329 2528 id
1357 2504 1402 2529 ex
1431 2486 1631 2539 Scripturis
1661 2485 1740 2522 col-

215 2564 331 2610 ligere
359 2573 594 2609 nequaquam
631 2571 843 2609 possumus,
871 2570 913 2594 ac
939 2556 1095 2608 proinde
1123 2569 1243 2607 neque
1268 2556 1307 2593 in
1338 2555 1460 2592 Coena
1490 2551 1642 2589 Domini
1668 2550 1741 2587 Pa-

218 2640 300 2664 nem
339 2625 460 2674 ipsum
499 2636 563 2672 per
600 2636 637 2659 se
674 2627 737 2659 aut
774 2622 915 2660 Vinum
952 2623 1192 2658 Sacramenta
1230 2632 1416 2657 vocamus.
1471 2616 1510 2653 Si
1547 2627 1632 2652 vero
1670 2614 1740 2651 sub

219 2702 311 2728 voce
357 2686 588 2724 Sam-amenti
626 2686 819 2735 mysticam
857 2686 959 2722 illam
997 2690 1033 2722 et
1070 2698 1150 2722 cum
1189 2697 1256 2721 suo
1293 2680 1468 2732 mysterio
1503 2679 1741 2717 coniunctam

217 2755 402 2792 actionem
438 2750 518 2787 vult
553 2749 716 2798 intelligi
749 2754 900 2800 propter
938 2749 1077 2786 Christi
1112 2748 1399 2790 iustitutionem,
1433 2748 1513 2782 tum
1551 2747 1659 2787 certe,
1694 2741 1742 2779 ad

217 2831 326 2870 quem
364 2814 527 2859 modum,
563 2814 662 2864 quod
699 2814 736 2851 in
776 2815 855 2864 ipsa
893 2815 1041 2851 actione
1067 2814 1230 2864 positum
1259 2824 1334 2849 non
1362 2814 1429 2858 est,
1455 2810 1493 2846 in
1522 2810 1602 2859 ipsa
1630 2808 1740 2846 etiam

217 2879 446 2921 sacramenti
481 2883 584 2928 parte
622 2878 762 2915 censeri
801 2892 876 2916 non
913 2882 1047 2928 potest,
1073 2878 1131 2927 ita*
1154 2889 1272 2927 neque
1300 2875 1412 2913 Panis
1439 2874 1517 2925 ipse
1544 2886 1607 2924 per
1634 2886 1674 2912 se
1699 2884 1742 2910 ac
