1818 3178
440 74 492 101 nn
520 74 805 102 saanMEers
836 74 1052 103 nccmsmn
1079 75 1260 103 cnmsr1.
1542 67 1612 103 211

88 176 265 214 hactenus
301 189 388 214 sane
415 176 607 213 fatendum
635 180 702 222 est,
737 176 855 227 ipsam
882 176 965 224 (fol.
1001 177 1104 223 115³)
1132 176 1238 227 panis
1267 175 1526 215 substantiam,
1541 189 1608 227 pro

86 241 198 279 nobis
235 241 448 279 crucifixam
484 254 575 280 esse.
621 241 667 278 Id
692 241 792 292 quod
827 241 966 292 alioqui
994 241 1213 292 iampridem
1238 241 1350 279 etiam
1377 241 1433 279 vir
1462 245 1612 280 sanctae

85 306 297 351 memoriae,
325 305 530 343 Huldrious
559 306 765 356 Zufflglius,
792 306 994 357 prudenter
1022 311 1057 343 et
1085 306 1257 355 religiose
1285 306 1507 345 observavit.

140 371 373 409 Utrumlibet
405 371 522 419 igitur
550 371 610 408 hic
638 371 709 408 sibi
737 371 904 420 deligant
930 371 1101 409 doctores
1128 371 1192 419 isti
1217 371 1603 410 transubstantiatorii

87 435 527 474 transubstantiationem
563 436 650 473 hinc
678 449 782 474 suam
807 448 1043 486 propugnare
1071 435 1173 474 nullo
1203 436 1314 474 modo
1341 441 1510 487 possunt,
1537 437 1614 475 sive

85 501 188 539 illam
225 515 246 539 a
282 501 503 551 pronomine
540 501 832 539 demonstrativo
870 513 956 538 mox
994 503 1178 546 statuant,
1207 501 1282 539 sive
1309 515 1389 539 eam
1417 515 1437 540 a
1465 501 1616 553 reliquis

89 564 199 602 simul
224 564 337 602 etiam
364 565 596 603 solemnibus
622 565 697 602 illis
726 577 861 602 coenae
889 564 1011 602 verbis
1037 564 1198 615 pendere
1223 565 1348 604 velint.

139 631 190 667 At
223 643 309 667 vero
346 642 416 667 nos
451 630 526 667 iam
561 629 806 675 ostendimus,
840 629 1063 680 pronomine
1091 629 1383 668 demonstrativo
1412 630 1451 668 in
1481 631 1612 669 Sacra-

85 694 313 732 mentalibus
349 694 523 732 omnibus
551 693 763 732 istiusmodi
788 693 1074 744 loquutionibus
1104 694 1290 743 designari
1319 694 1467 743 signum
1494 695 1615 746 ipsum

87 759 376 804 Sacramentale,
403 759 474 796 hoe
501 763 569 803 est,
595 759 753 796 formam
782 757 900 808 ipsam
921 771 984 795 seu
1005 759 1253 795 ceremoniam
1272 763 1465 797 externam
1485 760 1617 797 Sacra-

87 824 216 870 menti,
241 828 284 862 ut
311 830 366 862 est
393 838 414 861 a
442 824 605 861 Domino
634 823 824 870 instituta3
855 835 930 859 non
953 826 1076 860 autem
1095 835 1153 860 res
1173 836 1268 873 quae
1282 823 1464 862 eiusmodi
1479 824 1619 862 actioni

86 889 325 933 adhibentur,
351 910 400 918 —
427 893 463 926 et
498 888 655 939 proinde
691 900 811 938 neque
839 900 973 938 panem
999 893 1062 925 aut
1091 888 1218 925 vinum
1245 888 1287 926 in
1315 889 1438 926 verbis
1467 902 1614 928 coenae.

141 953 214 992 Sed
239 954 356 991 multo
384 954 507 991 minus
534 952 741 1004 approbare
767 951 889 989 adhuc
916 956 1072 1002 possunt
1093 953 1181 990 novi
1200 952 1263 990 isti
1291 952 1493 1003 chymistae
1513 967 1617 992 suam

85 1018 448 1063 transmutationem,
483 1017 514 1055 si
551 1016 655 1054 verbi
684 1016 800 1054 uest”
828 1020 999 1054 naturam
1034 1017 1144 1067 paulo
1172 1017 1284 1054 modo
1314 1017 1531 1067 diligentius
1558 1018 1618 1055 in-

87 1087 267 1120 tueamur.
296 1081 437 1119 Dicunt
465 1081 664 1119 verborum
692 1093 827 1118 coenae
854 1080 1169 1130 pronunciatione
1194 1081 1301 1125 effici,
1328 1086 1367 1119 ut
1393 1082 1499 1133 panis
1527 1083 1618 1120 sub·

87 1147 225 1184 stantia
261 1146 301 1183 in
337 1146 504 1197 corporis
545 1145 629 1193 (fol.
667 1145 779 1193 11511)
817 1145 958 1182 Christi
995 1145 1176 1183 naturalis
1213 1145 1462 1183 substantiam
1495 1149 1619 1184 trans—

87 1208 278 1249 formetur.
309 1210 502 1248 Caeterum
530 1213 663 1248 natura
688 1209 770 1259 ipsa
798 1208 901 1246 verbi
932 1209 1045 1246 ‘'est''
1072 1222 1150 1246 non
1176 1210 1329 1260 patitur,
1356 1213 1398 1247 ut
1425 1210 1503 1247 eius
1530 1223 1619 1261 pro-

87 1275 328 1313 nunciatione
355 1274 497 1325 aliquid
525 1273 716 1312 efficiatur.
744 1272 1016 1319 Fie1·2·dicitur‚
1043 1286 1120 1311 non
1140 1288 1230 1318 esse,
1257 1274 1358 1324 quod
1377 1274 1510 1325 incipit
1529 1286 1625 1318 esse,

87 1339 189 1390 quod
224 1352 302 1377 non
337 1342 426 1385 orat,
462 1342 498 1376 et
534 1337 670 1375 desinit
706 1350 796 1382 esse,
836 1336 935 1387 quod
971 1341 1061 1376 erat.
1121 1339 1211 1375 Esse
1247 1342 1368 1376 autem
1404 1339 1538 1377 dicitur
1566 1339 1617 1385 id,

87 1403 190 1454 quod
224 1403 300 1440 iam
335 1406 425 1447 erat,
452 1402 670 1453 priusquam
705 1414 785 1439 esse
820 1401 977 1439 dicatur.
1033 1402 1127 1439 Cum
1161 1401 1276 1451 igitur
1313 1402 1411 1440 dicat
1448 1403 1618 1441 Christus

85 1466 291 1506 Dominus:
329 1466 401 1504 hoc
437 1474 488 1505 est
516 1479 651 1516 corpus
677 1478 813 1511 meum,
839 1478 919 1510 esse
944 1465 1020 1503 iam
1046 1465 1152 1512 illud,
1188 1479 1264 1505 non
1292 1471 1413 1505 autem
1441 1468 1521 1505 fieri
1549 1468 1617 1505 do-

88 1535 164 1579 cet3
200 1535 236 1569 et
270 1531 427 1582 proinde
462 1545 542 1569 esse
570 1544 729 1582 quoque,
762 1534 963 1581 antequam
992 1531 1104 1569 verba
1133 1544 1268 1570 coenae
1302 1532 1622 1583 pronuncientur‚

85 1596 222 1635 nedum
258 1601 300 1634 ut
334 1610 400 1648 per
428 1597 626 1635 verborum
654 1609 790 1634 coenae
817 1595 1171 1647 pronunciationem
1198 1598 1511 1649 metamorphosis
1537 1598 1615 1636 ulla

85 1661 319 1700 instituatur.

139 1724 272 1776 Neque
300 1738 383 1763 vero
411 1738 483 1763 usu
508 1725 718 1776 Scripturas
746 1725 983 1776 comprobari
1008 1729 1145 1776 potest,
1173 1730 1215 1764 ut
1236 1726 1390 1764 verbum
1420 1728 1523 1765 'sest''
1549 1740 1616 1778 pro

87 1789 201 1827 verbo
241 1789 341 1827 ufit'’
372 1794 583 1840 usurpetur,
619 1793 655 1827 et
680 1789 840 1840 proinde
866 1789 1001 1827 mirum
1030 1789 1148 1827 videri
1174 1803 1251 1828 non
1285 1790 1393 1828 debet
1421 1790 1615 1841 chymistis

86 1854 182 1899 istis,
210 1854 242 1891 si
274 1854 441 1904 ipsorum
467 1853 504 1890 in
535 1854 647 1891 verbo
679 1854 792 1892 'test''
817 1854 1162 1905 interpretationem
1191 1868 1267 1892 non
1294 1855 1505 1906 recipimus,
1534 1868 1617 1893 cum

87 1918 124 1957 et
151 1932 172 1956 a
201 1918 488 1968 significationis
516 1932 604 1956 suae
630 1919 857 1970 proprietate
884 1932 1035 1970 prorsus
1064 1919 1111 1957 sit
1138 1919 1271 1966 aliena,
1298 1920 1335 1958 et
1363 1924 1515 1958 naturae
1535 1933 1617 1957 om-

88 1984 193 2022 nium
231 1984 557 2024 Sacramentorum
592 1987 791 2035 repugnet,
827 1983 864 2021 et
901 1984 949 2021 sit
984 1984 1095 2022 etiam
1129 1985 1325 2034 peregrina
1362 1984 1408 2022 ab
1436 1998 1508 2022 usu
1533 1984 1614 2035 ipso

90 2046 314 2097 Scripturae.

140 2109 296 2148 Quodsi
334 2122 452 2159 neque
478 2109 518 2147 in
546 2109 769 2159 pronomine
798 2109 1091 2148 demonstrativo
1122 2110 1262 2157 nhoc'’,
1289 2123 1408 2161 neque
1434 2110 1472 2147 in
1503 2110 1616 2148 verbo

93 2174 197 2212 ‘'est'‘
233 2173 498 2212 transmutatio
535 2173 599 2211 illa
634 2175 920 2212 commonstrari
955 2178 1090 2225 potest,
1115 2175 1190 2212 iam
1218 2188 1305 2212 sane
1331 2174 1405 2212 illis
1433 2174 1616 2212 adimetur

87 2240 200 2278 etiam
233 2239 289 2276 vis
324 2238 387 2276 illa
425 2239 729 2285 consecrationis,
764 2239 849 2287 (fol.
880 2241 989 2287 116³)
1024 2240 1063 2278 in
1100 2253 1171 2290 qua
1208 2240 1298 2278 novi
1323 2239 1386 2278 isti
1414 2239 1617 2290 chymistae

87 2307 235 2355 ponunt
262 2316 371 2340 omne
397 2302 546 2354 pondus
575 2316 662 2340 suae
689 2303 1116 2342 transubstantiationis.

141 2367 296 2405 Frustra
334 2380 417 2405 vero
454 2367 522 2405 sub
552 2366 720 2418 corporis
747 2366 898 2405 nomine
924 2367 964 2405 in
991 2367 1114 2405 verbis
1143 2380 1279 2405 coenae
1304 2367 1423 2418 ipsam
1452 2369 1619 2420 corporis

90 2431 339 2471 substantiam
365 2431 528 2481 intelligi
556 2432 699 2477 volunt,
727 2444 808 2468 eum
835 2431 875 2469 id
903 2435 1058 2470 naturae
1084 2432 1252 2470 omnium
1280 2432 1616 2479 Sacramentorum,

88 2501 131 2536 ut
163 2497 238 2535 iam
275 2496 519 2542 ostendimus,
559 2496 681 2534 modis
726 2497 836 2547 plane
871 2497 1045 2535 omnibus
1080 2500 1281 2547 repugnet,
1317 2501 1352 2535 et
1387 2497 1467 2548 ipsa
1510 2498 1616 2535 Pauli

89 2577 132 2602 ac
168 2563 292 2602 Lucae
325 2563 364 2600 in
401 2562 524 2600 verbis
552 2562 596 2599 de
621 2561 756 2612 poculo
785 2561 962 2608 narratio,
989 2561 1142 2612 ipsaque
1168 2561 1275 2599 Pauli
1300 2562 1387 2600 item
1417 2562 1615 2613 explicatio

90 2627 381 2678 haudquaquam
407 2625 445 2663 id
474 2626 628 2663 omnino
656 2625 858 2676 permittat.

141 2692 189 2730 In
216 2692 317 2730 nulla
343 2691 459 2741 igitur
486 2694 589 2742 parte
616 2689 811 2728 verborum
842 2703 976 2727 coenae
1005 2690 1289 2728 commonstrari
1315 2703 1398 2729 vere
1423 2694 1545 2741 potest
1563 2690 1618 2728 vis

89 2757 154 2796 illa
181 2756 459 2796 transmutandi
486 2769 608 2793 rerum
636 2755 797 2806 species,
823 2768 936 2805 quam
963 2755 1061 2806 Papa
1091 2768 1174 2793 cum
1200 2755 1277 2794 suis
1305 2755 1497 2806 ehymistis
1517 2768 1616 2792 som·

90 2822 170 2862 niat
205 2822 245 2860 in
282 2821 480 2860 verborum
519 2833 655 2858 coenae
681 2820 994 2872 pronunciatione
1005 2836 1015 2868 ;
1052 2820 1126 2858 nisi
1160 2820 1263 2872 quod
1297 2823 1519 2872 quaestuosa
1553 2819 1617 2857 illa

1396 2884 1468 2923 14*
