1818 3178
198 142 269 176 386

202 250 304 287 illam
339 248 483 299 repetit,
521 246 551 284 si
587 260 661 297 quo
697 247 809 284 modo
843 247 945 285 illam
985 247 1154 285 custodia
1188 249 1353 298 legitima
1381 262 1538 287 vacuam
1563 251 1721 301 reperire

201 318 321 363 queat,
364 316 475 361 atque
511 310 599 347 illuc
634 323 802 348 reversus
839 315 1027 361 postrema
1053 311 1241 361 prioribus
1266 314 1384 351 multo
1413 313 1595 351 deteriora
1620 314 1723 353 facit.

198 378 283 415 Hac
309 375 423 425 igitur
449 375 489 412 in
516 378 620 425 parte
646 387 714 424 ego
742 375 913 412 fidelitati
940 381 1082 413 vestrae
1108 376 1344 426 prudentiam
1371 390 1531 429 quoque,
1557 391 1578 415 a
1614 377 1721 415 Chri·

202 445 257 478 sto
293 439 457 477 Domino
493 439 693 485 laudatam,
728 439 945 478 adiunctam
981 452 1061 477 esse
1097 440 1218 490 cupio,
1253 454 1385 492 nempe
1420 445 1462 479 ut
1489 441 1528 479 in
1555 445 1724 492 suscepta

198 517 261 554 per
308 516 376 541 vos
417 515 527 540 causa
562 502 827 541 instaurandae
862 503 948 541 istic
983 516 1089 541 verae
1124 503 1317 552 religionis
1352 509 1388 542 et
1424 505 1551 543 fideles
1587 518 1653 542 vos
1689 509 1726 542 et

198 567 399 617 prudentes
435 566 505 604 Dei
541 567 734 605 ministros
770 580 849 605 esse
875 566 1083 606 declaretis.
1136 567 1244 605 Fidei
1269 581 1381 619 porro
1409 574 1551 607 vestrae
1577 569 1658 614 erit,
1684 576 1725 606 ut

201 632 322 670 modis
359 631 534 669 omnibus
568 632 745 670 Satanam
780 632 892 670 istinc
927 645 946 670 0
982 631 1092 669 domo
1120 631 1191 669 Dei
1217 633 1373 683 propelli
1400 634 1553 671 omnino
1581 633 1729 677 curetis,

203 695 267 746 qui
300 695 404 733 illam
439 708 504 746 per
538 695 877 741 Antichristianam
915 696 1038 747 Papae
1074 695 1236 733 Romani
1262 696 1410 746 rasique
1437 699 1547 745 (104)
1583 697 1641 735 sui
1668 711 1726 735 sa-

201 759 328 797 tellitii
363 759 601 809 tyrannidem
639 759 821 797 hactenus
854 759 945 797 illuc
982 759 1165 797 violenter
1201 760 1396 810 occupavit
1439 760 1614 811 omnique
1648 774 1728 799 eam

204 824 306 860 illius
340 823 603 874 superstitione
639 829 751 874 atque
778 823 1005 867 idololatria,
1032 823 1072 861 in
1098 823 1229 874 primis
1256 836 1343 861 vero
1372 823 1588 875 blasphemo
1614 824 1731 874 ipsius

202 888 423 933 sacerdotio,
458 888 733 939 repurgandam
769 901 921 939 prorsus
958 901 1037 926 esse
1074 888 1259 937 cogitetis,
1297 888 1362 933 sic,
1398 892 1436 925 ut
1471 888 1614 926 nullum
1651 888 1729 926 eius

199 952 398 1001 vestigium
423 974 474 981 —
493 951 524 989 si
550 952 588 989 id
616 952 693 989 ullo
722 952 833 989 modo
862 951 943 990 fieri
970 956 1079 1002 queat
1098 971 1150 980 —
1169 952 1323 989 omnino
1343 952 1585 1002 relinquatur.
1614 952 1729 989 Nulla

200 1017 299 1055 enim
333 1017 530 1055 conventio
569 1016 718 1055 Christo
756 1029 840 1054 cum
876 1017 1007 1062 Belial,
1042 1017 1117 1055 luci
1146 1031 1227 1056 cum
1254 1019 1433 1064 tenebris,
1460 1019 1576 1057 cultui
1603 1018 1729 1057 divino

203 1094 287 1118 cum
321 1080 536 1118 idololatria
572 1093 615 1118 ac
651 1081 928 1131 superstitione.
981 1081 1081 1127 Hoc,
1107 1082 1276 1132 inquam,
1304 1087 1446 1121 vestrae
1474 1083 1543 1120 erit
1569 1082 1668 1127 fidei,
1695 1087 1731 1120 et

200 1150 242 1184 ut
277 1145 373 1183 nihil
408 1145 620 1196 recipiatur,
648 1146 752 1183 cuius
780 1146 903 1183 fontes
931 1146 970 1183 in
999 1146 1112 1184 verbo
1141 1145 1212 1184 Dei
1240 1147 1347 1185 iuxta
1372 1147 1587 1185 unanimem
1614 1147 1731 1198 scrip-

197 1214 302 1246 turae
330 1221 554 1246 consensum
582 1210 867 1247 commonstrari
895 1222 972 1247 nou
1000 1214 1151 1260 queant.
1188 1210 1412 1249 Prudentiae
1439 1214 1561 1249 autem
1588 1214 1732 1249 vestrae

199 1274 280 1318 erit,
315 1277 535 1324 repurgatae
569 1273 622 1311 ita
655 1273 730 1310 iam
766 1273 893 1311 domui
929 1273 998 1311 Dei
1035 1274 1182 1312 fidelem
1223 1288 1266 1312 ac
1290 1275 1496 1325 legitimam
1524 1273 1731 1313 custodiam

203 1338 374 1388 protinus
402 1338 655 1375 adhibendam
685 1351 827 1383 curare,
862 1351 908 1376 ne
935 1351 1009 1389 quo
1036 1339 1149 1376 modo
1177 1340 1255 1386 fiat,
1281 1344 1324 1378 ut
1351 1340 1489 1378 eiectus
1515 1340 1578 1378 ille
1605 1340 1733 1384 Satan,

200 1416 276 1440 11011
304 1402 454 1453 quidem
482 1415 566 1439 cum
593 1403 721 1451 agnito
749 1402 824 1439 iam
851 1402 1087 1440 Antichristo
1116 1403 1289 1454 amplius,
1317 1403 1382 1441 sed
1409 1417 1493 1441 cum
1519 1404 1638 1441 multo
1665 1402 1731 1440 ad·

202 1469 275 1505 huc
302 1467 536 1505 sceleratiore
564 1466 737 1504 sodalitio
764 1466 866 1504 illam
895 1470 1101 1517 recuperet,
1129 1467 1313 1517 siquidem
1340 1480 1419 1505 eam
1447 1480 1603 1505 vacuam
1624 1467 1732 1510 forte,

201 1537 237 1570 et
263 1532 343 1570 sine
368 1531 470 1569 fideli
498 1531 666 1569 custodia
695 1531 791 1568 dolis
820 1530 896 1569 suis
923 1531 1133 1582 expositam
1159 1531 1295 1570 videat.
1342 1533 1465 1582 Atque
1492 1544 1599 1582 spero
1627 1532 1733 1583 equi·

209 1598 304 1642 dem,
339 1608 406 1633 vos
442 1600 478 1633 et
513 1595 553 1632 in
589 1595 662 1632 fide
689 1599 724 1633 et
750 1595 790 1632 in
817 1595 1015 1646 prudentia
1043 1595 1112 1632 hac
1140 1599 1260 1633 vestro
1289 1597 1408 1634 officio
1436 1596 1630 1634 defuturos
1656 1609 1733 1635 non

202 1675 281 1699 esse
315 1674 380 1712 per
414 1660 575 1709 gratiam
610 1660 693 1705 Dei,
736 1660 801 1697 sed
836 1660 988 1697 interim
1024 1673 1101 1698 non
1138 1660 1313 1698 inutilem
1340 1661 1419 1698 fore
1444 1660 1609 1699 iudicavi
1635 1662 1733 1712 apud

202 1738 267 1762 vos
303 1737 385 1761 eam
419 1736 539 1760 meam
576 1724 685 1770 (105)
723 1722 1100 1769 admonitiunculam,
1134 1723 1182 1761 ad
1218 1736 1329 1773 quam
1371 1723 1484 1761 etiam
1507 1736 1567 1761 me
1592 1724 1733 1775 alioqui

200 1800 328 1825 rumor
364 1787 515 1838 quidam
550 1787 663 1824 istinc
691 1787 827 1825 allatus
854 1786 1018 1833 induxit,
1045 1800 1157 1838 quam
1185 1787 1256 1825 etsi
1283 1800 1422 1825 vanum
1450 1800 1519 1837 ego
1547 1792 1659 1838 atque
1683 1789 1732 1826 ab

204 1851 425 1890 adversariis
463 1852 665 1888 confictum
700 1855 805 1902 puto,
831 1854 970 1897 tamen,
1003 1854 1246 1902 posteaquam
1278 1851 1475 1902 spargitur,
1504 1851 1549 1890 de
1575 1852 1640 1889 1110
1667 1865 1733 1891 vos

201 1917 294 1954 1111111
331 1915 720 1954 commonefaciendos
755 1929 834 1954 csse
870 1917 1010 1967 putavi,
1047 1919 1101 1962 ut,
1137 1916 1452 1967 quemadmodum
1487 1929 1553 1955 vos
1588 1921 1636 1962 et,
1670 1917 1734 1968 qui

204 1983 399 2021 vobiscum
436 1981 613 2027 sentiunt,
650 1981 778 2018 sedulo
818 1994 961 2031 semper
998 1980 1139 2019 cavisse
1166 1993 1243 2019 non
1271 1980 1416 2025 dubito,
1442 1994 1489 2018 ne
1517 1980 1735 2031 cuiusquam

204 2047 416 2085 offendiculi
454 2046 593 2084 iustam
619 2046 784 2096 aliquam
811 2046 1047 2084 occasionem
1073 2045 1300 2096 praeberetis
1330 2045 1427 2082 circa
1454 2044 1648 2094 religionis
1675 2045 1735 2083 in·

205 2112 485 2157 staurationem,
535 2111 588 2149 ita
623 2110 696 2148 hoc
731 2110 854 2161 ipsum
892 2110 1065 2161 deinceps
1099 2110 1210 2149 etiam
1247 2109 1319 2147 hoc
1354 2109 1495 2147 maiore
1528 2110 1735 2148 attentione

206 2175 378 2221 caveatis,
413 2180 526 2226 utque
561 2175 624 2213 alii
658 2175 748 2212 item
787 2178 955 2220 caveant,
992 2175 1105 2213 etiam
1140 2178 1251 2225 atque
1287 2174 1398 2212 etiam
1435 2173 1626 2220 studeatis,
1662 2186 1735 2224 quo

207 2252 272 2277 vos
316 2238 613 2277 adversariorum
658 2239 855 2277 calumniis
897 2239 1018 2289 magis
1063 2251 1142 2277 esse
1177 2238 1362 2276 obnoxios
1397 2243 1433 2276 et
1466 2237 1591 2288 plures
1626 2237 1736 2276 etiam

202 2303 436 2341 adversarios
472 2302 610 2341 habere
646 2302 801 2342 videtis·

255 2366 340 2404 Duo
376 2370 463 2405 sunt
497 2370 622 2405 autem
663 2380 758 2417 quae
793 2366 907 2405 istinc
943 2370 1031 2405 sunt
1058 2367 1185 2406 allata.
1237 2366 1423 2412 Alterum,
1449 2364 1552 2417 quod
1579 2364 1738 2415 quisque

206 2430 370 2467 virorum
407 2430 593 2468 nobilium
628 2430 722 2468 ritus
758 2430 1042 2468 Ecclesiasticos
1077 2430 1177 2481 apud
1212 2444 1251 2469 se
1283 2444 1351 2482 pro
1390 2443 1457 2468 suo
1494 2429 1649 2467 arbitrio
1677 2429 1738 2466 in·

204 2494 346 2539 stituat,
382 2507 476 2544 quae
513 2494 664 2545 quidem
702 2508 759 2532 res
787 2494 835 2532 ad
864 2495 1125 2532 confusionem
1150 2495 1284 2545 magis,
1320 2507 1431 2545 quam
1468 2493 1516 2531 ad
1549 2492 1738 2530 instaura-

204 2558 344 2596 tionem
381 2559 574 2608 religionis
611 2563 778 2609 spectare
814 2559 1014 2599 videretur.
1069 2559 1254 2606 Alterum,
1288 2559 1402 2610 idque
1434 2557 1548 2596 ‚etiam
1574 2557 1739 2606 gravius,

210 2621 310 2672 quod
346 2621 386 2659 in
423 2635 558 2661 coenae
593 2622 815 2661 Dominicae
841 2623 1180 2669 administratione,
1204 2623 1358 2675 perinde
1384 2625 1494 2673 atque
1520 2621 1559 2659 in
1588 2634 1737 2672 sympo-

207 2687 284 2732 siis,
328 2686 491 2725 bibatur.
545 2688 628 2726 Iam
672 2688 858 2739 posterius
897 2688 969 2726 hoc
1006 2701 1146 2727 meram
1182 2701 1262 2726 esse
1297 2686 1465 2738 suspicor
1502 2686 1737 2737 Papistarum

211 2753 321 2799 (106)
359 2751 603 2791 calumniam:
638 2753 796 2803 proinde
830 2767 909 2792 non
942 2759 997 2792 est
1033 2753 1135 2805 quod
1163 2754 1208 2791 de
1234 2765 1277 2791 eo
1303 2751 1432 2789 multis
1469 2764 1590 2800 agam.
1646 2751 1738 2789 Cae·

210 2822 330 2855 terum
378 2817 422 2855 de
464 2817 600 2867 priore,
644 2818 714 2855 etsi
757 2818 796 2855 id
832 2831 980 2869 quoque
1016 2818 1123 2856 aliter
1159 2831 1198 2856 se
1233 2815 1369 2854 habere
1405 2814 1528 2860 credo,
1564 2813 1739 2854 nonnihil

215 2882 347 2920 dicam.
403 2881 488 2919 Scio
525 2881 711 2920 nihildum
744 2882 831 2921 istic
867 2883 912 2920 de
946 2882 1107 2933 publicis
1144 2881 1397 2920 Ecclesiarum
1425 2879 1561 2918 ritibus
1598 2877 1738 2917 consti-
