1818 3178
197 121 270 150 XIV
835 118 1076 148 PRAEFATIO.

193 224 314 266 edere
356 239 531 279 suoque¹
558 223 726 265 nomine
757 222 963 264 adornare
994 222 1143 271 solent,
1179 223 1242 264 vir
1271 237 1401 279 sagax
1431 229 1577 266 contra
1607 221 1713 265 iudi·

193 296 303 337 cium
350 310 515 351 semper
561 294 752 336 adhibeat
782 300 822 336 et
853 309 947 336 cum
982 294 1145 335 delectu
1178 293 1451 350 distinguens,
1482 293 1715 349 quisquiliis

193 366 371 418 abiectis,
406 366 570 409 nonnisi
600 366 672 408 diu
702 372 886 422 spectata
913 365 1173 422 probataque
1197 365 1313 421 prelo
1340 365 1564 408 submittat.
1596 365 1713 409 Num

192 438 322 494 igitur
367 438 506 479 omnia
553 452 661 493 quae
708 437 855 480 fertilis
900 437 998 480 tulit
1029 436 1354 479 reformatorum
1386 445 1509 489 aetas,
1542 436 1716 492 repetita

195 510 321 551 editio
356 510 528 551 manet?
588 507 703 551 Vere
751 516 992 564 portentosa
1033 508 1092 549 vis
1133 507 1474 550 membranarum
1512 508 1554 550 in
1592 508 1718 550 variis

191 581 332 631 thecis,
377 581 500 632 cistis,
541 579 758 623 tabulariis
789 588 829 622 et
858 580 1122 623 monasteriis
1153 578 1330 621 ubilibet
1359 595 1502 636 sparsa
1533 580 1574 621 in
1607 587 1715 627 cata·

192 653 309 709 logos
339 654 419 694 iam
452 652 671 704 recensita,
704 651 860 694 inedita
890 659 1028 693 tamen
1061 650 1280 706 hucusque
1305 650 1428 702 iacet3
1462 649 1716 695 incredibilis

193 730 406 780 praeterea
436 730 476 765 et
506 730 741 766 monstrosa
772 738 945 779 prorsus
967 723 1208 765 chartarum
1233 724 1352 777 copia
1372 729 1444 774 est,
1466 737 1571 778 quas
1591 735 1716 763 nemo

191 795 408 850 hucusque
440 794 782 850 oculisinspexit
813 796 1003 851 tetigitve
1033 809 1175 836 manu.
1218 793 1334 835 Num
1365 793 1496 849 igitur
1525 793 1628 837 haec
1656 800 1716 849 ty-

193 867 256 922 pis
298 866 489 908 mandari
524 865 675 908 debent
706 866 793 907 sine
825 865 1064 908 discrimine
1096 873 1168 907 aut
1198 864 1362 906 delectu
1393 864 1562 906 omnia?
1620 862 1715 907 Vae

194 939 449 995 posteritati!
498 953 623 994 quam
667 938 748 979 tale
789 938 992 980 diluvium
1036 943 1189 980 manet.
1251 936 1391 978 Musei
1437 933 1717 978 Alexandrini

193 1011 322 1053 fatum
356 1010 547 1056 dolemus
578 1025 742 1052 omnes:
775 1017 817 1052 at
848 1009 1059 1053 barbaries
1088 1009 1160 1051 illa
1190 1008 1262 1052 tali
1294 1008 1425 1051 ferme
1455 1006 1613 1050 diluvio
1646 1021 1714 1049 an·

191 1082 425 1139 teponenda
457 1084 579 1124 esset!

254 1154 368 1207 Quid
401 1154 572 1197 dicam?
608 1153 906 1195 Theocriteum
937 1152 1045 1195 illud

412 1228 552 1274 ἄμμες
580 1227 620 1264 δὲ
649 1228 792 1274 βροτοὶ,
823 1228 859 1264 οἱ
885 1226 926 1264 δὲ
954 1226 1118 1273 βροτούς
1147 1226 1277 1272 βροτοὶ
1306 1224 1486 1263 ἀείδωντι

198 1303 342 1337 nostro
371 1310 537 1351 quoque
555 1310 655 1337 aevo
673 1310 756 1336 non
775 1300 858 1336 tam
877 1295 1067 1336 insanum
1091 1293 1247 1335 dictum
1272 1301 1390 1336 esset.
1421 1293 1552 1337 Nobis
1573 1295 1716 1337 etiam-

197 1382 298 1409 num
331 1367 454 1409 dulce
484 1381 649 1423 semper
681 1366 845 1408 videtur
875 1373 915 1408 et
947 1381 1171 1408 amoenum
1203 1379 1456 1421 proavorum
1488 1365 1715 1423 imaginem

198 1438 271 1480 diu
302 1438 586 1494 contemplare
618 1445 658 1480 et
679 1445 767 1480 arte
789 1438 967 1494 quadam
993 1438 1244 1480 delineatam
1266 1436 1510 1493 aequalibus
1529 1444 1716 1494 spectan-

198 1511 298 1553 dum
331 1509 537 1554 exhibere.
574 1510 681 1562 Hoc,
714 1509 861 1552 lubens
894 1509 1040 1561 fateor,
1071 1525 1138 1551 me
1169 1508 1563 1565 quoqueinfestavit
1578 1515 1718 1551 conta-

198 1583 330 1639 gium,
362 1590 402 1623 et
431 1582 475 1623 in
507 1581 692 1624 Lascum
726 1597 867 1623 meum
898 1580 1051 1623 incidi!
1085 1581 1182 1623 Non
1216 1580 1327 1637 quod
1358 1579 1604 1623 contendam
1635 1579 1717 1622 Po-

199 1653 346 1696 lonum
376 1653 594 1695 Baronum
623 1652 743 1694 illum
777 1652 971 1694 heroibus
1001 1657 1218 1707 utcunque
1247 1651 1420 1693 humani
1451 1651 1618 1707 generis
1648 1665 1718 1694 an-

199 1724 507 1767 numerandum
552 1739 651 1775 esse,
693 1724 910 1780 splendere
950 1739 1043 1766 eum
1087 1723 1198 1765 inter
1228 1721 1449 1779 primarios
1477 1729 1519 1764 et
1546 1721 1719 1765 eximios

198 1796 291 1838 illos
322 1796 446 1847 viros,
477 1796 526 1837 de
559 1795 710 1851 quibus
742 1810 893 1851 anceps
924 1795 1087 1850 quaerit
1117 1801 1240 1850 poeta

604 1874 740 1924 τοιῷδε
768 1873 872 1922 <Daoi-1
903 1876 963 1918 τίς
992 1871 1241 1920 ξυμβήσεται

605 1937 679 1976 τίν’
709 1935 928 1985 ἀντιτάξω,
957 1940 1019 1981 τίς
1046 1940 1282 1984 φερέγγυος;

200 2006 287 2058 Qui
319 2006 488 2066 eminet,
521 2005 652 2047 latere
683 2006 828 2049 nescit.
862 2004 1012 2060 Itaque
1036 2019 1112 2060 per
1131 2004 1215 2046 duo
1235 2004 1323 2046 fere
1345 2002 1512 2046 saecula
1534 2002 1717 2046 Lascum

199 2077 367 2120 latuisse
398 2092 545 2120 revera
576 2083 616 2119 et
647 2084 706 2119 tot
736 2077 945 2133 tantisque
977 2077 1074 2118 viris
1104 2077 1333 2118 etiamnum
1367 2075 1590 2117 obscurum
1624 2075 1720 2117 satis

198 2149 409 2192 hominem
452 2165 551 2200 esse,
597 2149 735 2206 palam
778 2149 913 2200 efficit,
947 2148 1290 2204 circumspectius
1327 2147 1376 2189 de
1407 2163 1456 2189 eo
1486 2145 1721 2189 docendum

198 2235 297 2263 esse.
359 2220 443 2263 Vel
487 2221 545 2262 sic
590 2227 729 2262 tamen
777 2221 949 2277 egregie
996 2220 1162 2271 fallunt,
1215 2221 1288 2276 qui
1319 2235 1415 2262 eum
1447 2218 1499 2261 ad
1528 2219 1717 2261 infimum

199 2292 285 2333 fere
326 2291 465 2334 locum
510 2292 620 2334 inter
662 2291 959 2334 reformatores
998 2291 1202 2348 relegant.
1263 2291 1345 2333 Vir
1387 2290 1464 2331 suit
1492 2289 1604 2332 haud
1635 2304 1721 2331 uno

198 2363 366 2405 nomine
407 2362 659 2419 Bullingero
696 2363 863 2404 Bucero
904 2362 1143 2405 Pomerano
1184 2361 1535 2419 aequiparandum,
1577 2361 1719 2416 etqui

199 2435 437 2493 Martyrem
469 2435 722 2492 Myconium
754 2434 1131 2491 Oecolampadium
1165 2434 1308 2477 multis
1325 2425 1514 2476 numeris
1531 2440 1717 2489 superat.

200 2506 328 2550 Certo
372 2507 524 2548 iniuria
572 2513 715 2563 utpote
758 2506 1087 2564 Hagenbachius
1127 2522 1224 2550 eum
1270 2507 1312 2548 in
1352 2505 1599 2562 compendio
1627 2520 1717 2556 suc,

200 2579 546 2622 Reformatorum
587 2579 692 2621 vitas
734 2594 830 2621 cum
875 2595 1051 2635 operum
1097 2580 1260 2621 delectu
1308 2577 1531 2627 exhibenti,
1573 2577 1717 2619 eodem

200 2652 335 2708 ipsum
350 2650 440 2693 loco
453 2665 548 2693 cum
563 2649 793 2693 Lamberto
807 2650 1000 2692 Vadiano
1013 2658 1052 2692 et
1063 2650 1237 2693 Farello
1247 2649 1396 2706 posuit.
1422 2648 1633 2692 Evincunt
1644 2648 1720 2690 hoc

200 2738 389 2765 summac
421 2737 525 2777 quas
554 2722 596 2763 in
630 2721 844 2779 republica
875 2729 915 2763 et
945 2721 1134 2764 Ecclesia
1161 2721 1248 2778 egit
1267 2727 1417 2777 partes.
1452 2719 1618 2761 Evincit
1639 2718 1721 2760 late

199 2809 403 2851 spargens
447 2792 717 2849 epistolarum
762 2791 872 2849 quod
905 2808 1000 2835 cum
1033 2800 1092 2835 tot
1121 2791 1353 2848 insignibus
1384 2791 1494 2839 viris,
1525 2796 1587 2832 tot
1618 2790 1725 2846 regi-

200 2863 277 2910 bus
316 2871 355 2906 et
395 2864 651 2922 principibus
684 2878 758 2919 per
792 2870 923 2906 totum
957 2864 1062 2906 vitae
1094 2864 1319 2907 decursum
1350 2861 1492 2904 habuit
1523 2875 1727 2904 commer-
