<?xml version="1.0" encoding="UTF-8"?>
<!DOCTYPE html PUBLIC "-//W3C//DTD XHTML 1.0 Transitional//EN"
    "http://www.w3.org/TR/xhtml1/DTD/xhtml1-transitional.dtd">
<html xmlns="http://www.w3.org/1999/xhtml" xml:lang="en" lang="en">
 <head>
  <title>
</title>
<meta http-equiv="Content-Type" content="text/html;charset=utf-8" />
  <meta name='ocr-system' content='tesseract 3.04.00' />
  <meta name='ocr-capabilities' content='ocr_page ocr_carea ocr_par ocr_line ocrx_word'/>
</head>
<body>
  <div class='ocr_page' id='page_1' title='image "./operatameditaqua01lask_0499.png"; bbox 0 0 1818 3178; ppageno 0'>
   <div class='ocr_carea' id='block_1_1' title="bbox 1538 113 1610 149">
    <p class='ocr_par' dir='ltr' id='par_1_1' title="bbox 1538 113 1610 149">
     <span class='ocr_line' id='line_1_1' title="bbox 1538 113 1610 149; baseline 0 0"><span class='ocrx_word' id='word_1_1' title='bbox 1538 113 1610 149; x_wconf 82' lang='lat'>369</span> 
     </span>
    </p>
   </div>
   <div class='ocr_carea' id='block_1_2' title="bbox 81 221 1624 2851">
    <p class='ocr_par' dir='ltr' id='par_1_2' title="bbox 81 221 1620 1032">
     <span class='ocr_line' id='line_1_2' title="bbox 82 221 1609 273; baseline 0.001 -14"><span class='ocrx_word' id='word_1_2' title='bbox 82 222 198 260; x_wconf 88' lang='lat' dir='ltr'>seculi</span> <span class='ocrx_word' id='word_1_3' title='bbox 233 221 406 273; x_wconf 78' lang='lat' dir='ltr'>Caiaphis</span> <span class='ocrx_word' id='word_1_4' title='bbox 441 234 485 259; x_wconf 87' lang='lat' dir='ltr'>ac</span> <span class='ocrx_word' id='word_1_5' title='bbox 520 221 729 261; x_wconf 86' lang='lat' dir='ltr'>Pharisaeis</span> <span class='ocrx_word' id='word_1_6' title='bbox 765 222 839 260; x_wconf 89' lang='lat' dir='ltr'>dici</span> <span class='ocrx_word' id='word_1_7' title='bbox 869 223 998 269; x_wconf 80' lang='lat' dir='ltr'>soleat,</span> <span class='ocrx_word' id='word_1_8' title='bbox 1025 225 1062 261; x_wconf 92' lang='lat' dir='ltr'>et</span> <span class='ocrx_word' id='word_1_9' title='bbox 1089 223 1201 262; x_wconf 90' lang='lat' dir='ltr'>facile</span> <span class='ocrx_word' id='word_1_10' title='bbox 1226 222 1410 273; x_wconf 77' lang='lat' dir='ltr'>intelligo,</span> <span class='ocrx_word' id='word_1_11' title='bbox 1434 222 1534 260; x_wconf 88' lang='lat' dir='ltr'>idem</span> <span class='ocrx_word' id='word_1_12' title='bbox 1561 222 1609 260; x_wconf 90' lang='lat' dir='ltr'>ab</span> 
     </span>
     <span class='ocr_line' id='line_1_3' title="bbox 81 285 1608 339; baseline 0 -16"><span class='ocrx_word' id='word_1_13' title='bbox 81 285 156 323; x_wconf 90' lang='lat' dir='ltr'>illis</span> <span class='ocrx_word' id='word_1_14' title='bbox 201 286 286 324; x_wconf 89' lang='lat' dir='ltr'>istic</span> <span class='ocrx_word' id='word_1_15' title='bbox 320 285 463 325; x_wconf 86' lang='lat' dir='ltr'>iactari.</span> <span class='ocrx_word' id='word_1_16' title='bbox 518 287 589 324; x_wconf 87' lang='lat' dir='ltr'>Sed</span> <span class='ocrx_word' id='word_1_17' title='bbox 628 287 776 326; x_wconf 88' lang='lat' dir='ltr'>confido</span> <span class='ocrx_word' id='word_1_18' title='bbox 814 300 879 325; x_wconf 88' lang='lat' dir='ltr'>vos</span> <span class='ocrx_word' id='word_1_19' title='bbox 917 287 1095 326; x_wconf 88' lang='lat' dir='ltr'>maiorem</span> <span class='ocrx_word' id='word_1_20' title='bbox 1132 287 1340 339; x_wconf 81' lang='lat' dir='ltr'><strong>Prophetae</strong></span> <span class='ocrx_word' id='word_1_21' title='bbox 1368 286 1506 331; x_wconf 87' lang='lat' dir='ltr'>verbis,</span> <span class='ocrx_word' id='word_1_22' title='bbox 1542 299 1608 338; x_wconf 89' lang='lat' dir='ltr'>per</span> 
     </span>
     <span class='ocr_line' id='line_1_4' title="bbox 83 350 1611 403; baseline 0.001 -16"><span class='ocrx_word' id='word_1_23' title='bbox 83 350 262 402; x_wconf 87' lang='lat' dir='ltr'>Spiritum</span> <span class='ocrx_word' id='word_1_24' title='bbox 298 355 467 388; x_wconf 87' lang='lat' dir='ltr'>sanctum</span> <span class='ocrx_word' id='word_1_25' title='bbox 501 351 702 402; x_wconf 88' lang='lat' dir='ltr'>loquentis,</span> <span class='ocrx_word' id='word_1_26' title='bbox 729 365 841 403; x_wconf 90' lang='lat' dir='ltr'>quam</span> <span class='ocrx_word' id='word_1_27' title='bbox 869 351 1119 403; x_wconf 85' lang='lat' dir='ltr'>Caiapharum</span> <span class='ocrx_word' id='word_1_28' title='bbox 1146 365 1190 390; x_wconf 85' lang='lat' dir='ltr'>ac</span> <span class='ocrx_word' id='word_1_29' title='bbox 1217 352 1504 390; x_wconf 80' lang='lat' dir='ltr'>Pharisaeorum</span> <span class='ocrx_word' id='word_1_30' title='bbox 1530 351 1611 402; x_wconf 92' lang='lat' dir='ltr'>pla·</span> 
     </span>
     <span class='ocr_line' id='line_1_5' title="bbox 84 415 1612 467; baseline 0 -14"><span class='ocrx_word' id='word_1_31' title='bbox 84 415 166 454; x_wconf 89' lang='lat' dir='ltr'>citis</span> <span class='ocrx_word' id='word_1_32' title='bbox 192 415 304 454; x_wconf 85' lang='lat' dir='ltr'>fidem</span> <span class='ocrx_word' id='word_1_33' title='bbox 330 415 565 454; x_wconf 80' lang='lat' dir='ltr'><strong>adhibituros</strong></span> <span class='ocrx_word' id='word_1_34' title='bbox 593 430 684 463; x_wconf 86' lang='lat' dir='ltr'>esse,</span> <span class='ocrx_word' id='word_1_35' title='bbox 710 416 962 467; x_wconf 87' lang='lat' dir='ltr'>maioremque</span> <span class='ocrx_word' id='word_1_36' title='bbox 989 416 1060 454; x_wconf 91' lang='lat' dir='ltr'>Dei</span> <span class='ocrx_word' id='word_1_37' title='bbox 1088 430 1198 467; x_wconf 89' lang='lat' dir='ltr'>quam</span> <span class='ocrx_word' id='word_1_38' title='bbox 1219 417 1416 454; x_wconf 90' lang='lat' dir='ltr'>hominum</span> <span class='ocrx_word' id='word_1_39' title='bbox 1432 429 1612 467; x_wconf 87' lang='lat' dir='ltr'>quorum-</span> 
     </span>
     <span class='ocr_line' id='line_1_6' title="bbox 85 479 1614 530; baseline 0.001 -14"><span class='ocrx_word' id='word_1_40' title='bbox 85 491 230 529; x_wconf 90' lang='lat' dir='ltr'>cunque</span> <span class='ocrx_word' id='word_1_41' title='bbox 272 479 454 517; x_wconf 87' lang='lat' dir='ltr'>rationem</span> <span class='ocrx_word' id='word_1_42' title='bbox 500 479 708 519; x_wconf 88' lang='lat' dir='ltr'>habituros.</span> <span class='ocrx_word' id='word_1_43' title='bbox 764 480 817 518; x_wconf 85' lang='lat' dir='ltr'>Ut</span> <span class='ocrx_word' id='word_1_44' title='bbox 852 485 976 518; x_wconf 84' lang='lat' dir='ltr'>tamen</span> <span class='ocrx_word' id='word_1_45' title='bbox 1013 480 1246 529; x_wconf 84' lang='lat' dir='ltr'>intelligatis,</span> <span class='ocrx_word' id='word_1_46' title='bbox 1283 494 1379 518; x_wconf 90' lang='lat' dir='ltr'>vana</span> <span class='ocrx_word' id='word_1_47' title='bbox 1414 480 1614 530; x_wconf 82' lang='lat' dir='ltr'>futiliaque</span> 
     </span>
     <span class='ocr_line' id='line_1_7' title="bbox 83 542 1614 595; baseline 0 -16"><span class='ocrx_word' id='word_1_48' title='bbox 83 555 162 580; x_wconf 87' lang='lat' dir='ltr'>esse</span> <span class='ocrx_word' id='word_1_49' title='bbox 206 542 332 580; x_wconf 85' lang='lat' dir='ltr'>omnia</span> <span class='ocrx_word' id='word_1_50' title='bbox 374 556 468 594; x_wconf 87' lang='lat' dir='ltr'>quae</span> <span class='ocrx_word' id='word_1_51' title='bbox 504 544 550 581; x_wconf 87' lang='lat' dir='ltr'>ab</span> <span class='ocrx_word' id='word_1_52' title='bbox 586 544 677 595; x_wconf 86' lang='lat' dir='ltr'>ipsis</span> <span class='ocrx_word' id='word_1_53' title='bbox 713 545 967 595; x_wconf 85' lang='lat' dir='ltr'>proferuntur,</span> <span class='ocrx_word' id='word_1_54' title='bbox 1005 543 1382 582; x_wconf 82' lang='lat' dir='ltr'><strong>commemorabimus</strong></span> <span class='ocrx_word' id='word_1_55' title='bbox 1417 542 1614 594; x_wconf 85' lang='lat' dir='ltr'>praecipua</span> 
     </span>
     <span class='ocr_line' id='line_1_8' title="bbox 83 607 1614 659; baseline 0.001 -15"><span class='ocrx_word' id='word_1_56' title='bbox 83 607 264 657; x_wconf 82' lang='lat' dir='ltr'><strong>quaedam</strong></span> <span class='ocrx_word' id='word_1_57' title='bbox 300 612 411 659; x_wconf 86' lang='lat' dir='ltr'>atque</span> <span class='ocrx_word' id='word_1_58' title='bbox 446 608 556 646; x_wconf 88' lang='lat' dir='ltr'>etiam</span> <span class='ocrx_word' id='word_1_59' title='bbox 593 609 803 647; x_wconf 80' lang='lat' dir='ltr'>refellemus</span> <span class='ocrx_word' id='word_1_60' title='bbox 840 613 888 654; x_wconf 86' lang='lat' dir='ltr'>et,</span> <span class='ocrx_word' id='word_1_61' title='bbox 931 622 1147 659; x_wconf 79' lang='lat' dir='ltr'><strong>quanquam</strong></span> <span class='ocrx_word' id='word_1_62' title='bbox 1190 609 1299 646; x_wconf 85' lang='lat' dir='ltr'>video</span> <span class='ocrx_word' id='word_1_63' title='bbox 1327 608 1523 659; x_wconf 87' lang='lat' dir='ltr'>epistolam</span> <span class='ocrx_word' id='word_1_64' title='bbox 1549 619 1614 645; x_wconf 81' lang='lat' dir='ltr'>ex-</span> 
     </span>
     <span class='ocr_line' id='line_1_9' title="bbox 85 671 1620 724; baseline -0.001 -16"><span class='ocrx_word' id='word_1_65' title='bbox 85 671 242 709; x_wconf 85' lang='lat' dir='ltr'>crevisse</span> <span class='ocrx_word' id='word_1_66' title='bbox 269 685 381 723; x_wconf 86' lang='lat' dir='ltr'>supra</span> <span class='ocrx_word' id='word_1_67' title='bbox 409 686 519 723; x_wconf 88' lang='lat' dir='ltr'>quam</span> <span class='ocrx_word' id='word_1_68' title='bbox 547 677 730 724; x_wconf 83' lang='lat' dir='ltr'>putaram,</span> <span class='ocrx_word' id='word_1_69' title='bbox 757 677 894 718; x_wconf 87' lang='lat' dir='ltr'>tamen,</span> <span class='ocrx_word' id='word_1_70' title='bbox 923 685 1007 710; x_wconf 91' lang='lat' dir='ltr'>cum</span> <span class='ocrx_word' id='word_1_71' title='bbox 1033 685 1112 710; x_wconf 92' lang='lat' dir='ltr'>non</span> <span class='ocrx_word' id='word_1_72' title='bbox 1131 672 1183 710; x_wconf 88' lang='lat' dir='ltr'>ita</span> <span class='ocrx_word' id='word_1_73' title='bbox 1204 685 1338 722; x_wconf 87' lang='lat' dir='ltr'>parum</span> <span class='ocrx_word' id='word_1_74' title='bbox 1359 671 1620 719; x_wconf 83' lang='lat' dir='ltr'>re-(57)ferat‚</span> 
     </span>
     <span class='ocr_line' id='line_1_10' title="bbox 83 734 1619 787; baseline -0.001 -15"><span class='ocrx_word' id='word_1_75' title='bbox 83 735 263 773; x_wconf 87' lang='lat' dir='ltr'>refutatas</span> <span class='ocrx_word' id='word_1_76' title='bbox 291 735 427 774; x_wconf 86' lang='lat' dir='ltr'>habere</span> <span class='ocrx_word' id='word_1_77' title='bbox 455 735 524 773; x_wconf 90' lang='lat' dir='ltr'>hac</span> <span class='ocrx_word' id='word_1_78' title='bbox 551 736 788 787; x_wconf 87' lang='lat' dir='ltr'>potissimum</span> <span class='ocrx_word' id='word_1_79' title='bbox 815 736 854 774; x_wconf 90' lang='lat' dir='ltr'>in</span> <span class='ocrx_word' id='word_1_80' title='bbox 883 749 993 774; x_wconf 89' lang='lat' dir='ltr'>causa</span> <span class='ocrx_word' id='word_1_81' title='bbox 1021 735 1320 774; x_wconf 85' lang='lat' dir='ltr'>adversariorum</span> <span class='ocrx_word' id='word_1_82' title='bbox 1347 749 1407 773; x_wconf 89' lang='lat' dir='ltr'>eas</span> <span class='ocrx_word' id='word_1_83' title='bbox 1437 734 1619 772; x_wconf 89' lang='lat' dir='ltr'>obiectio-</span> 
     </span>
     <span class='ocr_line' id='line_1_11' title="bbox 84 798 1616 851; baseline -0.001 -15"><span class='ocrx_word' id='word_1_84' title='bbox 84 811 162 842; x_wconf 80' lang='lat' dir='ltr'>ncs,</span> <span class='ocrx_word' id='word_1_85' title='bbox 189 813 209 837; x_wconf 89' lang='lat' dir='ltr'>a</span> <span class='ocrx_word' id='word_1_86' title='bbox 237 799 375 850; x_wconf 90' lang='lat' dir='ltr'>quibus</span> <span class='ocrx_word' id='word_1_87' title='bbox 401 800 495 838; x_wconf 86' lang='lat' dir='ltr'>aliae</span> <span class='ocrx_word' id='word_1_88' title='bbox 521 814 658 850; x_wconf 80' lang='lat' dir='ltr'>magna</span> <span class='ocrx_word' id='word_1_89' title='bbox 684 813 730 838; x_wconf 84' lang='lat' dir='ltr'>ex</span> <span class='ocrx_word' id='word_1_90' title='bbox 756 804 860 851; x_wconf 88' lang='lat' dir='ltr'>parte</span> <span class='ocrx_word' id='word_1_91' title='bbox 886 800 1046 851; x_wconf 87' lang='lat' dir='ltr'>pendere</span> <span class='ocrx_word' id='word_1_92' title='bbox 1073 799 1259 842; x_wconf 76' lang='lat' dir='ltr'>videntur,</span> <span class='ocrx_word' id='word_1_93' title='bbox 1287 813 1363 838; x_wconf 88' lang='lat' dir='ltr'>non</span> <span class='ocrx_word' id='word_1_94' title='bbox 1382 811 1501 850; x_wconf 89' lang='lat' dir='ltr'>usque</span> <span class='ocrx_word' id='word_1_95' title='bbox 1524 798 1616 836; x_wconf 84' lang='lat' dir='ltr'>adeo</span> 
     </span>
     <span class='ocr_line' id='line_1_12' title="bbox 84 862 1616 916; baseline 0 -16"><span class='ocrx_word' id='word_1_96' title='bbox 84 863 284 901; x_wconf 87' lang='lat' dir='ltr'>molestum</span> <span class='ocrx_word' id='word_1_97' title='bbox 319 865 399 902; x_wconf 87' lang='lat' dir='ltr'>fore</span> <span class='ocrx_word' id='word_1_98' title='bbox 435 878 540 916; x_wconf 89' lang='lat' dir='ltr'>spero</span> <span class='ocrx_word' id='word_1_99' title='bbox 578 878 697 903; x_wconf 86' lang='lat' dir='ltr'>meam</span> <span class='ocrx_word' id='word_1_100' title='bbox 733 864 830 903; x_wconf 89' lang='lat' dir='ltr'>hanc</span> <span class='ocrx_word' id='word_1_101' title='bbox 864 864 1131 916; x_wconf 77' lang='lat' dir='ltr'>prolixitatem,</span> <span class='ocrx_word' id='word_1_102' title='bbox 1165 870 1207 902; x_wconf 90' lang='lat' dir='ltr'>ut</span> <span class='ocrx_word' id='word_1_103' title='bbox 1242 865 1346 902; x_wconf 86' lang='lat' dir='ltr'>illam</span> <span class='ocrx_word' id='word_1_104' title='bbox 1384 877 1460 902; x_wconf 92' lang='lat' dir='ltr'>non</span> <span class='ocrx_word' id='word_1_105' title='bbox 1488 862 1616 913; x_wconf 82' lang='lat' dir='ltr'>aequis</span> 
     </span>
     <span class='ocr_line' id='line_1_13' title="bbox 83 928 1615 980; baseline 0 -15"><span class='ocrx_word' id='word_1_106' title='bbox 83 928 314 980; x_wconf 81' lang='lat' dir='ltr'>placidisque</span> <span class='ocrx_word' id='word_1_107' title='bbox 348 930 483 968; x_wconf 89' lang='lat' dir='ltr'>animis</span> <span class='ocrx_word' id='word_1_108' title='bbox 519 930 631 968; x_wconf 84' lang='lat' dir='ltr'>laturi</span> <span class='ocrx_word' id='word_1_109' title='bbox 658 930 752 969; x_wconf 88' lang='lat' dir='ltr'>sitis.</span> <span class='ocrx_word' id='word_1_110' title='bbox 782 930 864 967; x_wconf 88' lang='lat' dir='ltr'>Iam</span> <span class='ocrx_word' id='word_1_111' title='bbox 890 930 1006 979; x_wconf 85' lang='lat' dir='ltr'>igitur</span> <span class='ocrx_word' id='word_1_112' title='bbox 1032 929 1080 967; x_wconf 85' lang='lat' dir='ltr'>ad</span> <span class='ocrx_word' id='word_1_113' title='bbox 1107 929 1303 968; x_wconf 85' lang='lat' dir='ltr'>diluendas</span> <span class='ocrx_word' id='word_1_114' title='bbox 1331 942 1460 968; x_wconf 90' lang='lat' dir='ltr'>eorum</span> <span class='ocrx_word' id='word_1_115' title='bbox 1488 929 1615 966; x_wconf 90' lang='lat' dir='ltr'>obiec-</span> 
     </span>
     <span class='ocr_line' id='line_1_14' title="bbox 85 991 440 1032; baseline 0.008 -3"><span class='ocrx_word' id='word_1_116' title='bbox 85 991 207 1030; x_wconf 91' lang='lat' dir='ltr'>tiones</span> <span class='ocrx_word' id='word_1_117' title='bbox 235 992 440 1032; x_wconf 88' lang='lat' dir='ltr'>veniamus.</span> 
     </span>
    </p>

    <p class='ocr_par' dir='ltr' id='par_1_3' title="bbox 84 1056 1624 2851">
     <span class='ocr_line' id='line_1_15' title="bbox 137 1056 1619 1108; baseline 0 -14"><span class='ocrx_word' id='word_1_118' title='bbox 137 1056 221 1095; x_wconf 94' lang='lat' dir='ltr'>Duo</span> <span class='ocrx_word' id='word_1_119' title='bbox 251 1061 339 1096; x_wconf 88' lang='lat' dir='ltr'>sunt</span> <span class='ocrx_word' id='word_1_120' title='bbox 365 1058 442 1096; x_wconf 86' lang='lat' dir='ltr'>fere</span> <span class='ocrx_word' id='word_1_121' title='bbox 468 1057 663 1096; x_wconf 90' lang='lat' dir='ltr'>hominum</span> <span class='ocrx_word' id='word_1_122' title='bbox 689 1070 838 1107; x_wconf 88' lang='lat' dir='ltr'>genera,</span> <span class='ocrx_word' id='word_1_123' title='bbox 866 1071 960 1108; x_wconf 89' lang='lat' dir='ltr'>quae</span> <span class='ocrx_word' id='word_1_124' title='bbox 987 1057 1094 1107; x_wconf 84' lang='lat' dir='ltr'>regni</span> <span class='ocrx_word' id='word_1_125' title='bbox 1121 1056 1183 1094; x_wconf 93' lang='lat' dir='ltr'>hic</span> <span class='ocrx_word' id='word_1_126' title='bbox 1211 1056 1351 1095; x_wconf 78' lang='lat' dir='ltr'>Christi</span> <span class='ocrx_word' id='word_1_127' title='bbox 1377 1057 1416 1094; x_wconf 89' lang='lat' dir='ltr'>in</span> <span class='ocrx_word' id='word_1_128' title='bbox 1446 1056 1619 1096; x_wconf 86' lang='lat' dir='ltr'>doctrina</span> 
     </span>
     <span class='ocr_line' id='line_1_16' title="bbox 86 1121 1622 1173; baseline 0.001 -15"><span class='ocrx_word' id='word_1_129' title='bbox 86 1121 165 1159; x_wconf 90' lang='lat' dir='ltr'>eius</span> <span class='ocrx_word' id='word_1_130' title='bbox 202 1122 512 1161; x_wconf 77' lang='lat' dir='ltr'>instaurationem</span> <span class='ocrx_word' id='word_1_131' title='bbox 546 1123 708 1160; x_wconf 86' lang='lat' dir='ltr'>invisam</span> <span class='ocrx_word' id='word_1_132' title='bbox 735 1122 875 1160; x_wconf 86' lang='lat' dir='ltr'>habent</span> <span class='ocrx_word' id='word_1_133' title='bbox 903 1135 1023 1173; x_wconf 88' lang='lat' dir='ltr'>neque</span> <span class='ocrx_word' id='word_1_134' title='bbox 1050 1122 1161 1159; x_wconf 82' lang='lat' dir='ltr'>facile</span> <span class='ocrx_word' id='word_1_135' title='bbox 1188 1122 1284 1159; x_wconf 87' lang='lat' dir='ltr'>ferre</span> <span class='ocrx_word' id='word_1_136' title='bbox 1310 1125 1484 1172; x_wconf 83' lang='lat' dir='ltr'>possunt.</span> <span class='ocrx_word' id='word_1_137' title='bbox 1514 1123 1622 1159; x_wconf 88' lang='lat' dir='ltr'>Alte·</span> 
     </span>
     <span class='ocr_line' id='line_1_17' title="bbox 86 1186 1619 1239; baseline 0 -15"><span class='ocrx_word' id='word_1_138' title='bbox 86 1200 170 1225; x_wconf 87' lang='lat' dir='ltr'>rum</span> <span class='ocrx_word' id='word_1_139' title='bbox 204 1192 272 1232; x_wconf 88' lang='lat' dir='ltr'>est,</span> <span class='ocrx_word' id='word_1_140' title='bbox 298 1188 399 1239; x_wconf 86' lang='lat' dir='ltr'>quod</span> <span class='ocrx_word' id='word_1_141' title='bbox 425 1188 465 1226; x_wconf 90' lang='lat' dir='ltr'>in</span> <span class='ocrx_word' id='word_1_142' title='bbox 493 1188 666 1225; x_wconf 89' lang='lat' dir='ltr'>ordinato</span> <span class='ocrx_word' id='word_1_143' title='bbox 694 1201 714 1225; x_wconf 84' lang='lat' dir='ltr'>a</span> <span class='ocrx_word' id='word_1_144' title='bbox 743 1187 823 1225; x_wconf 91' lang='lat' dir='ltr'>Deo</span> <span class='ocrx_word' id='word_1_145' title='bbox 851 1187 1001 1238; x_wconf 89' lang='lat' dir='ltr'>publico</span> <span class='ocrx_word' id='word_1_146' title='bbox 1030 1199 1256 1237; x_wconf 88' lang='lat' dir='ltr'>quocunque</span> <span class='ocrx_word' id='word_1_147' title='bbox 1283 1186 1475 1224; x_wconf 82' lang='lat' dir='ltr'>Ecclesiae</span> <span class='ocrx_word' id='word_1_148' title='bbox 1501 1187 1619 1224; x_wconf 89' lang='lat' dir='ltr'>mini-</span> 
     </span>
     <span class='ocr_line' id='line_1_18' title="bbox 87 1251 1619 1303; baseline 0.001 -14"><span class='ocrx_word' id='word_1_149' title='bbox 87 1253 198 1290; x_wconf 72' lang='lat' dir='ltr'>sterio</span> <span class='ocrx_word' id='word_1_150' title='bbox 236 1253 469 1291; x_wconf 88' lang='lat' dir='ltr'>dominatum</span> <span class='ocrx_word' id='word_1_151' title='bbox 506 1253 580 1291; x_wconf 90' lang='lat' dir='ltr'>sibi</span> <span class='ocrx_word' id='word_1_152' title='bbox 612 1252 801 1303; x_wconf 83' lang='lat' dir='ltr'>quendam</span> <span class='ocrx_word' id='word_1_153' title='bbox 838 1264 1030 1303; x_wconf 88' lang='lat' dir='ltr'>usurpare,</span> <span class='ocrx_word' id='word_1_154' title='bbox 1065 1256 1287 1302; x_wconf 88' lang='lat' dir='ltr'>usurpatum</span> <span class='ocrx_word' id='word_1_155' title='bbox 1315 1251 1474 1289; x_wconf 87' lang='lat' dir='ltr'>retinere</span> <span class='ocrx_word' id='word_1_156' title='bbox 1503 1252 1619 1303; x_wconf 89' lang='lat' dir='ltr'>cupit.</span> 
     </span>
     <span class='ocr_line' id='line_1_19' title="bbox 86 1313 1619 1366; baseline 0 -14"><span class='ocrx_word' id='word_1_157' title='bbox 86 1315 259 1353; x_wconf 87' lang='lat' dir='ltr'>Alterum</span> <span class='ocrx_word' id='word_1_158' title='bbox 295 1328 393 1360; x_wconf 87' lang='lat' dir='ltr'>vero,</span> <span class='ocrx_word' id='word_1_159' title='bbox 429 1315 531 1366; x_wconf 90' lang='lat' dir='ltr'>quod</span> <span class='ocrx_word' id='word_1_160' title='bbox 568 1315 682 1353; x_wconf 88' lang='lat' dir='ltr'>nullis</span> <span class='ocrx_word' id='word_1_161' title='bbox 710 1314 863 1352; x_wconf 89' lang='lat' dir='ltr'>omnino</span> <span class='ocrx_word' id='word_1_162' title='bbox 891 1315 1040 1364; x_wconf 76' lang='lat' dir='ltr'>legibus</span> <span class='ocrx_word' id='word_1_163' title='bbox 1070 1314 1243 1360; x_wconf 86' lang='lat' dir='ltr'>coerceri,</span> <span class='ocrx_word' id='word_1_164' title='bbox 1270 1314 1334 1352; x_wconf 87' lang='lat' dir='ltr'>sed</span> <span class='ocrx_word' id='word_1_165' title='bbox 1361 1313 1515 1366; x_wconf 86' lang='lat' dir='ltr'>impune</span> <span class='ocrx_word' id='word_1_166' title='bbox 1545 1315 1619 1352; x_wconf 91' lang='lat' dir='ltr'>sibi</span> 
     </span>
     <span class='ocr_line' id='line_1_20' title="bbox 84 1379 1620 1431; baseline 0.001 -15"><span class='ocrx_word' id='word_1_167' title='bbox 84 1379 197 1417; x_wconf 92' lang='lat' dir='ltr'>licere</span> <span class='ocrx_word' id='word_1_168' title='bbox 223 1380 302 1417; x_wconf 92' lang='lat' dir='ltr'>vult</span> <span class='ocrx_word' id='word_1_169' title='bbox 329 1379 467 1426; x_wconf 86' lang='lat' dir='ltr'>omnia,</span> <span class='ocrx_word' id='word_1_170' title='bbox 492 1380 533 1417; x_wconf 92' lang='lat' dir='ltr'>in</span> <span class='ocrx_word' id='word_1_171' title='bbox 560 1393 785 1431; x_wconf 85' lang='lat' dir='ltr'>quocunque</span> <span class='ocrx_word' id='word_1_172' title='bbox 810 1379 962 1417; x_wconf 88' lang='lat' dir='ltr'>tandem</span> <span class='ocrx_word' id='word_1_173' title='bbox 980 1379 1078 1417; x_wconf 85' lang='lat' dir='ltr'>vitae</span> <span class='ocrx_word' id='word_1_174' title='bbox 1095 1392 1232 1428; x_wconf 80' lang='lat' dir='ltr'>genere</span> <span class='ocrx_word' id='word_1_175' title='bbox 1248 1383 1427 1418; x_wconf 81' lang='lat' dir='ltr'>versetur.</span> <span class='ocrx_word' id='word_1_176' title='bbox 1456 1379 1620 1430; x_wconf 87' lang='lat' dir='ltr'>Utrique</span> 
     </span>
     <span class='ocr_line' id='line_1_21' title="bbox 86 1444 1620 1495; baseline 0.001 -14"><span class='ocrx_word' id='word_1_177' title='bbox 86 1444 185 1482; x_wconf 89' lang='lat' dir='ltr'>enim</span> <span class='ocrx_word' id='word_1_178' title='bbox 220 1444 285 1483; x_wconf 86' lang='lat' dir='ltr'>isti</span> <span class='ocrx_word' id='word_1_179' title='bbox 321 1449 451 1483; x_wconf 86' lang='lat' dir='ltr'>contra</span> <span class='ocrx_word' id='word_1_180' title='bbox 488 1459 526 1483; x_wconf 88' lang='lat' dir='ltr'>se</span> <span class='ocrx_word' id='word_1_181' title='bbox 552 1458 710 1495; x_wconf 81' lang='lat' dir='ltr'>regumn</span> <span class='ocrx_word' id='word_1_182' title='bbox 740 1444 881 1482; x_wconf 86' lang='lat' dir='ltr'>Christi</span> <span class='ocrx_word' id='word_1_183' title='bbox 908 1444 1064 1482; x_wconf 86' lang='lat' dir='ltr'>Domini</span> <span class='ocrx_word' id='word_1_184' title='bbox 1089 1444 1292 1482; x_wconf 86' lang='lat' dir='ltr'>instaurari</span> <span class='ocrx_word' id='word_1_185' title='bbox 1321 1444 1501 1491; x_wconf 87' lang='lat' dir='ltr'>sentiunt,</span> <span class='ocrx_word' id='word_1_186' title='bbox 1529 1444 1620 1482; x_wconf 89' lang='lat' dir='ltr'>dum</span> 
     </span>
     <span class='ocr_line' id='line_1_22' title="bbox 87 1509 1621 1559; baseline 0 -13"><span class='ocrx_word' id='word_1_187' title='bbox 87 1512 122 1546; x_wconf 87' lang='lat' dir='ltr'>et</span> <span class='ocrx_word' id='word_1_188' title='bbox 158 1509 262 1547; x_wconf 88' lang='lat' dir='ltr'>illam</span> <span class='ocrx_word' id='word_1_189' title='bbox 297 1509 510 1548; x_wconf 80' lang='lat' dir='ltr'>dominatus</span> <span class='ocrx_word' id='word_1_190' title='bbox 548 1509 605 1547; x_wconf 89' lang='lat' dir='ltr'>sui</span> <span class='ocrx_word' id='word_1_191' title='bbox 630 1509 671 1547; x_wconf 90' lang='lat' dir='ltr'>in</span> <span class='ocrx_word' id='word_1_192' title='bbox 698 1509 906 1547; x_wconf 85' lang='lat' dir='ltr'>ministerio</span> <span class='ocrx_word' id='word_1_193' title='bbox 932 1509 1242 1558; x_wconf 78' lang='lat' dir='ltr'>imaginationem</span> <span class='ocrx_word' id='word_1_194' title='bbox 1270 1513 1381 1559; x_wconf 87' lang='lat' dir='ltr'>atque</span> <span class='ocrx_word' id='word_1_195' title='bbox 1406 1509 1621 1559; x_wconf 73' lang='lat' dir='ltr'>usurpatio-</span> 
     </span>
     <span class='ocr_line' id='line_1_23' title="bbox 87 1572 1619 1625; baseline -0.001 -15"><span class='ocrx_word' id='word_1_196' title='bbox 87 1587 171 1611; x_wconf 90' lang='lat' dir='ltr'>nem</span> <span class='ocrx_word' id='word_1_197' title='bbox 207 1574 429 1625; x_wconf 86' lang='lat' dir='ltr'>rcprehendi</span> <span class='ocrx_word' id='word_1_198' title='bbox 455 1587 520 1625; x_wconf 89' lang='lat' dir='ltr'>per</span> <span class='ocrx_word' id='word_1_199' title='bbox 556 1573 765 1611; x_wconf 82' lang='lat' dir='ltr'>doctrinam</span> <span class='ocrx_word' id='word_1_200' title='bbox 793 1572 1006 1623; x_wconf 70' lang='lat' dir='ltr'>Emmgelii,</span> <span class='ocrx_word' id='word_1_201' title='bbox 1034 1586 1146 1624; x_wconf 85' lang='lat' dir='ltr'>seque</span> <span class='ocrx_word' id='word_1_202' title='bbox 1172 1573 1221 1610; x_wconf 87' lang='lat' dir='ltr'>ad</span> <span class='ocrx_word' id='word_1_203' title='bbox 1248 1572 1352 1610; x_wconf 86' lang='lat' dir='ltr'>verbi</span> <span class='ocrx_word' id='word_1_204' title='bbox 1380 1572 1500 1610; x_wconf 86' lang='lat' dir='ltr'>divini</span> <span class='ocrx_word' id='word_1_205' title='bbox 1527 1572 1619 1610; x_wconf 90' lang='lat' dir='ltr'>obe-</span> 
     </span>
     <span class='ocr_line' id='line_1_24' title="bbox 89 1637 1621 1689; baseline -0.001 -13"><span class='ocrx_word' id='word_1_206' title='bbox 89 1639 376 1688; x_wconf 84' lang='lat' dir='ltr'>dien-(58)tiam</span> <span class='ocrx_word' id='word_1_207' title='bbox 414 1639 594 1685; x_wconf 86' lang='lat' dir='ltr'>revocari,</span> <span class='ocrx_word' id='word_1_208' title='bbox 621 1644 657 1677; x_wconf 88' lang='lat' dir='ltr'>et</span> <span class='ocrx_word' id='word_1_209' title='bbox 682 1638 835 1689; x_wconf 88' lang='lat' dir='ltr'>impune</span> <span class='ocrx_word' id='word_1_210' title='bbox 862 1638 1010 1689; x_wconf 88' lang='lat' dir='ltr'>quidvis</span> <span class='ocrx_word' id='word_1_211' title='bbox 1038 1638 1201 1676; x_wconf 86' lang='lat' dir='ltr'>audendi</span> <span class='ocrx_word' id='word_1_212' title='bbox 1227 1637 1419 1676; x_wconf 85' lang='lat' dir='ltr'>licentiam</span> <span class='ocrx_word' id='word_1_213' title='bbox 1446 1637 1621 1675; x_wconf 87' lang='lat' dir='ltr'>admoni-</span> 
     </span>
     <span class='ocr_line' id='line_1_25' title="bbox 88 1701 1620 1754; baseline -0.001 -14"><span class='ocrx_word' id='word_1_214' title='bbox 88 1703 236 1740; x_wconf 90' lang='lat' dir='ltr'>tionum</span> <span class='ocrx_word' id='word_1_215' title='bbox 272 1702 619 1742; x_wconf 86' lang='lat' dir='ltr'>Ecclesiasticarum</span> <span class='ocrx_word' id='word_1_216' title='bbox 648 1702 804 1754; x_wconf 88' lang='lat' dir='ltr'>ipsoque</span> <span class='ocrx_word' id='word_1_217' title='bbox 833 1702 1050 1753; x_wconf 86' lang='lat' dir='ltr'>disciplinae</span> <span class='ocrx_word' id='word_1_218' title='bbox 1076 1701 1321 1753; x_wconf 88' lang='lat' dir='ltr'>Apostolicae</span> <span class='ocrx_word' id='word_1_219' title='bbox 1348 1714 1417 1739; x_wconf 87' lang='lat' dir='ltr'>usu</span> <span class='ocrx_word' id='word_1_220' title='bbox 1443 1701 1620 1739; x_wconf 86' lang='lat' dir='ltr'>fraenan-</span> 
     </span>
     <span class='ocr_line' id='line_1_26' title="bbox 91 1766 1620 1818; baseline 0 -14"><span class='ocrx_word' id='word_1_221' title='bbox 91 1767 174 1805; x_wconf 87' lang='lat' dir='ltr'>dam</span> <span class='ocrx_word' id='word_1_222' title='bbox 204 1781 283 1805; x_wconf 87' lang='lat' dir='ltr'>esse</span> <span class='ocrx_word' id='word_1_223' title='bbox 309 1767 448 1807; x_wconf 88' lang='lat' dir='ltr'>vident.</span> <span class='ocrx_word' id='word_1_224' title='bbox 486 1768 536 1805; x_wconf 81' lang='lat' dir='ltr'>Et</span> <span class='ocrx_word' id='word_1_225' title='bbox 563 1767 737 1818; x_wconf 87' lang='lat' dir='ltr'>quoniam</span> <span class='ocrx_word' id='word_1_226' title='bbox 768 1771 954 1818; x_wconf 90' lang='lat' dir='ltr'>utrunque</span> <span class='ocrx_word' id='word_1_227' title='bbox 982 1766 1054 1804; x_wconf 87' lang='lat' dir='ltr'>hoc</span> <span class='ocrx_word' id='word_1_228' title='bbox 1081 1766 1277 1803; x_wconf 90' lang='lat' dir='ltr'>hominum</span> <span class='ocrx_word' id='word_1_229' title='bbox 1304 1779 1436 1815; x_wconf 85' lang='lat' dir='ltr'>genus,</span> <span class='ocrx_word' id='word_1_230' title='bbox 1464 1766 1620 1804; x_wconf 80' lang='lat' dir='ltr'>diversIS</span> 
     </span>
     <span class='ocr_line' id='line_1_27' title="bbox 91 1831 1621 1883; baseline -0.001 -14"><span class='ocrx_word' id='word_1_231' title='bbox 91 1833 239 1883; x_wconf 87' lang='lat' dir='ltr'>quidem</span> <span class='ocrx_word' id='word_1_232' title='bbox 268 1832 501 1879; x_wconf 87' lang='lat' dir='ltr'>notionibus,</span> <span class='ocrx_word' id='word_1_233' title='bbox 527 1833 658 1870; x_wconf 91' lang='lat' dir='ltr'>eodem</span> <span class='ocrx_word' id='word_1_234' title='bbox 685 1836 808 1870; x_wconf 88' lang='lat' dir='ltr'>tamen</span> <span class='ocrx_word' id='word_1_235' title='bbox 835 1831 986 1870; x_wconf 83' lang='lat' dir='ltr'>interim</span> <span class='ocrx_word' id='word_1_236' title='bbox 1015 1836 1166 1882; x_wconf 88' lang='lat' dir='ltr'>spectet,</span> <span class='ocrx_word' id='word_1_237' title='bbox 1195 1844 1326 1882; x_wconf 87' lang='lat' dir='ltr'>nempe</span> <span class='ocrx_word' id='word_1_238' title='bbox 1354 1831 1402 1868; x_wconf 87' lang='lat' dir='ltr'>ad</span> <span class='ocrx_word' id='word_1_239' title='bbox 1429 1831 1621 1869; x_wconf 86' lang='lat' dir='ltr'>licentiam</span> 
     </span>
     <span class='ocr_line' id='line_1_28' title="bbox 91 1894 1622 1948; baseline -0.001 -13"><span class='ocrx_word' id='word_1_240' title='bbox 91 1902 203 1948; x_wconf 90' lang='lat' dir='ltr'>atque</span> <span class='ocrx_word' id='word_1_241' title='bbox 227 1897 488 1948; x_wconf 87' lang='lat' dir='ltr'>impunitatem</span> <span class='ocrx_word' id='word_1_242' title='bbox 515 1910 638 1934; x_wconf 88' lang='lat' dir='ltr'>rerum</span> <span class='ocrx_word' id='word_1_243' title='bbox 658 1896 826 1934; x_wconf 90' lang='lat' dir='ltr'>omnium</span> <span class='ocrx_word' id='word_1_244' title='bbox 841 1917 892 1925; x_wconf 93' lang='lat'>—</span> <span class='ocrx_word' id='word_1_245' title='bbox 906 1895 1083 1933; x_wconf 89' lang='lat' dir='ltr'>nimirum</span> <span class='ocrx_word' id='word_1_246' title='bbox 1101 1895 1165 1933; x_wconf 88' lang='lat' dir='ltr'>alii</span> <span class='ocrx_word' id='word_1_247' title='bbox 1183 1894 1223 1932; x_wconf 93' lang='lat' dir='ltr'>id</span> <span class='ocrx_word' id='word_1_248' title='bbox 1241 1907 1306 1946; x_wconf 90' lang='lat' dir='ltr'>per</span> <span class='ocrx_word' id='word_1_249' title='bbox 1324 1894 1557 1932; x_wconf 88' lang='lat' dir='ltr'>dominatum</span> <span class='ocrx_word' id='word_1_250' title='bbox 1581 1895 1622 1933; x_wconf 92' lang='lat' dir='ltr'>in</span> 
     </span>
     <span class='ocr_line' id='line_1_29' title="bbox 90 1958 1623 2011; baseline -0.002 -13"><span class='ocrx_word' id='word_1_251' title='bbox 90 1961 313 2007; x_wconf 86' lang='lat' dir='ltr'>ministerio,</span> <span class='ocrx_word' id='word_1_252' title='bbox 348 1961 456 2011; x_wconf 86' lang='lat' dir='ltr'>quasi</span> <span class='ocrx_word' id='word_1_253' title='bbox 484 1960 624 1998; x_wconf 90' lang='lat' dir='ltr'>nemini</span> <span class='ocrx_word' id='word_1_254' title='bbox 651 1960 836 1998; x_wconf 88' lang='lat' dir='ltr'>rationem</span> <span class='ocrx_word' id='word_1_255' title='bbox 863 1959 921 1998; x_wconf 87' lang='lat' dir='ltr'>sui</span> <span class='ocrx_word' id='word_1_256' title='bbox 948 1959 1148 1997; x_wconf 87' lang='lat' dir='ltr'>ministerii</span> <span class='ocrx_word' id='word_1_257' title='bbox 1174 1958 1330 1996; x_wconf 88' lang='lat' dir='ltr'>reddere</span> <span class='ocrx_word' id='word_1_258' title='bbox 1358 1958 1531 2005; x_wconf 86' lang='lat' dir='ltr'>debeant,</span> <span class='ocrx_word' id='word_1_259' title='bbox 1557 1958 1623 1995; x_wconf 89' lang='lat' dir='ltr'>alii</span> 
     </span>
     <span class='ocr_line' id='line_1_30' title="bbox 91 2021 1622 2076; baseline -0.003 -13"><span class='ocrx_word' id='word_1_260' title='bbox 91 2038 178 2063; x_wconf 90' lang='lat' dir='ltr'>vero</span> <span class='ocrx_word' id='word_1_261' title='bbox 206 2038 270 2076; x_wconf 87' lang='lat' dir='ltr'>per</span> <span class='ocrx_word' id='word_1_262' title='bbox 297 2024 512 2063; x_wconf 87' lang='lat' dir='ltr'>anarchiam</span> <span class='ocrx_word' id='word_1_263' title='bbox 539 2024 726 2075; x_wconf 87' lang='lat' dir='ltr'>quandam</span> <span class='ocrx_word' id='word_1_264' title='bbox 755 2028 867 2074; x_wconf 85' lang='lat' dir='ltr'>atque</span> <span class='ocrx_word' id='word_1_265' title='bbox 894 2023 1060 2061; x_wconf 88' lang='lat' dir='ltr'>omnium</span> <span class='ocrx_word' id='word_1_266' title='bbox 1079 2023 1119 2060; x_wconf 91' lang='lat' dir='ltr'>in</span> <span class='ocrx_word' id='word_1_267' title='bbox 1139 2022 1246 2060; x_wconf 89' lang='lat' dir='ltr'>terris</span> <span class='ocrx_word' id='word_1_268' title='bbox 1266 2021 1463 2060; x_wconf 90' lang='lat' dir='ltr'>hominum</span> <span class='ocrx_word' id='word_1_269' title='bbox 1482 2034 1622 2072; x_wconf 85' lang='lat' dir='ltr'>aequa-</span> 
     </span>
     <span class='ocr_line' id='line_1_31' title="bbox 91 2085 1622 2139; baseline -0.002 -13"><span class='ocrx_word' id='word_1_270' title='bbox 91 2089 235 2126; x_wconf 83' lang='lat' dir='ltr'>litatem</span> <span class='ocrx_word' id='word_1_271' title='bbox 269 2089 432 2127; x_wconf 87' lang='lat' dir='ltr'>obtineri</span> <span class='ocrx_word' id='word_1_272' title='bbox 466 2102 575 2139; x_wconf 89' lang='lat' dir='ltr'>posse</span> <span class='ocrx_word' id='word_1_273' title='bbox 610 2088 864 2138; x_wconf 87' lang='lat' dir='ltr'>imaginantur</span> <span class='ocrx_word' id='word_1_274' title='bbox 897 2109 948 2117; x_wconf 89' lang='lat'>—</span> <span class='ocrx_word' id='word_1_275' title='bbox 982 2087 1132 2137; x_wconf 89' lang='lat' dir='ltr'>utrique</span> <span class='ocrx_word' id='word_1_276' title='bbox 1170 2099 1259 2124; x_wconf 87' lang='lat' dir='ltr'>sane</span> <span class='ocrx_word' id='word_1_277' title='bbox 1293 2099 1451 2135; x_wconf 84' lang='lat' dir='ltr'>regnum</span> <span class='ocrx_word' id='word_1_278' title='bbox 1480 2085 1622 2123; x_wconf 82' lang='lat' dir='ltr'>Christi</span> 
     </span>
     <span class='ocr_line' id='line_1_32' title="bbox 92 2150 1622 2204; baseline -0.004 -11"><span class='ocrx_word' id='word_1_279' title='bbox 92 2155 248 2193; x_wconf 91' lang='lat' dir='ltr'>Domini</span> <span class='ocrx_word' id='word_1_280' title='bbox 273 2154 404 2204; x_wconf 89' lang='lat' dir='ltr'>iugum</span> <span class='ocrx_word' id='word_1_281' title='bbox 431 2153 503 2191; x_wconf 89' lang='lat' dir='ltr'>sibi</span> <span class='ocrx_word' id='word_1_282' title='bbox 530 2152 819 2204; x_wconf 85' lang='lat' dir='ltr'>haudquaquam</span> <span class='ocrx_word' id='word_1_283' title='bbox 845 2151 1041 2190; x_wconf 84' lang='lat' dir='ltr'>ferendum</span> <span class='ocrx_word' id='word_1_284' title='bbox 1068 2164 1148 2189; x_wconf 88' lang='lat' dir='ltr'>esse</span> <span class='ocrx_word' id='word_1_285' title='bbox 1176 2151 1339 2188; x_wconf 86' lang='lat' dir='ltr'>clamant</span> <span class='ocrx_word' id='word_1_286' title='bbox 1366 2155 1476 2201; x_wconf 85' lang='lat' dir='ltr'>atquc</span> <span class='ocrx_word' id='word_1_287' title='bbox 1495 2150 1622 2188; x_wconf 88' lang='lat' dir='ltr'>omnia</span> 
     </span>
     <span class='ocr_line' id='line_1_33' title="bbox 90 2215 1623 2270; baseline -0.003 -12"><span class='ocrx_word' id='word_1_288' title='bbox 90 2224 250 2266; x_wconf 85' lang='lat' dir='ltr'>tentant,</span> <span class='ocrx_word' id='word_1_289' title='bbox 277 2220 308 2257; x_wconf 93' lang='lat' dir='ltr'>si</span> <span class='ocrx_word' id='word_1_290' title='bbox 335 2232 408 2270; x_wconf 90' lang='lat' dir='ltr'>quo</span> <span class='ocrx_word' id='word_1_291' title='bbox 435 2218 547 2256; x_wconf 90' lang='lat' dir='ltr'>modo</span> <span class='ocrx_word' id='word_1_292' title='bbox 573 2217 665 2256; x_wconf 86' lang='lat' dir='ltr'>illud</span> <span class='ocrx_word' id='word_1_293' title='bbox 693 2217 853 2255; x_wconf 79' lang='lat' dir='ltr'>abiicere</span> <span class='ocrx_word' id='word_1_294' title='bbox 879 2217 1102 2267; x_wconf 85' lang='lat' dir='ltr'>abolereque</span> <span class='ocrx_word' id='word_1_295' title='bbox 1129 2216 1287 2267; x_wconf 86' lang='lat' dir='ltr'>possint.</span> <span class='ocrx_word' id='word_1_296' title='bbox 1316 2215 1479 2266; x_wconf 89' lang='lat' dir='ltr'>Utrique</span> <span class='ocrx_word' id='word_1_297' title='bbox 1507 2215 1623 2264; x_wconf 86' lang='lat' dir='ltr'>igitur</span> 
     </span>
     <span class='ocr_line' id='line_1_34' title="bbox 93 2279 1622 2333; baseline -0.003 -12"><span class='ocrx_word' id='word_1_298' title='bbox 93 2284 158 2321; x_wconf 80' lang='lat' dir='ltr'>isti</span> <span class='ocrx_word' id='word_1_299' title='bbox 193 2283 345 2329; x_wconf 85' lang='lat' dir='ltr'>habent,</span> <span class='ocrx_word' id='word_1_300' title='bbox 380 2282 482 2333; x_wconf 88' lang='lat' dir='ltr'>quod</span> <span class='ocrx_word' id='word_1_301' title='bbox 518 2281 766 2319; x_wconf 83' lang='lat' dir='ltr'>instaurando</span> <span class='ocrx_word' id='word_1_302' title='bbox 804 2280 944 2319; x_wconf 84' lang='lat' dir='ltr'>Christi</span> <span class='ocrx_word' id='word_1_303' title='bbox 981 2279 1136 2318; x_wconf 90' lang='lat' dir='ltr'>Domini</span> <span class='ocrx_word' id='word_1_304' title='bbox 1171 2292 1288 2329; x_wconf 83' lang='lat' dir='ltr'>regno</span> <span class='ocrx_word' id='word_1_305' title='bbox 1326 2292 1515 2330; x_wconf 88' lang='lat' dir='ltr'>opponere</span> <span class='ocrx_word' id='word_1_306' title='bbox 1548 2279 1622 2317; x_wconf 87' lang='lat' dir='ltr'>sibi</span> 
     </span>
     <span class='ocr_line' id='line_1_35' title="bbox 91 2343 1622 2400; baseline -0.004 -14"><span class='ocrx_word' id='word_1_307' title='bbox 91 2361 201 2400; x_wconf 88' lang='lat' dir='ltr'>posse</span> <span class='ocrx_word' id='word_1_308' title='bbox 244 2347 431 2385; x_wconf 87' lang='lat' dir='ltr'>videntur.</span> <span class='ocrx_word' id='word_1_309' title='bbox 484 2347 600 2384; x_wconf 90' lang='lat' dir='ltr'>Porro</span> <span class='ocrx_word' id='word_1_310' title='bbox 645 2359 724 2384; x_wconf 87' lang='lat' dir='ltr'>cum</span> <span class='ocrx_word' id='word_1_311' title='bbox 765 2345 888 2384; x_wconf 89' lang='lat' dir='ltr'>variae</span> <span class='ocrx_word' id='word_1_312' title='bbox 922 2345 998 2383; x_wconf 87' lang='lat' dir='ltr'>sint</span> <span class='ocrx_word' id='word_1_313' title='bbox 1033 2343 1198 2382; x_wconf 75' lang='lat' dir='ltr'>ordinati</span> <span class='ocrx_word' id='word_1_314' title='bbox 1234 2357 1255 2381; x_wconf 90' lang='lat' dir='ltr'>a</span> <span class='ocrx_word' id='word_1_315' title='bbox 1292 2343 1371 2381; x_wconf 91' lang='lat' dir='ltr'>Deo</span> <span class='ocrx_word' id='word_1_316' title='bbox 1399 2343 1542 2394; x_wconf 87' lang='lat' dir='ltr'>publici</span> <span class='ocrx_word' id='word_1_317' title='bbox 1581 2343 1622 2381; x_wconf 90' lang='lat' dir='ltr'>in</span> 
     </span>
     <span class='ocr_line' id='line_1_36' title="bbox 93 2407 1621 2460; baseline -0.005 -9"><span class='ocrx_word' id='word_1_318' title='bbox 93 2413 262 2451; x_wconf 86' lang='lat' dir='ltr'>Ecclesia</span> <span class='ocrx_word' id='word_1_319' title='bbox 297 2411 495 2450; x_wconf 89' lang='lat' dir='ltr'>ministerii</span> <span class='ocrx_word' id='word_1_320' title='bbox 532 2410 745 2449; x_wconf 88' lang='lat' dir='ltr'>functiones</span> <span class='ocrx_word' id='word_1_321' title='bbox 781 2414 893 2460; x_wconf 85' lang='lat' dir='ltr'>atque</span> <span class='ocrx_word' id='word_1_322' title='bbox 929 2409 1028 2447; x_wconf 87' lang='lat' dir='ltr'>inter</span> <span class='ocrx_word' id='word_1_323' title='bbox 1063 2409 1148 2446; x_wconf 89' lang='lat' dir='ltr'>illas</span> <span class='ocrx_word' id='word_1_324' title='bbox 1183 2408 1406 2459; x_wconf 85' lang='lat' dir='ltr'>praecipuae</span> <span class='ocrx_word' id='word_1_325' title='bbox 1442 2407 1547 2454; x_wconf 84' lang='lat' dir='ltr'>duae,</span> <span class='ocrx_word' id='word_1_326' title='bbox 1582 2408 1621 2445; x_wconf 89' lang='lat' dir='ltr'>in</span> 
     </span>
     <span class='ocr_line' id='line_1_37' title="bbox 93 2473 1622 2529; baseline -0.005 -13"><span class='ocrx_word' id='word_1_327' title='bbox 93 2478 231 2529; x_wconf 88' lang='lat' dir='ltr'>quibus</span> <span class='ocrx_word' id='word_1_328' title='bbox 257 2476 494 2528; x_wconf 86' lang='lat' dir='ltr'>potissimum</span> <span class='ocrx_word' id='word_1_329' title='bbox 520 2476 664 2526; x_wconf 87' lang='lat' dir='ltr'>aliquot</span> <span class='ocrx_word' id='word_1_330' title='bbox 690 2474 764 2513; x_wconf 84' lang='lat' dir='ltr'>iam</span> <span class='ocrx_word' id='word_1_331' title='bbox 792 2474 924 2513; x_wconf 87' lang='lat' dir='ltr'>seculis</span> <span class='ocrx_word' id='word_1_332' title='bbox 954 2474 1187 2512; x_wconf 87' lang='lat' dir='ltr'>dominatum</span> <span class='ocrx_word' id='word_1_333' title='bbox 1215 2473 1343 2510; x_wconf 85' lang='lat' dir='ltr'>nescio</span> <span class='ocrx_word' id='word_1_334' title='bbox 1371 2486 1482 2524; x_wconf 91' lang='lat' dir='ltr'>quem</span> <span class='ocrx_word' id='word_1_335' title='bbox 1508 2485 1622 2523; x_wconf 89' lang='lat' dir='ltr'>quae-</span> 
     </span>
     <span class='ocr_line' id='line_1_38' title="bbox 94 2537 1621 2593; baseline -0.004 -13"><span class='ocrx_word' id='word_1_336' title='bbox 94 2542 207 2580; x_wconf 88' lang='lat' dir='ltr'>situm</span> <span class='ocrx_word' id='word_1_337' title='bbox 245 2545 533 2593; x_wconf 85' lang='lat' dir='ltr'>usurpatumque</span> <span class='ocrx_word' id='word_1_338' title='bbox 559 2553 639 2579; x_wconf 87' lang='lat' dir='ltr'>esse</span> <span class='ocrx_word' id='word_1_339' title='bbox 663 2541 747 2588; x_wconf 83' lang='lat'>(59)</span> <span class='ocrx_word' id='word_1_340' title='bbox 777 2539 958 2583; x_wconf 88' lang='lat' dir='ltr'>videmus,</span> <span class='ocrx_word' id='word_1_341' title='bbox 985 2551 1117 2589; x_wconf 87' lang='lat' dir='ltr'>nempe</span> <span class='ocrx_word' id='word_1_342' title='bbox 1145 2538 1183 2575; x_wconf 92' lang='lat' dir='ltr'>in</span> <span class='ocrx_word' id='word_1_343' title='bbox 1213 2537 1318 2575; x_wconf 89' lang='lat' dir='ltr'>verbi</span> <span class='ocrx_word' id='word_1_344' title='bbox 1344 2541 1381 2575; x_wconf 90' lang='lat' dir='ltr'>et</span> <span class='ocrx_word' id='word_1_345' title='bbox 1407 2537 1524 2587; x_wconf 87' lang='lat' dir='ltr'>gladii</span> <span class='ocrx_word' id='word_1_346' title='bbox 1552 2537 1621 2574; x_wconf 86' lang='lat' dir='ltr'>mi-</span> 
     </span>
     <span class='ocr_line' id='line_1_39' title="bbox 93 2601 1623 2654; baseline -0.005 -8"><span class='ocrx_word' id='word_1_347' title='bbox 93 2608 263 2653; x_wconf 87' lang='lat' dir='ltr'>nisterio,</span> <span class='ocrx_word' id='word_1_348' title='bbox 296 2628 347 2636; x_wconf 96' lang='lat'>--</span> <span class='ocrx_word' id='word_1_349' title='bbox 384 2605 586 2644; x_wconf 89' lang='lat' dir='ltr'>videndum</span> <span class='ocrx_word' id='word_1_350' title='bbox 622 2604 733 2642; x_wconf 89' lang='lat' dir='ltr'>nobis</span> <span class='ocrx_word' id='word_1_351' title='bbox 771 2604 854 2650; x_wconf 87' lang='lat' dir='ltr'>crit,</span> <span class='ocrx_word' id='word_1_352' title='bbox 890 2603 1070 2654; x_wconf 79' lang='lat' dir='ltr'>quidnam</span> <span class='ocrx_word' id='word_1_353' title='bbox 1106 2602 1154 2640; x_wconf 85' lang='lat' dir='ltr'>ab</span> <span class='ocrx_word' id='word_1_354' title='bbox 1192 2601 1276 2640; x_wconf 86' lang='lat' dir='ltr'>istis</span> <span class='ocrx_word' id='word_1_355' title='bbox 1311 2602 1489 2640; x_wconf 84' lang='lat' dir='ltr'>adversus</span> <span class='ocrx_word' id='word_1_356' title='bbox 1516 2602 1623 2650; x_wconf 75' lang='lat' dir='ltr'>regni</span> 
     </span>
     <span class='ocr_line' id='line_1_40' title="bbox 96 2665 1623 2721; baseline -0.005 -11"><span class='ocrx_word' id='word_1_357' title='bbox 96 2672 235 2710; x_wconf 85' lang='lat' dir='ltr'>Christi</span> <span class='ocrx_word' id='word_1_358' title='bbox 261 2672 302 2710; x_wconf 91' lang='lat' dir='ltr'>in</span> <span class='ocrx_word' id='word_1_359' title='bbox 330 2671 499 2709; x_wconf 87' lang='lat' dir='ltr'>doctrina</span> <span class='ocrx_word' id='word_1_360' title='bbox 526 2669 643 2721; x_wconf 86' lang='lat' dir='ltr'>ipsius</span> <span class='ocrx_word' id='word_1_361' title='bbox 670 2668 981 2707; x_wconf 84' lang='lat' dir='ltr'>instaurationem</span> <span class='ocrx_word' id='word_1_362' title='bbox 1009 2667 1223 2706; x_wconf 85' lang='lat' dir='ltr'>obiiciatur.</span> <span class='ocrx_word' id='word_1_363' title='bbox 1254 2669 1311 2704; x_wconf 88' lang='lat' dir='ltr'>Ac</span> <span class='ocrx_word' id='word_1_364' title='bbox 1328 2667 1490 2717; x_wconf 84' lang='lat' dir='ltr'>primum</span> <span class='ocrx_word' id='word_1_365' title='bbox 1514 2665 1557 2703; x_wconf 92' lang='lat' dir='ltr'>de</span> <span class='ocrx_word' id='word_1_366' title='bbox 1577 2665 1623 2702; x_wconf 92' lang='lat' dir='ltr'>iis</span> 
     </span>
     <span class='ocr_line' id='line_1_41' title="bbox 97 2730 1624 2787; baseline -0.005 -13"><span class='ocrx_word' id='word_1_367' title='bbox 97 2736 275 2782; x_wconf 79' lang='lat' dir='ltr'>dicemus,</span> <span class='ocrx_word' id='word_1_368' title='bbox 309 2736 374 2787; x_wconf 90' lang='lat' dir='ltr'>qui</span> <span class='ocrx_word' id='word_1_369' title='bbox 410 2736 448 2773; x_wconf 90' lang='lat' dir='ltr'>in</span> <span class='ocrx_word' id='word_1_370' title='bbox 485 2734 588 2773; x_wconf 86' lang='lat' dir='ltr'>verbi</span> <span class='ocrx_word' id='word_1_371' title='bbox 615 2733 823 2772; x_wconf 88' lang='lat' dir='ltr'>ministerio</span> <span class='ocrx_word' id='word_1_372' title='bbox 851 2732 967 2771; x_wconf 86' lang='lat' dir='ltr'>totius</span> <span class='ocrx_word' id='word_1_373' title='bbox 996 2732 1069 2770; x_wconf 88' lang='lat' dir='ltr'>sibi</span> <span class='ocrx_word' id='word_1_374' title='bbox 1098 2731 1199 2770; x_wconf 86' lang='lat' dir='ltr'>orbis</span> <span class='ocrx_word' id='word_1_375' title='bbox 1227 2730 1485 2769; x_wconf 83' lang='lat' dir='ltr'>monarchiam</span> <span class='ocrx_word' id='word_1_376' title='bbox 1513 2742 1624 2780; x_wconf 81' lang='lat' dir='ltr'>supra</span> 
     </span>
     <span class='ocr_line' id='line_1_42' title="bbox 96 2794 1622 2851; baseline -0.005 -11"><span class='ocrx_word' id='word_1_377' title='bbox 96 2814 225 2840; x_wconf 85' lang='lat' dir='ltr'>omnes</span> <span class='ocrx_word' id='word_1_378' title='bbox 262 2815 367 2851; x_wconf 87' lang='lat' dir='ltr'>reges</span> <span class='ocrx_word' id='word_1_379' title='bbox 403 2813 445 2838; x_wconf 88' lang='lat' dir='ltr'>ac</span> <span class='ocrx_word' id='word_1_380' title='bbox 481 2812 594 2850; x_wconf 84' lang='lat' dir='ltr'>regna</span> <span class='ocrx_word' id='word_1_381' title='bbox 632 2798 833 2837; x_wconf 86' lang='lat' dir='ltr'>commenti</span> <span class='ocrx_word' id='word_1_382' title='bbox 869 2802 970 2843; x_wconf 82' lang='lat' dir='ltr'>sunt,</span> <span class='ocrx_word' id='word_1_383' title='bbox 1007 2810 1159 2848; x_wconf 88' lang='lat' dir='ltr'>eamque</span> <span class='ocrx_word' id='word_1_384' title='bbox 1195 2801 1232 2835; x_wconf 92' lang='lat' dir='ltr'>et</span> <span class='ocrx_word' id='word_1_385' title='bbox 1266 2797 1364 2834; x_wconf 88' lang='lat' dir='ltr'>ferro</span> <span class='ocrx_word' id='word_1_386' title='bbox 1402 2798 1437 2832; x_wconf 89' lang='lat' dir='ltr'>et</span> <span class='ocrx_word' id='word_1_387' title='bbox 1474 2794 1622 2833; x_wconf 87' lang='lat' dir='ltr'>flamma</span> 
     </span>
    </p>
   </div>
   <div class='ocr_carea' id='block_1_3' title="bbox 95 2859 1624 2917">
    <p class='ocr_par' dir='ltr' id='par_1_4' title="bbox 95 2859 1624 2917">
     <span class='ocr_line' id='line_1_43' title="bbox 95 2859 1624 2917; baseline -0.005 -14"><span class='ocrx_word' id='word_1_388' title='bbox 95 2878 330 2917; x_wconf 69' lang='lat' dir='ltr'>propugnare</span> <span class='ocrx_word' id='word_1_389' title='bbox 368 2872 562 2904; x_wconf 82' lang='lat' dir='ltr'>conantur.</span> <span class='ocrx_word' id='word_1_390' title='bbox 615 2864 753 2914; x_wconf 83' lang='lat' dir='ltr'>Papam</span> <span class='ocrx_word' id='word_1_391' title='bbox 783 2863 1007 2908; x_wconf 85' lang='lat' dir='ltr'>Romanum,</span> <span class='ocrx_word' id='word_1_392' title='bbox 1033 2862 1198 2912; x_wconf 81' lang='lat' dir='ltr'>inquam,</span> <span class='ocrx_word' id='word_1_393' title='bbox 1224 2861 1288 2913; x_wconf 90' lang='lat' dir='ltr'>qui</span> <span class='ocrx_word' id='word_1_394' title='bbox 1316 2860 1386 2898; x_wconf 87' lang='lat' dir='ltr'>sub</span> <span class='ocrx_word' id='word_1_395' title='bbox 1413 2859 1624 2909; x_wconf 85' lang='lat' dir='ltr'>Apostolici</span> 
     </span>
    </p>
   </div>
  </div>
 </body>
</html>
