1818 3178
137 138 209 172 202
489 141 538 166 nn
568 134 849 164 sAcRAMENTIS
880 131 1096 159 ECCLESIAE
1124 130 1302 157 cunts'rl.

186 245 342 283 Addidit
377 245 563 293 postremo
592 237 762 275 Christus
792 235 964 272 dominus
993 232 1104 269 verba
1132 231 1196 269 illa
1225 244 1360 269 coenae
1388 229 1581 273 solemnia,
1618 233 1659 267 ut

136 310 243 347 nobis
281 319 414 344 coenae
448 304 546 340 illius
585 314 670 338 suae
705 299 919 349 mysterium
955 297 1151 341 indicaret,
1188 308 1262 334 non
1300 301 1341 334 ut
1368 308 1492 333 rerum
1520 295 1658 346 species

134 375 300 416 verteret,
327 370 484 406 ullamve
513 365 739 402 oblationem
767 361 1066 413 propitiatoriam
1092 360 1320 399 institueret.
1367 360 1416 397 Et
1443 372 1512 397 nos
1540 360 1657 408 igitur

134 438 171 473 in
210 446 342 472 coenae
379 428 700 481 administratione
735 425 908 476 mysteria
936 425 1037 461 illius
1065 424 1250 474 explicare
1276 428 1520 474 reputareque
1548 422 1658 459 (10110-

132 514 227 543 mus,
264 498 349 534 dum
376 508 509 546 panem
538 506 672 530 coenae
699 491 842 528 edimus
869 490 1117 540 poculumque
1143 488 1244 525 illius
1273 488 1449 530 bibimus,
1489 501 1563 525 non
1592 500 1658 524 au·

133 570 203 601 tem
232 562 308 598 illic
333 560 516 609 magicam
544 558 657 594 ullam
685 555 1031 593 transmutationem
1061 552 1258 597 somniare,
1284 560 1348 590 aut
1373 553 1414 589 in
1445 553 1526 603 ipso
1551 565 1659 602 opere

132 633 282 666 externo
319 625 393 662 vim
429 623 544 660 ullam
581 625 741 659 statuere
776 617 989 656 remittendi
1025 621 1188 667 peccata,
1221 617 1327 666 quasi
1355 630 1432 654 non
1459 620 1567 654 antea
1595 629 1653 653 re-

132 693 242 730 missa
277 677 446 728 fuissent.
501 686 575 724 Sed
620 686 662 723 de
692 685 889 722 verborum
919 696 1053 719 coenae
1082 681 1302 719 solemnium
1332 682 1515 719 sententia
1542 681 1654 731 paulo

133 758 217 807 post
243 755 349 805 plura
378 752 561 789 dicentur.
984 804 986 807 Ι

181 819 304 867 Igitur
330 817 367 853 in
398 828 532 852 coenae
561 815 800 851 Sacramento
828 812 978 861 signum
1005 814 1061 848 est
1088 824 1110 847 a
1141 809 1303 847 Domino
1323 809 1403 859 ipso
1422 809 1659 846 institutum:

130 896 261 934 panem
298 894 341 919 ae
375 881 550 932 poculum
588 891 723 915 coenae
760 890 882 914 coram
919 880 1026 913 coetu
1062 875 1263 915 Ecclesiae.
1297 874 1353 910 illi
1389 874 1428 910 111
1466 873 1590 910 cibum
1618 885 1660 910 ac

132 951 273 998 potum,
299 957 519 996 proponere,
546 944 765 994 prolatoque
791 954 886 991 pane
914 953 956 978 ac
982 940 1129 990 poculo,
1156 939 1297 987 gratias
1326 938 1404 975 Deo
1433 938 1530 989 patri
1552 951 1661 986 agere

131 1025 197 1062 pro
236 1010 373 1047 donato
412 1009 521 1046 nobis
561 1007 709 1045 Christo
746 1006 912 1049 (101111110,
946 1005 1034 1042 novi
1068 1003 1283 1041 testamenti
1320 1005 1462 1040 autore.
1517 1001 1661 1039 Deinde

131 1090 262 1127 panem
309 1076 430 1126 ipsum
475 1073 567 1111 actis
610 1071 742 1120 gratiis
787 1084 908 1108 eoram
948 1069 1114 1106 Ecclesia
1149 1069 1321 1117 frangere
1358 1079 1441 1103 cum
1477 1065 1661 1117 passionis

133 1140 341 1178 dominicae
368 1137 640 1176 testificatione.
694 1136 825 1172 Postea
854 1136 1015 1172 fractum
1043 1146 1189 1183 panem,
1225 1135 1267 1169 ut
1296 1131 1435 1178 singuli
1464 1131 1594 1167 ordine
1621 1130 1660 1166 in

132 1205 298 1242 Ecclesia
334 1202 594 1240 accumbentes
631 1200 826 1250 accipiant.
863 1199 946 1245 (fol.
986 1199 1096 1244 10411)
1131 1196 1372 1247 distribuere,
1408 1208 1451 1232 ae
1484 1194 1661 1245 poculum

131 1272 219 1308 item
255 1269 463 1320 propinere.
517 1266 710 1303 Postremo
745 1267 781 1301 et
816 1275 948 1313 panem
974 1262 1078 1298 illum
1106 1261 1159 1298 ita
1188 1260 1430 1297 distributum
1459 1264 1570 1309 atque
1598 1272 1660 1295 ac-

135 1338 279 1384 ceptum
317 1332 434 1374 edere,
471 1334 506 1367 et
540 1329 717 1379 poculum
743 1327 796 1364 ita-
825 1326 1064 1377 propinatum
1092 1330 1202 1374 atque
1232 1328 1425 1373 acceptum
1454 1322 1594 1364 11111010,
1622 1322 1660 1358 111

134 1397 273 1435 Christi
293 1395 443 1433 Domini
469 1393 765 1431 recordationem
794 1404 874 1427 cum
907 1390 1020 1438 digna
1047 1389 1228 1438 mysterii,
1255 1387 1322 1424 tali
1350 1387 1433 1424 cibo
1452 1390 1487 1424 et
1506 1386 1660 1437 potione

132 1459 356 1505 adumbrati,
382 1458 628 1509 reputatione,
655 1454 969 1506 quemadmodum
995 1453 1033 1490 id
1061 1459 1096 1490 et
1124 1466 1168 1490 ex
1198 1452 1525 1500 Euangelistarum
1553 1456 1587 1487 et
1615 1464 1659 1488 ex

133 1526 239 1563 Pauli
267 1524 480 1562 narratione
507 1521 614 1559 facile
643 1520 767 1557 doceri
792 1522 928 1570 potest.

184 1589 355 1626 Diximus
391 1595 514 1624 autem
551 1590 672 1631 antea,
710 1597 772 1621 cur
798 1596 933 1634 panem
960 1595 1002 1619 ac
1030 1582 1157 1618 vinum
1186 1581 1308 1631 ipsum
1334 1581 1374 1617 in
1412 1593 1525 1616 coena
1555 1580 1661 1629 signa

135 1652 364 1690 Sacramenti
391 1664 509 1701 neque
538 1662 616 1686 esse
642 1648 802 1699 proprie,
829 1660 948 1697 neque
976 1647 1084 1683 etiam
1117 1645 1240 1682 vocari
1266 1657 1375 1695 posse
1395 1643 1660 1682 existimemus.

136 1717 280 1767 Nempe
307 1715 420 1766 quod,
449 1727 532 1751 cum
561 1715 800 1750 Sacramenta
828 1712 907 1761 ipsa
935 1711 974 1747 in
1000 1710 1208 1747 ministerio
1227 1708 1416 1745 Ecclesiae
1436 1709 1510 1745 sint
1527 1708 1662 1758 posita,

136 1783 236 1832 quod
275 1783 424 1833 quidem
467 1781 513 1818 ad
551 1780 698 1828 signum
733 1779 900 1829 ipsorum
935 1777 1118 1828 imprimis
1157 1776 1307 1820 attinet,
1344 1780 1378 1812 et
1414 1775 1661 1813 ministerium

137 1847 235 1883 actio
262 1847 341 1897 ipsa
370 1847 428 1890 sit,
453 1849 497 1882 ut
523 1850 578 1882 est
605 1858 625 1881 a
654 1843 815 1880 Domino
843 1843 1028 1886 instituta,
1051 1863 1102 1870 -—
1121 1855 1209 1878 sane
1235 1848 1270 1877 et
1299 1841 1446 1888 signum
1473 1840 1595 1891 ipsum
1621 1841 1659 1877 in

136 1910 293 1955 actione,
320 1923 396 1948 non
425 1914 547 1946 autem
574 1909 612 1946 in
641 1908 751 1945 rebus
782 1906 920 1944 actioni
948 1906 1139 1947 adhibitis,
1168 1905 1345 1942 constitui
1373 1908 1531 1955 oportet,
1569 1918 1660 1954 qua—

136 1981 242 2013 tenus
277 1989 363 2025 pars
400 1978 455 2012 est
493 1973 735 2017 Sacramenti,
762 1971 862 2023 quod
889 1976 1010 2008 tetum
1037 1976 1092 2008 est
1118 1970 1278 2021 positum
1306 1970 1345 2007 in
1376 1969 1563 2007 Ecclesiae
1590 1970 1660 2006 mi-

136 2038 302 2083 nisterio,
329 2042 364 2075 et
390 2037 548 2088 proinde
573 2036 614 2073 in
640 2036 720 2086 ipsa
747 2035 858 2072 etiam
886 2035 1045 2071 actione.

188 2102 258 2138 Sed
285 2105 320 2138 et
346 2101 385 2138 in
411 2101 492 2151 ipsa
521 2113 655 2137 coenae
684 2098 902 2136 Dominicae
926 2098 1163 2135 institutione
1192 2097 1442 2147 mandatoque
1459 2097 1524 2133 illo
1557 2096 1660 2133 nhoe

137 2166 270 2203 facite⁸⁹
298 2165 492 2202 manifeste
522 2165 709 2208 docemur,
737 2163 883 2212 signum
914 2175 1049 2199 coenae
1077 2175 1153 2199 non
1182 2175 1260 2199 esse
1285 2175 1418 2212 panem
1449 2161 1569 2212 ipsum
1596 2166 1660 2198 aut

138 2231 283 2276 vinum,
327 2243 385 2267 res
426 2230 577 2279 inquam
622 2241 704 2272 eas⁷
740 2241 834 2278 quae
870 2227 1009 2264 actioni
1044 2227 1289 2271 adhibentur,
1327 2226 1389 2264 sed
1426 2239 1505 2263 esse
1539 2225 1658 2276 ipsam

139 2294 333 2336 actionem,
362 2294 463 2330 cuius
491 2297 614 2343 partes
642 2292 715 2328 iam
744 2291 1039 2328 enumeravimus
1067 2291 1172 2328 iuxta
1188 2290 1438 2328 narrationem
1456 2290 1660 2337 (sol.1()5²¹)

140 2358 243 2394 Pauli
270 2361 306 2394 et
333 2357 669 2406 Euangelistarum.
708 2356 840 2406 Neque
868 2355 965 2392 enim
993 2360 1057 2393 aut
1083 2369 1216 2406 panem
1245 2355 1411 2394 formari.
1440 2359 1503 2392 aut
1531 2355 1656 2392 vinum

138 2419 294 2469 exprimi
329 2419 431 2456 iubet
467 2419 670 2457 Dominus,
699 2419 783 2455 dum
813 2418 864 2455 ait
894 2434 912 2452 a
925 2418 995 2455 1100
1023 2419 1171 2463 facite'',
1199 2418 1260 2455 sed
1290 2418 1475 2455 actionem
1499 2418 1658 2468 imperat

140 2483 215 2520 suis
242 2483 408 2533 partibus
437 2487 679 2528 constantem,
707 2496 797 2533 quas
827 2483 900 2519 iam
928 2483 1238 2526 enumeravimus,
1267 2489 1305 2519 ut
1335 2483 1382 2519 sit
1409 2482 1555 2530 signiun
1576 2495 1656 2531 my—

140 2548 241 2585 sterii
276 2548 314 2584 in
350 2561 415 2584 usu
450 2548 615 2595 legitimo
654 2549 896 2591 Sacramenti,
933 2548 1133 2598 videorque
1171 2547 1261 2584 1111111
1297 2547 1342 2583 de
1379 2547 1485 2594 sig-no
1524 2559 1658 2584 coenae

139 2611 358 2649 Dominicac
387 2611 474 2647 satis
500 2612 574 2648 iam
604 2613 752 2655 dixisse,
781 2612 825 2649 de
853 2612 1028 2661 mysterio
1058 2613 1170 2661 igtiur
1200 2624 1335 2648 coenae
1364 2612 1432 2648 iam
1455 2611 1657 2648 videamus.

194 2675 412 2726 Mysterinm
442 2688 548 2724 porro
578 2689 712 2713 coenae
739 2677 837 2713 idem
864 2691 955 2721 esse,
972 2677 1070 2727 quod
1092 2682 1128 2714 et
1151 2677 1187 2714 in
1211 2677 1292 2713 aliis
1311 2662 1558 2713 Sam-amentis
1578 2690 1657 2713 om—

138 2741 263 2783 nibus,
289 2752 419 2790 nempe
446 2745 610 2775 nostram
642 2753 720 2776 cum
740 2742 899 2791 ¹Christo
928 2741 1090 2779 Domino
1121 2742 1421 2779 communionem
1447 2741 1485 2778 in
1508 2754 1660 2792 corpore

139 2811 174 2844 et
201 2805 381 2855 sanguine
407 2804 535 2854 ipsius,
560 2808 744 2841 testantur
772 2805 882 2842 verba
912 2806 1050 2843 Christi
1076 2807 1168 2856 ipsa,
1194 2819 1286 2856 quae
1305 2820 1324 2843 a
1344 2806 1529 2857 plerisque
1547 2806 1659 2843 verba

141 2882 274 2906 coenae
311 2866 489 2905 solemnia
531 2870 730 2904 vocantur:
781 2883 796 2900 a
812 2868 897 2904 Hoc
925 2872 979 2905 cst
1009 2881 1140 2919 eorpus
1170 2882 1304 2911 meum,
1331 2870 1430 2919 quod
1459 2881 1525 2919 pro
1555 2868 1659 2906 vobis
