1818 3178
163 85 236 121 322

171 206 253 231 cum
291 194 378 237 suis,
413 206 489 230 non
524 192 696 242 equidem
732 193 1014 237 calumniamur,
1050 195 1114 231 sed
1150 208 1232 232 vere
1266 196 1435 240 dicimus,
1470 195 1517 233 ab
1544 196 1625 246 ipso
1653 198 1690 233 et

167 258 243 294 suis
279 256 510 306 syncretistis
547 269 681 306 corpus
719 256 859 294 Christi
895 256 1050 294 Domini
1084 257 1125 295 in
1160 258 1383 297 immensum
1418 259 1580 310 expandi
1625 272 1688 297 seu

167 321 328 365 extendi,
370 319 651 370 doctrinamque
692 319 789 357 hanc
833 333 1060 367 accusamuS,
1096 322 1196 372 quod
1231 327 1267 360 et
1303 323 1496 374 scripturis
1528 321 1619 373 ipsis
1654 327 1691 360 et

165 384 335 421 unanimi
370 383 584 421 Catholicae
621 384 811 422 Ecclesiae
846 386 962 423 menti
990 390 1100 435 atque
1131 387 1329 424 consensui
1355 387 1552 425 manifeste
1578 400 1689 437 repu-

163 452 266 496 gnet.
321 447 361 484 Si
393 460 480 485 vero
515 448 606 485 haec
641 448 717 485 iam
753 463 829 486 non
867 449 974 487 docet
1014 449 1263 500 Westphalus,
1299 464 1368 489 nos
1396 465 1543 502 quoque
1569 452 1688 488 multo

161 511 408 549 libentissime
443 516 609 550 nostram
637 512 682 550 de
707 513 774 560 illo
803 514 1025 551 sententiam
1051 514 1292 562 mutabimus,
1319 516 1383 553 sed
1410 517 1513 553 nulla
1539 515 1689 553 interim

163 576 372 614 calumniae
407 577 515 627 culpa
547 577 770 624 tenebimur,
804 578 905 628 quod
941 579 1063 628 ipsum
1102 578 1147 616 de
1181 578 1227 616 iis
1263 592 1492 625 accusamus,
1529 579 1688 630 quaein

163 640 241 676 eius
277 644 313 677 et
341 652 495 677 suorum
522 640 670 691 scriptis
696 641 837 691 passim
863 641 1051 690 leguntur.
1106 643 1183 679 Aut
1209 641 1325 691 igitur
1352 655 1393 679 ea
1418 643 1498 692 ipsa
1526 643 1690 693 proferat

160 705 323 752 ingenue
357 709 469 755 atque
504 705 617 742 etiam
651 706 834 757 approbet
873 706 1126 756 Westphalus,
1161 720 1238 744 non
1274 711 1398 744 autem
1436 710 1582 744 versute
1616 707 1690 743 alia

161 769 355 815 obtendat,
388 770 419 806 si
453 782 512 807 me
547 771 753 808 calumniae
790 771 1010 808 convincere
1046 772 1156 818 volet,
1183 776 1248 809 aut
1276 771 1422 809 desinat
1449 784 1519 808 nos
1548 772 1688 808 calum-

160 834 244 871 niae
279 834 374 872 salso
408 833 638 879 insimulare,
665 848 777 885 quam
805 839 1098 873 commonstrare
1124 848 1201 873 non
1227 839 1362 886 potest.
1418 835 1524 873 Quae
1554 835 1598 872 de
1624 848 1689 873 ex·

157 899 338 950 pansione
370 899 632 936 extensioneve
667 900 708 936 in
744 913 852 937 cruce
888 900 1062 945 somniat,
1097 900 1144 937 ad
1182 913 1241 937 me
1267 900 1363 938 nihil
1389 901 1589 950 pertinent,
1615 899 1690 937 nisi

159 964 190 1001 si
226 963 373 1014 Erinny
404 963 522 1014 ipsius
549 964 702 1015 perinde
729 968 796 1009 est,
824 964 900 1002 sive
926 965 967 1015 in
996 978 1105 1002 cruce
1132 965 1304 1002 humanis
1331 964 1519 1010 manibus,
1546 965 1623 1001 sive
1647 964 1688 1001 in

157 1027 378 1065 immensum
414 1041 512 1065 nova
548 1028 708 1079 quadam
741 1029 1010 1078 imaginatione
1038 1029 1179 1067 Christi
1207 1029 1363 1068 Domini
1391 1043 1524 1081 corpus
1551 1043 1690 1081 expan-

158 1091 197 1129 di
241 1091 437 1129 extendive
474 1092 630 1130 dicatur.
685 1093 913 1144 Quanquam
951 1093 1049 1130 haud
1087 1094 1176 1139 scio,
1212 1097 1337 1131 utrum
1376 1094 1423 1131 sit
1459 1094 1622 1143 gravius,
1648 1093 1689 1131 in

156 1168 316 1193 cruoene
343 1155 463 1193 denuo
500 1155 711 1194 immortale
739 1160 774 1194 et
801 1157 1018 1205 gloriosum,
1047 1158 1178 1195 sedens
1205 1158 1251 1195 ad
1280 1158 1470 1196 dexteram
1499 1157 1580 1204 Dei,
1605 1171 1689 1195 cor-

155 1234 226 1271 pus
261 1221 402 1258 Christi
428 1220 583 1259 Domini
611 1222 819 1272 expandere
854 1223 960 1267 velle,
986 1236 1033 1260 an
1062 1235 1148 1260 vero
1175 1223 1271 1260 illud
1297 1224 1374 1260 vita
1401 1223 1594 1273 gloriaque
1622 1236 1688 1260 sua

157 1285 308 1323 coelesti
340 1285 546 1336 spirituque
592 1285 728 1322 iterum
765 1299 831 1323 suo
869 1286 1015 1323 vivifico
1045 1287 1216 1337 spoliare,
1241 1291 1284 1324 ut
1309 1287 1435 1337 impiis
1460 1291 1498 1324 et
1523 1286 1687 1324 infideli-

156 1349 226 1387 bus
261 1350 302 1387 in
338 1349 462 1387 cibum
489 1349 565 1387 oris
593 1350 752 1388 carnalis
778 1351 956 1401 prostitui
981 1351 1113 1402 possit.
1168 1351 1255 1389 Qua
1282 1351 1432 1389 interim
1459 1351 1500 1389 in
1527 1364 1567 1389 re
1593 1350 1687 1389 alios

158 1412 323 1451 iudicare
349 1413 490 1452 malim.

158 1476 291 1516 Ioan.
318 1476 340 1515 a
367 1476 537 1516 Lasco.

205 1542 290 1579 Imo
319 1555 405 1579 vero
433 1542 558 1580 West-

1121 1483 1182 1518 33.

980 1543 1306 1595 Westphalus.

157 1607 290 1659 phalus
301 1608 358 1645 sui
368 1608 559 1656 simi-(fol.

161 1673 276 1721 87)lis
319 1686 399 1711 esse
434 1672 557 1724 pergit

157 1738 195 1775 et
212 1738 251 1775 in
272 1738 365 1775 falso
378 1750 557 1775 accusan-

161 1803 208 1840 do
242 1816 301 1840 me
338 1802 375 1840 et
399 1803 439 1840 in
466 1802 558 1839 locis

158 1867 337 1905 Veterum
433 1867 556 1905 detor-

159 1932 332 1982 quendis.
386 1932 436 1969 Et
464 1945 558 1982 quo-

161 1997 261 2035 niam
295 2001 456 2047 utroque
487 1997 560 2034 hoc

159 2061 270 2099 simul
313 2061 552 2111 Paragrapho

157 2127 375 2177 depravatae
402 2139 461 2163 me
484 2127 557 2176 Gy-

157 2191 233 2227 rilli
273 2190 465 2227 doctrinae
500 2191 558 2228 in·

157 2255 308 2299 similat,
342 2256 388 2293 ad
424 2259 558 2293 utrun-

158 2333 229 2371 que
283 2320 393 2358 simul
444 2320 556 2358 etiam

156 2384 403 2435 respondebo.
433 2384 472 2421 Si
495 2385 554 2421 lo-

160 2460 244 2485 cum
268 2447 399 2497 Cyrilli
425 2447 557 2498 depra-

157 2525 216 2558 vo,
243 2512 408 2563 proferat
431 2513 554 2558 verba,

156 2590 250 2628 quae
284 2577 396 2614 citato
425 2576 554 2625 Cyl-illi

156 2642 197 2679 in
241 2639 428 2692 Apologia
473 2640 555 2676 loco

155 2707 328 2757 depravo.
382 2704 452 2741 Sed
483 2703 555 2740 hue

662 1609 839 1647 Similiter
885 1611 1067 1658 depravat
1111 1611 1230 1647 locum
1281 1609 1421 1656 Cyn-itti,
1451 1609 1514 1646 ubi
1547 1610 1688 1655 scribit,

610 1687 676 1710 nos
712 1686 786 1711 non
819 1676 901 1711 sota
931 1675 1008 1721 fide
1035 1681 1066 1712 et
1094 1675 1274 1711 charitate
1307 1675 1449 1711 Christo
1477 1676 1687 1723 spirituali-

608 1744 662 1775 ter
707 1740 892 1786 coniunqi,
926 1740 992 1776 sed
1026 1741 1272 1788 corporaliter
1307 1751 1451 1787 quoque
1485 1741 1687 1776 commuui-

612 1804 757 1840 catione
786 1817 900 1840 earn
914 1806 952 1840 is
979 1817 1071 1841 suae
1101 1804 1282 1841 Christum
1310 1806 1348 1840 in
1377 1804 1480 1840 nobis
1505 1803 1688 1841 habitare.

610 1868 713 1911 Item,
751 1862 932 1905 Christum
961 1870 999 1905 in
1025 1868 1129 1905 nobis
1157 1880 1232 1905 esse
1256 1868 1549 1916 participatione
1575 1873 1687 1904 natu·

611 1933 698 1969 rati.

1123 1999 1181 2034 34.

662 2063 806 2100 Lascu's
835 2062 947 2099 eludit
973 2062 1050 2098 eius
1077 2062 1291 2099 sententiam
1320 2062 1392 2098 liae
1412 2060 1568 2107 conficta
1586 2061 1686 2108 ytos·

609 2140 653 2165 sa
699 2141 781 2165 sua.
837 2127 913 2170 Ait,
962 2125 1136 2174 (lyr-illum
1179 2127 1366 2163 ostendere
1401 2127 1501 2171 velle,
1550 2137 1686 2162 coenae

611 2192 819 2228 testimonio
851 2191 989 2235 doceri,
1025 2203 1091 2227 nos
1132 2188 1277 2228 Christo
1315 2196 1348 2226 et
1374 2191 1475 2226 illum
1502 2189 1607 2226 nobis
1632 2189 1686 2225 vi-

610 2255 747 2300 cissim,
782 2268 855 2292 non
887 2257 1004 2292 solum
1038 2255 1295 2303 spiritualiter,
1331 2255 1398 2291 sed
1431 2261 1589 2291 naturae
1616 2253 1685 2289 lm·

608 2333 744 2357 manae
768 2320 1063 2368 participatione
1093 2320 1327 2356 coniunctum
1355 2331 1444 2356 esse.

157 2785 235 2809 sese
262 2770 455 2808 demittere
482 2768 604 2806 noluit
629 2768 872 2817 Propheticus
901 2767 1108 2817 Westphali
1137 2766 1302 2817 spiritus,
1323 2764 1499 2802 nimirum
1518 2765 1572 2801 illi
1592 2765 1682 2802 satis

157 2838 225 2883 est,
253 2835 297 2873 de
325 2847 392 2872 suo
419 2832 564 2883 tripode
590 2831 870 2882 pronunciasse,
896 2831 1020 2868 locum
1048 2830 1181 2880 Cyrilli
1208 2843 1228 2867 a
1256 2842 1314 2867 mc
1336 2829 1574 2880 depravatum
1592 2842 1683 2876 esse,
