1818 3178
214 124 286 160 408
711 129 927 159 ansrousm
955 132 1050 161 ADv.
1080 131 1244 162 nosmM.

220 238 308 278 stra,
345 233 445 284 qnod
485 245 554 270 nos
591 231 802 277 doceamus,
835 233 908 270 fide
944 233 1178 283 potissimum
1216 247 1285 272 nos
1311 235 1350 272 in
1380 235 1504 272 Coena
1533 235 1739 273 communi·

221 310 306 335 care
345 296 492 347 corpori
528 301 564 334 et
600 297 776 346 sanguini
813 298 967 343 Christi,
995 298 1140 349 hocque
1168 312 1246 337 esse
1273 313 1460 338 summum
1488 301 1633 339 Coenae
1659 315 1741 352 my-

222 361 391 405 sterium,
434 360 472 398 in
520 373 596 411 quo
630 361 779 412 pondus
815 362 956 413 alioqui
992 375 1102 400 omne
1138 363 1284 402 Coenae
1318 365 1436 416 ipsius
1475 365 1667 411 consistat,
1702 365 1741 403 id

221 425 323 475 quod
359 424 530 476 equidem
566 424 683 463 libelli
712 439 840 464 omnes
867 427 940 464 mei
966 427 1091 477 palam
1117 432 1313 467 testantur.
1369 429 1465 467 Quis
1493 442 1578 466 vero
1607 429 1659 466 ita
1686 434 1742 467 est

218 488 381 535 demens,
410 493 450 527 ut
477 493 601 538 neget,
627 489 740 527 fidem
767 504 846 528 esse
874 504 1001 528 earum
1028 504 1150 529 rerum
1179 505 1273 542 quae
1301 493 1514 540 creduntur,
1541 507 1624 531 eum
1653 493 1743 531 fidei

219 567 313 605 opus
341 554 442 591 aliud
470 567 548 592 non
576 555 637 598 sit,
663 569 776 606 quam
806 556 979 593 credere?
1017 556 1113 594 Quis
1141 556 1230 594 item
1259 557 1369 603 dicat,
1392 559 1631 596 Sacramenta
1650 558 1740 596 visi-

216 619 307 656 bilia
344 631 435 666 esse‚
471 620 654 671 siquidem
692 621 836 658 duabus
864 621 975 659 rebus
1005 626 1192 666 constant,
1218 626 1365 660 terrena
1392 624 1564 661 videlicet
1591 628 1627 661 et
1656 637 1741 661 coe-

217 685 329 722 lesti?
385 685 458 722 Sed
494 690 557 723 aut
594 686 735 723 Albero
773 686 874 724 visae
912 690 999 723 sunt
1035 686 1132 724 forte
1169 687 1322 725 arbores
1359 688 1470 725 etiam
1508 688 1621 739 ipsae,
1657 701 1741 726 eum

219 749 311 786 haec
333 750 525 793 scriberet,
551 750 758 795 ambulare,
793 754 858 787 aut
885 750 1043 796 Hosius,
1069 750 1156 787 odio
1185 751 1381 802 utriusque
1410 755 1580 789 nostrum
1609 765 1740 790 excae·

217 818 334 859 catus,
370 814 583 851 Articulum
611 814 711 852 hunc
739 814 967 865 depravavit.
1022 816 1310 864 Argumentatio
1337 828 1448 866 porro
1478 828 1571 861 mea,
1597 829 1642 853 ex
1670 829 1741 866 qua

217 878 411 916 Articulus
447 878 508 915 hic
544 882 599 917 est
635 879 830 924 conflatus,
867 879 920 916 sic
958 879 1088 917 habet:
1127 879 1237 917 Fides
1273 880 1376 918 iuxta
1412 881 1569 919 Paulum
1597 885 1654 919 est
1682 894 1744 919 re-

217 944 376 993 rum-in
412 957 475 994 spe
511 944 715 995 positarum
753 944 876 982 adhuc
912 957 955 981 ac
988 943 1146 995 proinde
1182 945 1392 983 absentium
1428 959 1576 996 quoque
1612 949 1648 984 et
1681 946 1741 984 in-

214 1007 515 1058 conspicuarum,
551 1009 697 1046 etiamsi
733 1013 912 1059 tanquam
941 1010 1266 1059 praesen-(41)tes
1303 1014 1455 1060 propter
1492 1015 1629 1048 certam
1655 1010 1743 1048 fidei

213 1072 492 1123 persuasianem
529 1073 870 1124 apprehendantur.
934 1073 978 1111 In
1008 1074 1155 1111 Coenae
1182 1079 1306 1112 autem
1334 1088 1402 1112 usu
1430 1075 1504 1112 fide
1532 1075 1740 1113 communi-

215 1150 340 1175 camus
377 1138 526 1189 corpori
558 1142 595 1176 et
631 1138 807 1188 sanguini
845 1138 998 1183 Christi,
1034 1143 1218 1189 quatenus
1255 1139 1405 1190 quidem
1443 1139 1503 1177 hic
1529 1154 1551 1178 a
1577 1140 1742 1178 Domino

215 1203 496 1254 peregrinamur
530 1216 668 1254 perque
703 1203 814 1241 fidem
851 1216 935 1241 cum
970 1204 1051 1255 ipso
1088 1217 1279 1242 versamur
1315 1209 1351 1242 et
1388 1218 1464 1242 non
1490 1218 1555 1256 per
1582 1205 1741 1256 speciem

215 1280 279 1305 seu
323 1281 362 1305 re
405 1269 498 1319 ipsa,
542 1273 584 1306 ut
629 1269 886 1306 Tertullianus
927 1269 1094 1319 exponit.
1148 1268 1272 1318 Igitur
1307 1269 1346 1307 in
1384 1270 1530 1308 Coenae
1564 1283 1635 1308 usu
1670 1271 1744 1308 fide

216 1332 411 1378 duntaxat,
449 1346 525 1370 non
560 1337 682 1370 autem
715 1345 780 1383 per
816 1332 975 1383 speciem
1009 1336 1074 1370 aut
1100 1346 1140 1370 re
1169 1333 1249 1383 ipsa
1290 1333 1351 1370 hic
1378 1335 1579 1384 praesenti,
1606 1334 1744 1372 nedum

216 1396 303 1447 pani
349 1398 497 1434 Coenae
532 1396 679 1434 incluso
718 1397 868 1434 christo
903 1396 1068 1434 Domino
1117 1397 1270 1447 eiusque
1311 1398 1459 1448 corpori
1495 1402 1532 1435 et
1568 1399 1743 1448 sanguini

217 1461 550 1500 communicamus,
606 1462 712 1499 Haec
757 1465 884 1499 nostra
921 1466 976 1499 est
1012 1462 1299 1511 argumentatio,
1342 1476 1435 1513 quae
1471 1467 1652 1513 quantum
1697 1463 1746 1501 sit

216 1525 338 1562 aliena
382 1525 428 1563 ab
474 1525 546 1562 hoc
582 1526 768 1567 Articulo,
814 1526 925 1563 facile
960 1526 1117 1576 quisque
1152 1526 1277 1563 videre
1311 1530 1446 1577 potest.
1502 1527 1652 1565 Quodsi
1688 1533 1745 1565 est

218 1590 322 1627 cordi
359 1589 480 1628 Hosio
518 1603 767 1641 propugnare,
805 1591 881 1628 sive
910 1603 1062 1628 suorum
1089 1591 1544 1636 transubstantiationem,
1572 1592 1649 1629 sive
1676 1592 1745 1629 Al·

217 1653 428 1692 bericorum
474 1654 913 1701 consubstantiationem,
954 1654 1071 1693 diluat
1106 1663 1275 1693 nostram
1313 1655 1411 1693 hanc
1448 1656 1745 1704 argumentatio-

218 1732 315 1764 nem,
342 1732 415 1771 qua
442 1724 630 1771 utrunque
656 1720 694 1758 id
723 1720 889 1759 subverti
917 1719 1029 1758 videt.

809 1848 1067 1887 Articulus
1096 1850 1156 1889 17.

271 1976 345 2014 nIn
375 1976 558 2014 Articulis
594 1980 744 2015 nostrae
771 1977 856 2015 fidei
876 1977 973 2015 nihil
1001 1977 1179 2028 scriptum
1210 1981 1311 2016 extat
1338 1977 1383 2015 de
1404 1977 1667 2023 Sacramwtis,
1693 1997 1743 2007 —

220 2058 238 2076 u
252 2054 340 2089 ergo
370 2042 609 2080 Sacramenta
637 2055 713 2080 non
742 2047 830 2081 sunt
857 2043 1107 2082 necessaria.”

774 2170 1066 2222 Responsio.
1095 2173 1182 2220 (42)

269 2298 317 2336 Et
351 2298 414 2337 hic
441 2312 528 2337 sane
551 2303 697 2338 tantum
723 2301 844 2346 abest,
870 2305 911 2338 ut
938 2301 1053 2339 istum
1081 2301 1296 2340 Articulum
1323 2313 1389 2352 pro
1418 2313 1498 2338 meo
1526 2313 1740 2349 agnoscam,

216 2367 258 2399 ut
294 2376 352 2400 me
388 2364 616 2401 contrarium
652 2365 762 2415 plane
798 2365 969 2403 docuisse
1003 2367 1125 2416 palam
1157 2369 1311 2404 constet.
1367 2365 1455 2403 Quo
1483 2369 1591 2416 pacto
1618 2368 1741 2402 autem

217 2427 391 2473 dicerem,
418 2429 513 2466 nihil
540 2430 579 2466 in
607 2429 695 2467 fidei
723 2430 904 2468 Articulis
932 2431 1114 2482 scriptum
1143 2436 1269 2468 extare
1298 2430 1342 2468 de
1370 2429 1632 2474 Sacramentis,
1660 2442 1742 2466 cuni

216 2491 256 2529 in
294 2493 475 2542 Symbolo
503 2493 639 2532 diserte
669 2495 922 2532 commendari
949 2496 1060 2533 nobis
1089 2496 1244 2533 doceam
1272 2495 1420 2544 insigne
1447 2493 1638 2531 Ecclesiae
1666 2495 1738 2530 elo-

216 2556 334 2604 gium,
370 2570 390 2594 a
427 2571 499 2608 qua
536 2571 624 2596 sane
660 2565 770 2596 notae
803 2558 905 2596 illius
932 2559 1105 2610 propriae
1130 2572 1197 2610 per
1226 2558 1415 2596 Christum
1443 2556 1649 2595 Dominum
1677 2557 1744 2594 ad-

218 2620 316 2658 ditae
351 2622 514 2671 separari
551 2623 839 2674 haudquaquam
877 2626 1062 2674 possunt?
1116 2624 1252 2661 Doeeri
1281 2623 1429 2674 quidem
1456 2636 1478 2659 a
1503 2635 1562 2659 me
1588 2635 1657 2671 ego
1686 2622 1745 2660 in-

215 2698 336 2733 genue
370 2687 558 2736 profiteor,
593 2687 694 2737 quod
729 2688 770 2725 in
807 2688 1009 2738 Scripturis
1044 2701 1228 2739 nusquam
1256 2692 1381 2725 extent
1409 2688 1534 2724 fontes
1561 2686 1642 2732 ulli,
1668 2690 1744 2724 tam

216 2750 409 2788 Hosianae
435 2752 863 2798 transubstantiationis‚
890 2766 1003 2803 quam
1024 2753 1222 2790 Albericae
1243 2750 1658 2796 consubstantiationis,
1678 2764 1745 2788 ne·

216 2815 305 2853 dum
331 2820 373 2853 ut
400 2815 570 2853 doctrina
597 2816 746 2854 illorum
775 2830 842 2868 pro
870 2817 957 2855 fidei
984 2818 1153 2856 articulis
1183 2816 1312 2854 haberi
1341 2815 1488 2859 debeat,
1512 2836 1563 2844 —
1590 2815 1655 2852 sed
1683 2815 1744 2852 in-

214 2880 323 2918 terim
350 2880 507 2918 ostendo
535 2880 659 2925 etiam,
686 2880 778 2919 adeo
805 2880 902 2919 nihil
928 2885 1122 2931 propterea
1150 2880 1295 2919 detrahi
1325 2879 1501 2930 dignitati
1529 2884 1641 2930 atque
1665 2879 1739 2918 efli-
