1818 3178
1557 97 1629 134 319

105 209 279 247 manibus
306 206 602 260 participatione.
640 207 741 257 Ergo
772 207 1010 259 Westphalus
1038 210 1075 246 et
1104 207 1161 246 sui
1188 228 1237 237 —-
1266 207 1352 245 dum
1381 207 1469 258 pani
1496 207 1567 258 ipsi
1595 210 1632 245 et

106 273 195 312 vino
224 275 382 317 Coenae,
407 276 477 311 etc.
504 293 555 301 —
581 272 709 310 eadem
727 286 815 311 sane
830 286 940 324 opera
955 272 1112 323 alligant
1128 272 1282 311 omnino
1305 273 1512 323 legitimum
1533 274 1631 312 Coe-

106 351 175 376 nae
200 351 310 376 usum
336 336 384 375 ad
409 345 554 374 terrena
581 337 681 375 illius
708 338 901 384 elementa,
927 351 1060 389 nempe
1086 351 1219 388 panem
1247 341 1283 376 et
1309 337 1451 378 vinum.
1506 337 1631 389 Expe-

107 402 182 440 diat
220 415 258 440 se
293 401 381 439 hinc
417 400 671 452 Westphalus,
706 406 769 439 aut
809 402 1008 450 intelligat,
1035 415 1111 440 non
1133 402 1306 453 equidem
1333 415 1415 446 nos,
1443 402 1506 440 sed
1534 402 1631 453 seip-

105 479 188 503 sum
222 465 340 503 teneri
377 466 483 516 culpa
519 466 717 504 sceleratae
751 470 863 517 atque
897 465 1089 503 mendacis
1127 466 1347 513 calumniae,
1381 479 1490 517 quam
1521 465 1631 504 nobis

105 529 200 566 falso
236 533 272 567 et
307 529 542 580 impudenter
577 529 766 581 impingit.
820 529 869 567 Et
906 534 1063 567 conatur
1098 530 1176 580 ipse
1204 530 1354 580 quidem
1383 543 1421 568 se
1447 530 1632 581 expedire,

104 593 167 630 sed
204 593 255 630 ita
295 593 334 631 id
371 593 473 639 facit,
510 598 551 631 ut
585 594 824 644 semetipsum
860 594 894 631 ei
931 594 1058 644 culpae
1093 593 1274 640 involvat,
1309 607 1381 644 qua
1410 607 1448 632 se
1474 594 1633 632 liberare

107 663 274 698 conatur.
328 659 394 696 Ait
422 672 459 696 se
485 672 595 696 usum
623 658 852 696 Sacramenti
880 671 957 695 non
983 670 1121 709 ponere
1146 657 1186 695 in
1215 658 1330 696 solius
1356 658 1464 709 panis
1491 662 1527 696 et
1555 658 1634 696 vini

105 723 328 774 sumptione,
363 736 405 761 ac
442 736 487 760 ne
526 723 566 760 in
602 722 787 773 corporali
815 722 964 772 quidem
993 722 1072 759 sola
1100 721 1401 767 manducatione,
1428 722 1490 760 sed
1518 722 1558 759 in
1585 722 1631 760 iis

106 787 335 824 coniunctim
362 786 556 833 faciendis,
582 786 694 837 idque
721 785 891 832 fideliter,
918 799 1012 836 quae
1038 785 1224 822 Dominus
1251 786 1373 823 facere
1399 786 1519 832 iussit,
1548 799 1632 823 cum

105 864 125 888 a
153 851 262 889 nobis
291 864 366 889 non
394 852 565 902 equidem
591 851 675 888 ideo
703 857 906 893 accusetur,
934 851 1040 901 quasi
1067 850 1262 901 separatim
1291 851 1330 888 in
1360 853 1543 903 corporali
1572 865 1632 889 so·

103 916 296 953 lummodo
324 922 387 954 aut
414 916 520 967 panis
549 916 663 953 solius
692 920 756 953 aut
784 916 949 966 corporis
977 929 1020 953 ac
1048 915 1241 964 sanguinis
1266 916 1407 953 Christi
1423 917 1634 968 sumptione

104 994 213 1018 usum
250 980 479 1018 Sacramenti
506 984 632 1030 ponat,
661 980 725 1017 sed
753 979 853 1029 quod
881 984 916 1016 et
942 979 1049 1029 panis
1079 978 1189 1015 simul
1216 991 1259 1015 ac
1286 979 1377 1024 vini,
1403 983 1439 1016 et-
1467 979 1633 1030 corporis

105 1046 190 1082 item
228 1059 271 1082 ac
307 1044 499 1093 sanguinis
535 1043 676 1080 Christi
713 1043 956 1087 coniunctim,
985 1043 1214 1093 corporalem
1241 1043 1564 1093 participationem
1592 1043 1632 1080 in

105 1123 174 1146 usu
213 1108 441 1146 Sacramenti
476 1108 690 1151 constituat,
725 1111 837 1157 atque
865 1106 952 1143 huic
980 1120 1047 1143 suo
1077 1106 1222 1143 somnio
1251 1106 1432 1144 obtendat
1459 1106 1632 1145 Domini-

107 1187 187 1210 cam
220 1173 507 1218 institutionem,
540 1172 580 1209 in
614 1184 687 1222 qua
715 1171 811 1208 nihil
839 1170 949 1208 huius
979 1170 1265 1207 commonstrari
1291 1175 1426 1221 potest.
1479 1171 1526 1208 In
1554 1175 1634 1208 tota

105 1238 202 1275 enim
240 1237 381 1275 Christi
416 1236 570 1274 Domini
604 1235 843 1273 institutione
879 1248 1066 1286 nusquam
1105 1234 1294 1282 docemur,
1322 1247 1454 1286 corpus
1482 1240 1518 1273 et
1545 1249 1633 1274 san-

103 1303 254 1352 guinem
281 1302 398 1353 ipsius
436 1301 766 1352 corporaliter
803 1301 854 1338 ita
890 1304 955 1338 aut
989 1300 1112 1338 inesse
1147 1304 1211 1338 aut
1238 1300 1389 1338 subesse
1415 1304 1479 1338 aut
1506 1301 1635 1338 adesse

104 1367 261 1405 terrenis
298 1368 445 1404 Coenae
480 1365 686 1411 elementis,
719 1365 809 1416 pani
843 1365 998 1415 inquam
1035 1368 1071 1402 et
1106 1365 1207 1410 vino,
1232 1368 1275 1402 ut
1302 1364 1340 1402 in
1369 1365 1444 1402 illis
1470 1370 1535 1402 aut
1562 1365 1632 1402 sub

103 1433 178 1471 illis
214 1436 276 1470 aut
302 1445 367 1483 per
393 1431 470 1476 illa,
499 1430 667 1468 Ministri
693 1429 879 1474 manibus,
907 1429 1238 1480 corporaliter
1264 1429 1407 1480 porrigi
1434 1442 1477 1466 ac
1506 1429 1634 1467 distri-

104 1498 170 1535 bui
205 1510 248 1534 ac
281 1495 439 1547 proinde
472 1509 492 1533 a
527 1494 599 1546 piis
638 1494 775 1546 pariter
811 1498 922 1545 atque
956 1493 1080 1544 impiis
1116 1493 1257 1544 percipi
1300 1494 1634 1544 corporaliter

103 1567 164 1601 aut
192 1562 351 1600 debeant
379 1563 443 1598 aut
470 1559 617 1611 possint
642 1560 721 1597 ullo
747 1558 874 1596 modo.
903 1558 1061 1602 Deinde,
1088 1558 1120 1595 si
1148 1557 1424 1609 corporalis
1452 1557 1635 1597 duntaxat

107 1626 336 1665 coniunctim
368 1625 476 1677 panis
512 1628 549 1663 et
586 1625 751 1676 corporis
789 1624 931 1662 Christi
965 1623 1204 1661 manducatio
1241 1622 1288 1660 ad
1315 1636 1425 1660 usum
1453 1623 1538 1671 (fol.
1566 1625 1633 1671 82)

105 1690 338 1728 Sacramenti
373 1689 452 1726 sine
478 1688 552 1726 fide
578 1688 798 1739 Westphalo
827 1688 918 1726 satis
945 1691 1001 1726 est
1027 1687 1067 1725 in
1096 1688 1242 1724 Coenae
1269 1700 1350 1731 usu,
1376 1687 1449 1724 iam
1476 1687 1634 1738 ipsemet
1673 1672 1680 1681 ⁸

105 1755 279 1799 declarat,
315 1766 352 1791 se
388 1753 427 1791 in
464 1766 533 1791 usu
570 1753 896 1791 sacramentorum
931 1752 1044 1790 fidem
1079 1764 1157 1789 non
1183 1751 1371 1803 requirere
1405 1751 1480 1789 ullo
1509 1751 1634 1797 modo,

103 1833 146 1857 ac
181 1817 339 1870 proinde
375 1830 412 1855 se
448 1817 646 1856 dissentire
681 1830 701 1854 a
735 1816 970 1855 confessione
997 1818 1232 1866 Augustana,
1256 1815 1296 1853 in
1324 1829 1397 1866 qua
1425 1815 1516 1853 haec
1544 1816 1632 1853 doc-

103 1885 203 1922 trina
237 1881 479 1921 Pharisaismi
507 1882 717 1921 damnatur.
748 1882 789 1919 Si
816 1895 902 1919 vero
929 1881 986 1919 illi
1015 1881 1104 1920 satis
1133 1894 1211 1919 non
1237 1885 1293 1919 est
1319 1881 1360 1918 in
1387 1882 1535 1919 Coenae
1563 1894 1632 1919 usu

103 1949 182 1986 sola
219 1946 493 1997 corporalis
520 1946 773 1991 manducatio,
799 1950 879 1984 tum
907 1959 1032 1983 secum
1057 1946 1137 1996 ipse
1163 1944 1348 1996 pugnabit
1375 1944 1413 1982 in
1444 1945 1632 1982 communi

101 2015 167 2052 illa
194 2014 265 2066 piis
295 2012 406 2050 simul
433 2016 544 2062 atque
571 2010 695 2061 impiis
724 2011 890 2062 corporis
911 2010 1052 2048 Christi
1073 2009 1373 2048 manducatione.
1401 2008 1513 2046 Fides
1532 2008 1630 2047 enim

102 2094 180 2120 non
215 2078 328 2116 modo
366 2091 443 2116 non
478 2076 633 2128 requirit
671 2076 973 2127 corporalem
1009 2076 1123 2113 ullam
1161 2075 1237 2113 sive
1272 2074 1518 2125 praesentiam
1555 2074 1632 2112 sive

102 2143 443 2186 manducationem,
470 2141 535 2179 sed
560 2154 642 2178 eam
670 2154 714 2178 ne
741 2140 906 2178 admittit
932 2140 1094 2191 quidem.
1124 2140 1274 2187 Deligat
1300 2139 1373 2177 sibi
1392 2138 1632 2190 Westphalus

102 2210 227 2260 igitur,
263 2221 387 2246 secum
423 2220 470 2245 nc
505 2206 597 2257 ipse,
633 2219 679 2243 an
716 2217 800 2243 vcro
839 2218 922 2243 cum
956 2207 1176 2256 Augustana
1206 2204 1440 2243 confessione
1466 2217 1632 2255 pugnare

101 2275 219 2314 malit.

611 2336 673 2374 31.
1255 2334 1386 2375 Ioan.
1413 2335 1629 2374 aLasco⁸

473 2399 802 2451 Westphalus.
1283 2400 1343 2439 Ita
1386 2401 1461 2439 iam
1506 2401 1631 2439 West-

153 2469 327 2520 Improbe
367 2468 476 2505 etiam
514 2473 642 2504 onerat
669 2478 739 2503 nos
766 2472 856 2503 tetro
884 2466 1091 2511 mendacio,
1117 2477 1186 2502 nos
1237 2465 1340 2516 phali
1368 2466 1536 2505 animum
1564 2480 1629 2504 oc-

99 2537 183 2573 ideo
218 2536 353 2575 dicere.
392 2533 722 2571 Saeramentarios
757 2532 805 2568 ab
835 2532 1063 2580 Auyustana
1091 2543 1178 2568 con·
1233 2530 1380 2582 eupavit
1408 2532 1630 2583 prodigiosa

93 2601 265 2648 sessione
293 2598 500 2640 dissentire,
529 2597 629 2645 quod
655 2607 858 2645 aynoscere
888 2597 1012 2640 nolint,
1044 2594 1183 2633 Christi
1231 2595 1296 2633 illa
1358 2596 1403 2634 de
1465 2597 1629 2647 corporis

102 2675 240 2712 corpus
267 2664 307 2699 in
332 2668 549 2700 immensum
579 2661 754 2709 expandi,
780 2672 843 2697 seu
871 2661 1028 2698 extendi.
1063 2660 1179 2697 Fides
1232 2660 1374 2698 Christi
1401 2660 1630 2712 ubiqueitate

101 2734 230 2765 nostra
258 2739 302 2764 ex
329 2728 433 2764 claro
461 2732 494 2763 et
520 2725 714 2774 infallibili
737 2725 846 2762 verbo
873 2725 950 2761 Dei
975 2730 1049 2761 est.-
1071 2725 1178 2761 Okri-
1230 2723 1465 2774 imaginatiO,
1508 2729 1550 2762 ut
1593 2729 1630 2763 et

102 2800 197 2830 atum
223 2806 298 2830 non
323 2793 362 2828 in
389 2804 462 2829 uno
489 2792 589 2837 loeo„
608 2790 675 2828 sed
698 2790 831 2838 ubique
859 2790 986 2826 sedere
1013 2789 1068 2826 acl
1093 2790 1182 2828 dex·
1235 2802 1274 2827 se
1308 2801 1458 2840 quoque
1491 2776 1645 2840 ubique(

103 2862 219 2900 ceram
265 2855 393 2893 Patris
435 2854 705 2904 omnipotentis.
754 2865 801 2890 ac
855 2853 959 2890 iuxta
1005 2853 1192 2891 veritatem
1244 2865 1323 2891 esse
1375 2851 1553 2900 somniet,
1595 2855 1633 2897 et
