1818 3178
175 132 271 166 1015.
808 120 1047 156 mmmm.

176 240 254 283 hoc
283 244 579 297 argumentum
609 242 681 285 est,
714 232 747 274 si
777 230 888 273 hisce
916 229 1044 271 Lasci
1074 227 1325 269 attendimus
1345 223 1500 269 verbis:
1535 248 1557 274 n
1569 223 1680 269 Nam

179 334 200 360 η
224 310 300 354 sub
343 310 422 352 hac
469 305 674 348 Ecclesiae
716 317 831 344 meae
871 297 1185 357 perturbatione
1225 297 1416 340 deserere
1445 311 1537 339 eam
1568 297 1681 347 nolo,

176 403 198 430 η
222 388 264 423 et
301 381 334 422 si
365 379 446 421 alio
477 375 652 432 migrari
684 387 827 428 cogor,
858 386 941 413 non
974 368 1124 426 procul
1154 368 1206 411 ab
1237 367 1308 410 illa
1339 367 1478 420 abero,
1509 374 1558 409 ut
1587 383 1678 410 eam

176 475 199 501 n
222 450 394 494 subinde
415 445 628 490 exhortari
647 459 724 501 per
745 444 905 486 litteras
927 449 967 484 et
987 439 1195 483 consolari
1214 439 1382 496 possim,
1412 441 1557 482 donec
1586 441 1683 482 illa

177 545 198 571 n
220 538 284 565 me
320 538 345 563 a
375 535 420 562 se
448 521 682 560 desertum
715 531 813 558 esse
842 527 1022 556 uncam-o
1053 525 1213 554 ALTERO
1243 524 1447 553 MINISTRO
1480 513 1680 567 testifi-

176 617 197 643 η
220 599 381 641 eatur,
422 591 490 632 sed
533 596 647 631 certa
684 587 784 630 mihi
825 601 917 642 spes
957 593 1016 627 est
1058 585 1135 626 hoc
1165 583 1296 639 ipsam
1330 597 1561 639 numquam
1595 598 1681 625 esse

174 687 196 713 n
221 665 441 714 facturam,
485 661 554 703 sed
597 676 662 702 me
701 659 859 701 etiamsi
980 656 1120 699 abesse
1152 670 1296 712 cogar,
1317 672 1408 710 pro
1437 672 1518 698 suo
1549 657 1680 698 nihi-

173 759 194 785 ῃ
219 735 419 778 lominus
450 733 674 774 ministro
705 731 1238 784 aynituramperpetuo
1261 742 1371 770 esee.
1407 728 1548 770 Huius
1569 728 1678 770 enim

173 830 195 856 ῃ
218 807 278 849 rei
307 805 408 847 mihi
438 819 520 846 non
553 802 778 845 obscurum
809 800 1009 842 indicium
1040 798 1179 841 feeit.’'
1201 799 1231 853 ¹)
1287 797 1440 841 Eodem
1474 813 1599 841 sensu
1629 799 1680 841 ad

172 876 352 933 collegas
384 890 479 917 suos
498 873 672 916 scribit:
738 894 759 920 ss
783 871 958 914 Utinam
990 870 1030 912 id
1063 870 1271 912 Dominus
1301 868 1510 926 largiatur
1637 876 1683 912 ut

174 973 195 998 n
220 964 304 991 una
341 949 449 990 istuc
489 961 660 989 rursum
701 959 843 988 omnes
889 958 975 984 esse
1015 943 1237 998 possimus,
1281 956 1416 997 neque
1446 956 1527 999 ego
1556 941 1681 998 plane

174 1043 195 1068 u
219 1018 358 1062 diffido
389 1019 524 1060 adhuc
553 1018 592 1060 id
620 1018 710 1059 fieri
741 1016 904 1073 posse.”
928 1017 960 1070 ²)
995 1012 1067 1058 Sic
1095 1014 1276 1072 denique
1306 1015 1480 1071 egregie
1510 1015 1599 1058 eius
1631 1015 1682 1059 ad

171 1092 274 1135 iram
293 1090 533 1147 proclivitas
550 1088 812 1144 intelligitur,
838 1101 966 1141 quum
986 1085 1203 1128 audiverat
1219 1085 1259 1127 id
1279 1085 1503 1128 Nicolaum
1522 1087 1682 1129 Buscu-

171 1161 395 1204 (lonensem
423 1160 596 1202 volvisse
616 1159 768 1209 animo,
801 1165 847 1199 ut
881 1180 901 1205 ῃ
917 1172 1040 1199 suum
1064 1157 1342 1199 ministerium
1361 1156 1626 1199 invaderet.’'
1647 1160 1681 1214 8)

171 1233 351 1276 Nullum
384 1233 516 1289 igitur
545 1232 586 1273 in
619 1230 707 1272 eius
736 1229 875 1272 locum
904 1236 1152 1286 suggestum
1175 1244 1263 1271 esse
1284 1229 1522 1272 ministrum
1544 1244 1620 1286 per
1641 1246 1684 1274 se

170 1304 251 1346 iam
285 1303 558 1346 certissimum
592 1301 792 1343 indicium
820 1300 937 1342 nobis
958 1306 1075 1352 esset,
1108 1315 1205 1342 eum
1228 1315 1279 1341 ex
1302 1300 1462 1357 Anglia
1485 1301 1680 1345 reducem

173 1388 339 1416 rursum
373 1373 547 1429 pastoris
576 1386 751 1413 munere
782 1369 940 1412 Emdae
969 1370 1164 1412 functum
1182 1386 1283 1414 esse.
1315 1370 1504 1413 Litterae
1526 1379 1681 1423 autem,

172 1459 276 1500 quas
305 1459 342 1487 a,
375 1445 484 1486 1554
513 1442 563 1485 ad
595 1443 748 1484 amicos
774 1441 897 1492 dedit,
931 1440 1035 1484 adeo
1057 1441 1209 1483 diserte
1230 1443 1476 1484 sententiam
1499 1450 1684 1485 nostram

172 1514 420 1556 confirmant
464 1519 506 1555 et
550 1512 779 1564 stabiliunt,
827 1519 872 1555 ut
916 1512 1037 1555 facile
1083 1514 1206 1555 etiam
1239 1512 1403 1568 prolato
1432 1522 1685 1570 argumento

173 1600 423 1629 careremus.
483 1584 697 1627 Nimirum
738 1584 909 1626 totidem
949 1583 1086 1626 verbis
1128 1584 1216 1640 ipse
1246 1585 1270 1626 a
1300 1584 1451 1633 Lasco‚
1484 1600 1529 1628 se
1560 1587 1680 1628 etiam

173 1664 267 1713 post
311 1656 493 1699 reditum
540 1670 662 1698 suum
711 1653 1106 1711 Superintendentis
1147 1670 1325 1697 munere
1357 1655 1550 1699 functum
1583 1673 1684 1709 esse,

174 1729 233 1770 sic
255 1729 303 1770 ad
328 1728 698 1784 Hardenbergium
721 1727 863 1769 scribit
879 1727 938 1784 ⁴):
974 1750 994 1775 n
1006 1728 1269 1783 praesertim,
1293 1743 1387 1770 cum
1412 1744 1495 1770 non
1518 1729 1685 1785 ignora-

178 1814 292 1851 nres,
325 1815 389 1841 me
419 1801 570 1841 adhuc
589 1804 838 1853 pastorem
870 1800 1172 1842 eeclesiarum
1193 1801 1400 1842 illarum
1424 1800 1684 1859 fuisse-”¹⁷7

173 1870 312 1915 Simul
353 1876 489 1913 tamen
522 1871 732 1913 Emdanae
763 1871 973 1913 Ecclesiae
1006 1886 1174 1928 quoque
1205 1879 1413 1928 pastorem
1446 1888 1488 1914 se
1519 1888 1686 1917 reman-

174 1943 274 1985 sisse
306 1941 499 1984 disertius
531 1942 651 1984 etiam
687 1942 788 1984 haec
819 1943 907 1984 eius
939 1942 989 1984 ad
1019 1942 1318 2000 Bullingerum
1342 1943 1469 1987 verba
1485 1944 1686 1988 clamant:

177 2036 199 2061 n
223 2014 275 2057 Et
320 2021 415 2056 sunt
458 2015 612 2069 reperti
643 2014 823 2069 quidem,
857 2024 897 2057 et
928 2015 1094 2070 quidem
1126 2023 1381 2073 symmystae
1414 2018 1509 2069 mei,
1544 2019 1616 2074 qui
1646 2018 1685 2060 id

176 2105 198 2132 u
223 2084 421 2140 paulatim
456 2084 626 2127 auribus
655 2085 919 2135 instillarent,
953 2102 1019 2128 me
1049 2103 1102 2128 ne
1125 2087 1252 2129 verbo
1273 2087 1441 2143 quidem
1463 2089 1688 2140 admonito,

176 2175 199 2202 u
221 2171 334 2211 quem
365 2161 495 2198 tamen
519 2172 594 2210 pro
615 2162 780 2210 pastore
811 2157 1114 2211 aynoseebant‚”
1134 2160 1166 2214 6>
1199 2165 1239 2200 et
1275 2159 1533 2203 luculentius
1562 2162 1686 2204 etiam

174 2224 291 2279 haec,
335 2242 441 2283 quae
483 2228 523 2269 in
563 2228 709 2270 vicinis
750 2227 967 2284 leguntur,
1000 2229 1107 2271 idem
1141 2230 1361 2273 evincunt:
1398 2253 1419 2277 n
1440 2230 1543 2274 Cedi
1577 2233 1620 2287 (i.
1649 2247 1686 2276 e.

176 2318 199 2346 η
223 2312 258 2339 3.
293 2299 419 2353 1555)
452 2299 592 2354 itaque
622 2299 741 2341 furiis
772 2299 941 2342 illorum
975 2301 1144 2344 hortatu
1175 2303 1299 2345 totius
1330 2302 1553 2356 Ecclesiae,
1572 2319 1688 2360 ,quae

177 2391 198 2417 η
222 2384 281 2410 me
326 2370 486 2411 interim
518 2375 601 2412 tota
650 2372 896 2414 unanimiter
939 2388 1011 2425 pro
1052 2388 1122 2415 sno
1152 2375 1281 2417 adbuc
1307 2382 1466 2428 pastore
1497 2377 1688 2429 aynoseit,

217 2556 242 2594 ¹)
267 2555 368 2587 LAscx
395 2556 506 2596 Opera,
529 2557 598 2590 Vol.
622 2558 664 2590 ΙΙ.
687 2569 718 2599 p.
741 2559 811 2590 632.

215 2610 243 2649 ²)
266 2610 399 2648 Ibidem,
423 2611 491 2643 Vol.
515 2612 558 2643 ΙΙ.
582 2622 612 2653 p.
636 2612 705 2646 637.

214 2666 241 2705 ⁸)
266 2666 398 2703 Ibidem,
423 2666 492 2698 vol.
514 2667 558 2698 ΙΙ.
581 2678 612 2709 p.
636 2668 705 2700 638.

211 2722 239 2761 ⁴)
263 2721 396 2759 Ibidem,
420 2722 488 2754 Vol.
513 2722 558 2754 11.
581 2733 610 2764 p.
635 2722 706 2756 709.
737 2724 784 2755 De
808 2724 874 2756 sola
898 2725 1040 2758 Emdana
1064 2726 1219 2766 Ecclesia,
1243 2727 1305 2760 diei
1330 2739 1392 2760 uon
1417 2727 1574 2771 potuisset
1595 2728 1694 2769 „illa-

170 2786 238 2807 rum
263 2776 501 2809 Ecclesia2·unz³’.

214 2832 240 2870 5)
264 2831 438 2864 Confirmat
461 2832 520 2864 hoc
542 2832 778 2872 BRBNNMSEN,
804 2835 922 2877 Oosfffr.
948 2837 1033 2870 Hisc.
1055 2848 1086 2869 u.
1111 2837 1317 2880 Laude-werf.
1340 2840 1429 2872 Toni.
1454 2841 1482 2872 1.
1505 2841 1575 2879 235,
1598 2840 1628 2874 7.

211 2888 239 2930 ὃ)
262 2887 373 2927 LAsOE,
401 2888 499 2929 Opera
524 2888 594 2921 Vol.
617 2889 659 2922 II.
682 2900 713 2931 p.
735 2889 805 2923 711.
