1818 3178
204 146 289 176 XXX
846 141 1090 170 PRAEFATIO.

204 253 345 294 Forma
381 267 427 292 ac
457 250 564 292 ratio
593 246 739 289 titulus
769 253 937 289 centum
969 247 1011 288 in
1043 245 1179 287 medio
1209 245 1400 302 opusculi
1431 247 1717 302 migrarentur

202 322 469 380 pagellarum
502 320 680 370 numeri,
710 324 759 360 ut
790 324 883 374 post
914 333 1004 360 eam
1037 317 1249 373 paginam,
1284 333 1390 373 quae
1420 332 1599 360 numero
1634 324 1718 360 tre-

204 394 427 437 centesima
457 391 727 447 nonagesima
758 405 869 432 nona
890 397 962 438 est,
988 390 1320 445 quingentesima
1342 391 1480 433 statim
1502 390 1718 444 subseque-

204 473 321 508 retur
352 463 530 520 pagella‚
562 463 776 518 corrigere
809 461 1160 519 typographicam
1193 461 1339 504 vitium
1361 462 1490 514 nolui,
1523 462 1718 516 quoniam

203 538 326 580 latius
371 542 588 592 spargeret
633 542 673 576 et
712 535 930 588 utriusque
982 532 1170 574 editionis
1213 533 1322 574 inter
1361 549 1404 576 se
1435 534 1721 590 compositioni

203 607 446 652 emendatus
493 605 758 662 pagellarum
800 605 903 648 ordo
948 604 1059 646 haud
1100 604 1247 646 leviter
1277 605 1500 650 restitisset.
1562 605 1649 648 Ubi
1679 607 1719 648 in

202 678 485 721 vetustissimis
535 676 781 719 editionibus
825 678 1079 732 paqellarum
1128 676 1282 718 numeri
1327 691 1498 732 prorsus
1538 677 1723 729 deerant,

194 752 394 808 soliorum
433 751 672 801 uncialibus,
717 763 822 803 quae
860 748 910 790 ad
952 748 1107 790 calcem
1152 746 1327 789 indicari
1357 747 1503 797 solent,
1534 748 1723 805 singulas

201 821 390 879 pagellas
411 822 468 863 ita
489 820 773 871 discrevimus,
798 826 842 861 ut
864 820 989 861 octies
1011 818 1183 860 eandem
1207 825 1491 874 repeteremus
1513 819 1717 861 uncialem

201 895 339 937 latinis
379 893 565 935 numeris
609 893 635 944 i,
678 893 718 944 ii,
764 892 805 932 iii
852 897 930 933 cet.
979 890 1230 941 distinctam,
1278 897 1319 931 et
1349 889 1538 946 singulos
1567 892 1718 933 iterum

201 980 402 1008 numeros
434 963 799 1021 typographorum
834 977 950 1004 more
980 961 1177 1017 bipartito
1208 959 1355 1003 additis
1377 961 1574 1004 litterulis
1595 978 1620 1003 a
1642 968 1682 1004 et
1701 964 1722 1004 b

203 1036 576 1080 subdivideremus.
1450 1030 1452 1034 ⁵
1583 1081 1587 1086 ⁴

262 1109 523 1166 Argumenti
564 1106 830 1163 alphabeticis
862 1104 1077 1156 indicibus,
1112 1104 1261 1159 quibus
1291 1121 1368 1147 sua
1396 1105 1569 1148 subinde
1600 1121 1723 1149 orna-

203 1181 260 1222 vit
290 1179 451 1221 Lascus
482 1177 698 1237 opuscula,
731 1175 994 1233 supersederi
1024 1191 1142 1232 posse
1175 1175 1405 1219 videbatur.
1466 1177 1627 1220 Parum
1661 1193 1723 1220 re—

202 1266 302 1293 vera
348 1258 524 1307 prosunt
554 1265 700 1291 rerum
730 1249 795 1291 isti
825 1255 1084 1304 conspectus,
1118 1249 1159 1290 in
1193 1248 1342 1303 quibus
1373 1264 1497 1291 omne
1528 1249 1721 1293 subtilius

203 1322 462 1365 desideratur
491 1321 705 1363 iudicium.
767 1320 897 1362 Haud
929 1335 1064 1375 pauca
1093 1319 1252 1362 indices
1282 1321 1372 1362 eius
1403 1322 1601 1377 temporis
1632 1337 1720 1364 ma-

203 1410 291 1452 gno
328 1394 550 1436 verborum
595 1399 800 1449 apparatu
831 1399 1079 1443 monstrant,
1120 1407 1225 1446 quae
1255 1407 1488 1447 numquam
1519 1395 1721 1449 requiras,

203 1476 244 1512 et
282 1468 406 1524 plura
435 1467 559 1509 etiam
589 1465 892 1515 desiderantur,
927 1479 1032 1519 quae
1062 1463 1202 1506 deesse
1233 1464 1353 1506 nullo
1384 1472 1504 1521 pacto
1535 1472 1722 1522 possunt.

205 1540 353 1596 Auget
384 1538 557 1586 malum,
589 1536 666 1579 sub
697 1552 745 1578 ea
776 1536 917 1578 littera
948 1535 1185 1592 saepissime
1217 1551 1284 1578 res
1307 1536 1596 1580 memorabiles
1615 1538 1719 1580 indi-

205 1612 305 1661 cari,
349 1626 371 1653 a
418 1624 500 1665 qua
529 1608 700 1650 fortuito
740 1608 877 1663 prima
908 1607 1110 1663 inciperet
1142 1621 1223 1648 vox
1253 1607 1340 1648 eius
1370 1608 1609 1660 sententiae,
1641 1624 1722 1664 qua

203 1683 246 1725 in
277 1680 560 1738 praefiniendo
592 1686 844 1735 argumento
875 1686 1020 1720 auctor
1051 1678 1196 1721 utitur.
1256 1676 1325 1721 Sic
1356 1678 1471 1721 verbi
1502 1695 1626 1722 causa
1657 1696 1722 1722 ar-

205 1760 478 1812 gumentum:
525 1769 604 1808 qua
647 1753 688 1794 in
718 1767 760 1793 re
790 1752 983 1793 consistat
1013 1766 1109 1792 usus
1140 1752 1425 1794 ecclesiastieae
1456 1753 1725 1807 disciplinae?

205 1826 284 1869 sub
334 1826 471 1868 littera
518 1824 561 1876 Q,
609 1831 849 1865 recensetur
885 1822 937 1866 ob
983 1824 1217 1880 gratuitum
1249 1839 1421 1880 prorsus
1451 1839 1474 1866 a
1505 1840 1607 1867 voce
1638 1838 1723 1878 QUA

205 1897 445 1955 argumenti
484 1896 734 1937 definitionis
763 1895 941 1939 initium.
1004 1894 1113 1947 Quis
1143 1910 1225 1937 non
1258 1895 1365 1950 capit
1395 1895 1499 1937 nihil
1530 1896 1724 1952 prodesse

203 1970 371 2020 indices,
405 1984 587 2024 quorum
618 1968 770 2010 indicia
801 1983 899 2009 eum
930 1967 971 2009 in
1005 1966 1174 2009 modum
1208 1966 1409 2024 ambigua
1439 1975 1536 2010 sunt
1566 1975 1605 2010 et
1635 1968 1722 2011 fere

205 2042 412 2086 ridicula?
465 2042 592 2083 Hanc
623 2040 674 2083 ob
707 2055 876 2082 causam
906 2040 1039 2096 magis
1070 2055 1091 2081 e
1122 2055 1167 2082 re
1198 2039 1287 2082 fore
1319 2040 1431 2090 duxi,
1465 2048 1548 2083 tam
1582 2040 1722 2084 futiles

204 2114 357 2156 indices
397 2119 505 2156 totos
535 2127 728 2169 premere
759 2120 799 2153 et
829 2114 870 2153 in
901 2111 983 2154 fine
1014 2111 1136 2153 Tomi
1168 2111 1306 2154 ultimi
1339 2119 1503 2155 nostrae
1535 2112 1723 2156 editionis

203 2201 360 2228 novum
391 2185 517 2228 totius
548 2185 684 2240 operis
704 2184 836 2240 ipsum
861 2184 1111 2225 concinnare
1132 2182 1504 2240 locupletissimum
1527 2184 1719 2230 indicem.

204 2257 255 2299 In
287 2272 336 2298 eo
366 2262 507 2298 tamen
539 2255 694 2306 libello,
727 2255 794 2296 cui
825 2256 969 2297 Forma
1000 2271 1047 2296 ac
1077 2257 1184 2297 ratio
1215 2255 1372 2306 titulus,
1396 2255 1521 2298 Lasci
1541 2256 1718 2299 indicem

202 2329 294 2371 ideo
339 2328 528 2384 spernari
567 2327 696 2379 nolui,
745 2327 855 2381 quod
888 2326 1072 2369 melioris
1101 2334 1149 2369 ut
1180 2327 1412 2384 plurimum
1444 2335 1565 2370 notae
1603 2335 1720 2380 esset,

202 2406 243 2443 et
272 2399 399 2441 totius
428 2399 558 2441 libelli
588 2405 886 2454 argumentum
917 2399 1148 2455 speciosum
1182 2405 1448 2455 conspectum
1480 2399 1565 2442 sive
1594 2414 1720 2455 pecu-

202 2470 348 2513 liarem
381 2469 561 2512 indicem
589 2469 701 2511 haud
735 2469 909 2511 obscure
935 2469 1124 2526 flagitare
1153 2469 1384 2512 videbatur.

261 2541 460 2596 Quinque
504 2547 600 2583 sunt
639 2556 690 2583 ex
735 2541 859 2584 Lasci
905 2541 1068 2595 libellis,
1109 2542 1178 2597 qui
1219 2541 1379 2598 belgice
1421 2541 1527 2584 versi
1562 2542 1614 2584 ad
1645 2557 1720 2584 nos

202 2620 499 2672 pervenerunt.
537 2611 684 2665 Quum
716 2613 846 2668 igitur
876 2613 924 2654 iis
955 2628 1133 2668 quoque,
1168 2612 1315 2668 quibus
1346 2612 1464 2655 nulla
1495 2619 1554 2655 est
1589 2613 1719 2655 nostri

201 2687 402 2730 sermonis
442 2686 600 2736 notitia,
640 2684 766 2727 Lasci
806 2700 935 2741 opera
963 2684 1226 2738 destinarem,
1268 2692 1314 2727 ut
1351 2685 1544 2728 omnibus
1586 2686 1720 2728 aditus

201 2758 252 2801 ad
292 2758 381 2800 eius
424 2757 575 2812 scripta
605 2763 777 2812 pateret,
809 2757 848 2797 in
882 2756 1068 2812 belgicae
1101 2757 1299 2799 versionis
1339 2757 1719 2812 repraesentatione

202 2830 425 2885 quominus
451 2826 728 2879 subsisterem,
759 2827 946 2869 editionis
976 2834 1188 2882 utcunque
1219 2829 1350 2870 vetuit
1378 2828 1484 2870 ratio
1514 2834 1555 2870 et
1589 2829 1720 2870 consi-

201 2902 318 2946 lium.
379 2899 552 2957 Duplici
587 2899 724 2954 itaque
755 2905 874 2941 textu
904 2899 1005 2942 haee
1034 2899 1237 2956 opuscula
1268 2899 1472 2952 dedimus,
1505 2899 1715 2958 belgicum
