1818 3178
427 74 478 100 nn
508 74 790 102 snoRAMEN'ris
819 74 1037 102 nccnssnxn
1064 74 1241 102 CHRISTI.
1522 68 1594 103 209

70 172 223 210 modum
258 178 294 212 et
329 173 368 211 in
405 173 488 212 aliis
516 176 765 214 Sacramentis
795 180 1134 220 commonstratam,
1169 180 1212 214 ut
1239 188 1358 227 spero,
1392 176 1595 214 habeamus

69 237 174 274 iuxta
201 240 370 275 nostram
399 238 671 278 diffinitionem.

123 301 230 340 Quae
264 302 313 339 ad
337 302 516 340 tuendam
544 303 589 341 de
616 305 847 342 substantiae
875 305 1042 355 corporis
1068 304 1209 342 Christi
1233 304 1444 355 praesentia
1461 309 1506 354 ,et
1532 317 1598 354 per

70 378 204 404 manus
247 366 410 403 ministri
448 366 714 406 distributione
749 369 1095 419 interpretationem
1130 369 1370 412 adferuntur,
1407 381 1497 407 mox
1532 381 1598 407 ex—

73 430 277 477 cutiemus;
305 443 407 468 nunc
434 430 478 468 de
505 432 579 469 fine
606 445 742 471 coenae
768 432 988 472 Dominicae
1015 433 1190 479 dicemus,
1217 438 1259 472 ut
1286 437 1436 472 nostrae
1462 433 1598 471 diffini-

71 494 187 532 tionis
213 498 336 545 partes
364 507 492 533 omnes
520 496 558 533 in
588 510 722 534 coenae
750 498 989 534 Sacramento
1018 501 1362 536 commonstremus.

125 558 257 596 Finem
290 572 401 610 porro
437 573 573 599 coenae
609 561 829 600 Dominicae
855 562 895 599 in
921 562 997 599 illis
1023 562 1146 599 verbis
1175 567 1506 601 commonstratum
1533 575 1604 601 no-

74 623 131 662 bis
159 623 357 663 habemus:
388 625 492 662 uhoc
518 626 629 664 facite
656 626 695 663 in
722 626 794 663 mei
822 625 1156 665 recoi·dationem‘'.
1186 626 1375 664 Nimirum
1399 627 1516 665 voluit
1536 627 1603 664 do-

72 689 209 727 mimus
236 703 306 728 nos
333 703 476 740 semper
501 703 579 728 esse
606 703 787 728 memores
815 690 1081 728 beneficiorum
1109 703 1261 728 suorum
1289 703 1373 728 cum
1399 691 1604 740 gratiarum

73 753 240 800 actione;
267 754 505 804 potissimum
531 758 655 791 autem
680 753 721 790 in
750 766 818 790 usu
845 756 1176 796 sacramentorum,
1195 757 1235 790 ut
1252 753 1316 790 illa
1335 753 1469 790 animis
1488 753 1605 804 probe

72 817 190 855 infixa
217 831 359 869 semper
387 818 604 856 haberemus
633 817 679 854 ad
714 816 884 855 alendam
913 820 1081 854 nostram
1108 830 1194 866 erga
1223 830 1260 854 se
1286 817 1474 863 fiduciam,
1509 830 1604 868 quae

74 895 152 920 non
179 882 251 920 alia
277 895 317 920 re
344 883 462 932 magis
489 881 683 926 flaccessit‚
719 894 832 932 quam
859 881 1049 919 oblivione
1076 894 1119 919 ac
1146 882 1375 931 negligentia
1403 881 1602 920 beneficio-

73 959 156 984 rum
184 946 265 991 Dei,
291 959 334 984 ac
361 960 511 984 rursum
536 945 693 995 erigitur
719 958 762 983 ac
790 946 1012 983 obfirmatur
1037 945 1104 983 tali
1130 946 1347 996 praesertim
1374 946 1526 984 illorum
1544 958 1602 983 re-

74 1011 345 1059 memora-(fol.
383 1010 615 1059 ll3²²Jtionez
654 1009 694 1047 id
730 1009 831 1060 quod
867 1023 905 1047 re
942 1009 1022 1060 ipsa
1059 1010 1200 1060 alioqui
1226 1011 1448 1061 experimur,
1474 1015 1516 1049 ut
1544 1009 1605 1046 hic

76 1075 204 1113 multis
233 1075 355 1113 verbis
383 1088 475 1125 opus
504 1087 580 1112 non
608 1087 689 1112 esse
716 1080 901 1124 putemus.

125 1139 183 1178 De
218 1141 464 1189 πληροφορίᾳ
502 1138 613 1176 simul
646 1150 689 1175 ac
726 1138 864 1175 mentis
893 1142 1044 1176 nostrae
1071 1137 1341 1188 affectuumque
1366 1137 1608 1176 innovatione

77 1205 175 1243 circa
211 1216 366 1242 coenam
400 1203 553 1240 Domini
592 1203 674 1240 unis
709 1202 917 1253 iisdemque
945 1202 1067 1240 verbis
1094 1216 1115 1240 a
1143 1202 1258 1240 Paulo
1288 1202 1483 1248 doeemur,
1519 1202 1607 1240 dum

79 1283 148 1308 nos
176 1282 292 1307 unum
318 1282 465 1320 panem,
492 1281 607 1306 unum
638 1281 771 1319 eorpus
798 1281 878 1306 esse
905 1268 969 1313 ait,
996 1281 1039 1305 eo
1067 1268 1168 1318 quod
1197 1268 1242 1305 de
1269 1280 1344 1305 uno
1375 1280 1470 1318 pane
1491 1268 1606 1318 parti-

78 1335 255 1386 cipemus.
311 1333 466 1372 Duobus
502 1334 603 1372 enim
639 1333 856 1371 nominibus
893 1347 987 1371 unus
1023 1333 1131 1384 panis
1158 1337 1194 1371 et
1228 1346 1347 1370 unum
1374 1345 1507 1383 corpus
1532 1332 1610 1369 illic

77 1412 156 1437 esse
185 1399 365 1438 dicimuro
395 1412 527 1450 nempe
554 1399 591 1437 et
618 1399 719 1449 quod
750 1412 843 1436 unus
871 1398 984 1436 simul
1010 1411 1138 1436 omnes
1167 1411 1252 1435 cum
1276 1398 1424 1435 Christo
1445 1396 1609 1435 Domino

77 1463 186 1514 panis
225 1477 412 1514 unumque
449 1476 583 1515 corpus
620 1464 758 1509 simus,
795 1463 849 1500 sic
886 1467 924 1500 ut
962 1463 1009 1500 ab
1037 1462 1102 1499 illo
1129 1462 1203 1500 iam
1232 1462 1358 1499 divelli
1385 1475 1462 1499 non
1488 1461 1609 1512 possi-

79 1542 175 1576 mus,
210 1528 247 1567 et
289 1529 389 1579 quod
425 1528 523 1566 inter
559 1541 628 1566 nos
665 1528 824 1566 invicem
860 1529 930 1574 sub
966 1527 1031 1564 illo
1068 1528 1180 1565 etiam
1217 1540 1312 1565 unus
1347 1526 1453 1577 panis
1481 1539 1609 1563 omnes

78 1605 269 1643 unumque
297 1605 431 1643 eorpus
460 1606 540 1630 esse
569 1605 795 1631 censeamur.
851 1592 1045 1630 Quatenus
1073 1592 1188 1641 igitur
1217 1604 1331 1629 coena
1358 1590 1512 1628 Domini
1541 1601 1608 1628 nos

80 1670 198 1695 unum
235 1670 318 1695 cum
355 1657 505 1695 Christo
542 1656 707 1695 Domino
744 1670 877 1708 panem
905 1670 1095 1708 unumque
1121 1670 1250 1695 omnes
1279 1670 1412 1708 corpus
1447 1669 1526 1695 esse
1552 1661 1608 1695 te-

80 1726 221 1767 statur,
265 1722 447 1760 hactenus
494 1735 583 1760 sane
628 1722 672 1760 de
708 1727 836 1760 nostra
872 1735 941 1760 nos
976 1722 1016 1760 in
1054 1722 1203 1760 Christo
1236 1721 1400 1760 Domino
1436 1722 1612 1759 adversus

82 1785 264 1823 mundum
298 1791 457 1823 mortem
492 1799 535 1823 ac
569 1786 747 1824 Satanam
783 1786 939 1823 victoria
974 1786 1027 1824 ita
1064 1790 1184 1824 certos
1219 1785 1354 1829 reddit,
1389 1789 1431 1823 ut
1464 1785 1505 1822 in
1541 1785 1611 1822 hac

86 1862 169 1887 cum
203 1849 269 1887 illo
307 1850 449 1888 henade
484 1851 556 1888 toti
591 1855 627 1888 et
663 1854 807 1888 summa
833 1850 970 1887 fiducia
997 1850 1078 1888 sine
1104 1850 1207 1887 omni
1233 1849 1477 1887 haesitatione
1521 1861 1611 1887 con-

85 1915 330 1965 quiescamus.
386 1913 582 1952 Quatenus
620 1927 704 1952 vero
738 1928 888 1951 rursum
923 1927 1037 1952 coena
1073 1914 1273 1952 Dominica
1301 1914 1410 1952 nobis
1439 1914 1538 1951 velut
1565 1912 1613 1950 ob

85 1978 214 2015 oculos
241 1978 361 2028 ponit,
388 1991 458 2015 nos
485 1992 614 2016 omnes
641 1978 739 2016 inter
766 1992 835 2016 nos
862 1979 1035 2023 invicem,
1061 1979 1126 2030 qui
1151 1979 1207 2016 illi
1232 1978 1510 2029 participamus,
1535 1991 1614 2015 esse

85 2041 197 2080 etiam
237 2054 353 2079 unum
388 2055 522 2092 panem
549 2047 586 2080 et
611 2055 730 2080 unum
758 2055 892 2094 corpus
920 2043 988 2080 sub
1018 2043 1188 2089 Christo,
1224 2043 1402 2080 hactenus
1429 2054 1517 2079 sane
1544 2054 1613 2079 no-

87 2110 185 2144 strae
212 2119 281 2144 nos
308 2107 563 2145 renovationis
590 2106 779 2153 admonet,
800 2113 853 2154 ut,
880 2108 1034 2146 abiectis
1062 2107 1183 2145 carnis
1212 2112 1362 2145 nostrae
1388 2107 1472 2154 (fol.
1503 2108 1612 2152 1131»)

88 2170 291 2218 affectibus,
319 2185 405 2209 eum
431 2172 507 2209 iam
533 2185 621 2221 erga
649 2185 718 2210 nos
745 2172 908 2211 invicem
934 2171 1105 2210 affectum
1130 2172 1341 2218 induamus,
1367 2185 1477 2222 quem
1505 2171 1614 2208 Chri-

90 2235 138 2274 sti
173 2234 329 2273 Domini
364 2249 452 2285 erga
488 2249 557 2274 nos
593 2236 709 2274 fuisse
743 2236 784 2274 in
817 2240 938 2275 morte
973 2250 1039 2275 sua
1065 2249 1143 2274 non
1171 2235 1395 2274 dubitamus.
1431 2235 1479 2272 Id
1507 2247 1616 2285 porro

88 2304 268 2351 quantam
294 2300 415 2338 nostri
440 2300 539 2338 intra
567 2313 636 2338 nos
663 2300 945 2338 innovationem
972 2301 1149 2351 requirat,
1176 2313 1242 2338 suo
1270 2300 1426 2351 quisque
1452 2299 1617 2350 periculo

89 2364 259 2404 omniurn
294 2365 433 2416 optime
469 2376 694 2414 cognoscere
728 2369 863 2416 potest,
896 2370 938 2404 ut
964 2370 1001 2403 et
1027 2365 1089 2403 hic
1114 2365 1242 2403 multis
1271 2365 1392 2402 verbis
1419 2376 1512 2414 opus
1540 2376 1617 2401 non

89 2443 169 2468 esse
195 2429 434 2468 arbitremur.

142 2494 191 2533 Et
217 2495 330 2533 finem
358 2495 473 2543 igitur
501 2506 636 2532 coenae
662 2493 883 2532 Dominicae
912 2507 984 2532 una
1012 2507 1095 2532 cum
1123 2493 1198 2532 suis
1217 2494 1403 2531 fructibus
1426 2505 1617 2531 common-

93 2564 252 2598 stratum
293 2560 367 2597 iam
405 2559 583 2597 habemus
619 2559 723 2597 iuxta
760 2565 927 2597 nostram
963 2559 1065 2598 vocis
1094 2560 1316 2597 sacramenti
1342 2558 1621 2604 diffinitionem;

93 2638 162 2663 nec
187 2625 262 2662 iam
289 2629 404 2662 restat
431 2623 602 2674 amplius,
628 2635 741 2673 quam
769 2628 807 2660 ut
836 2636 971 2661 coenae
997 2635 1145 2674 quoque
1172 2623 1381 2661 dominicae
1397 2622 1620 2673 peculiarem

96 2688 197 2727 illius
228 2688 488 2727 diffinitionem
517 2692 736 2734 statuamus,
763 2687 808 2725 ad
837 2687 937 2725 hunc
963 2687 1136 2725 modum:

147 2753 271 2792 Coena
306 2751 462 2791 Domini
497 2757 553 2791 est
587 2751 714 2790 divina
741 2751 927 2790 ordinatio
964 2752 1005 2790 in
1040 2751 1247 2790 ministerio
1275 2750 1463 2789 Ecclesiae
1492 2750 1626 2801 posita,

97 2817 150 2855 sic
187 2822 225 2856 ut
262 2817 309 2856 ad
345 2823 462 2856 totam
498 2817 651 2855 omnino
690 2816 829 2855 Christi
867 2816 1073 2856 Ecclesiam
1108 2820 1145 2856 et
1181 2816 1306 2856 omnia
1332 2816 1431 2854 illius
1459 2814 1622 2852 membra

151 2881 186 2923 I.
1426 2882 1473 2918 14
