1818 3178
509 136 558 162 nn
587 135 868 163 sAcRAMnx'ris
898 135 1114 163 EOCLESIAE
1141 134 1322 164 CHRISTI.
1607 126 1675 163 155

206 238 401 276 Habemus
437 237 566 286 igitur,
604 237 782 288 quidnam
822 238 993 289 utrinque
1021 238 1068 275 sit
1096 237 1284 283 collatum,
1311 250 1331 274 a
1368 237 1478 275 nobis
1506 237 1679 275 videlicet

153 308 190 341 et
225 318 245 341 a
283 303 431 341 Christo
459 301 636 344 Domino,
664 302 710 339 ad
746 315 838 349 eam,
865 315 959 353 quae
985 306 1040 340 est
1068 301 1166 340 inter
1191 314 1261 340 nos
1288 305 1324 340 et
1349 301 1484 354 ipsum,
1512 315 1680 340 commu-

155 368 323 414 nionem3
362 379 494 417 nempe
529 379 549 403 a
586 366 695 403 nobis
733 367 904 403 collatam
933 379 1013 404 esse
1040 379 1085 404 ex
1114 371 1230 404 matre
1257 366 1402 415 virgine
1429 366 1679 404 substantiam

153 432 284 482 ipsam,
312 443 404 482 quae
431 429 542 467 nobis
568 430 718 481 propria
745 435 835 476 erat,
863 430 1030 481 corporis
1050 436 1087 467 et:
1105 430 1298 480 sanguinis
1316 430 1446 481 ipsius,
1463 452 1513 460 -
1533 430 1579 467 ab
1598 431 1679 482 ipso

154 508 240 533 vero
270 495 443 532 collatam
472 493 635 531 vicissim
662 507 742 532 esse
768 495 932 544 gratuito
963 498 1106 545 partam
1128 506 1192 545 per
1210 498 1368 532 mortem
1386 507 1490 532 suam
1511 498 1679 532 nostrum

153 559 321 596 omnium
356 558 703 604 sanctificationem,
748 571 840 609 quae
876 558 943 604 illi,
970 557 1109 595 tradito
1138 558 1176 595 in
1204 563 1361 596 mortem
1397 559 1436 596 in
1476 572 1584 596 carne
1611 571 1680 597 no·

154 629 230 661 stra
259 635 412 674 corpore
440 635 505 660 suo
534 630 568 660 et
595 623 678 660 fuso
706 623 795 660 item
824 636 889 660 suo
918 622 1113 671 sanguine,
1140 623 1290 673 propria
1317 624 1459 674 alioqui
1486 628 1578 662 erat.

203 687 299 725 Inde
334 700 420 725 vero
457 688 568 725 etiam
596 687 802 736 intelligere
829 691 864 724 et
890 687 1048 724 alterum
1072 687 1167 724 illud
1194 700 1403 738 possumus,
1429 689 1530 739 quod
1557 688 1597 726 in
1625 702 1679 734 ea,

153 765 248 803 quae
276 758 332 790 est
356 752 456 790 inter
483 765 550 790 nos
578 757 615 790 et
644 751 847 797 Christum,
876 752 1139 788 communione
1167 753 1444 790 observandum
1472 767 1552 791 esse
1579 753 1679 791 dice·

156 817 298 862 bamus,
341 829 472 867 nempe
515 816 624 853 simul
661 828 719 861 ne,
753 829 801 853 an
836 827 922 853 vero
959 828 1024 866 per
1058 816 1236 865 temporis
1271 816 1469 854 intervalla
1508 817 1682 868 utrinque

155 882 289 918 collata
318 881 392 918 sint
418 881 490 918 ista
519 880 565 917 ad
594 893 672 917 eam
701 880 819 930 ipsam
849 879 1161 917 communionem.
1219 880 1312 917 Cum
1338 882 1437 918 enim
1466 882 1678 919 communio

153 947 233 997 ipsa
267 959 342 983 non
376 950 462 983 ante
500 944 660 995 coeperit
696 943 856 989 institui,
884 943 958 980 nisi
984 944 1023 980 in
1051 944 1131 994 ipsa
1160 944 1300 982 Christi
1328 944 1482 983 Domini
1508 946 1683 984 incarna-

153 1010 267 1055 tione,
302 1014 349 1055 et,
384 1009 485 1060 quod
522 1022 542 1046 a
579 1008 688 1045 nobis
722 1007 767 1045 ad
805 1020 885 1045 eam
914 1008 1212 1046 communionem
1241 1015 1296 1046 est
1324 1009 1509 1055 collatum,
1527 1010 1575 1048 -in
1603 1010 1682 1061 ipsa

154 1075 413 1112 incarnatione
450 1073 624 1111 collatum
653 1076 720 1117 est,
755 1073 929 1123 quodque
956 1071 1001 1109 ab
1029 1073 1095 1110 illo
1122 1077 1178 1111 est
1206 1074 1393 1119 collatum,
1421 1079 1539 1112 morte
1565 1075 1682 1126 ipsius

156 1139 332 1177 collatum
368 1142 435 1184 est,
461 1159 512 1166 —
540 1137 694 1174 dubium
731 1150 818 1174 sane
846 1149 926 1174 esse
962 1149 1038 1174 non
1066 1141 1199 1187 potest,
1227 1138 1329 1188 prius
1357 1139 1474 1175 multo
1510 1152 1530 1175 a
1558 1139 1682 1185 nobis,

155 1203 256 1256 quod
291 1203 401 1241 nobis
437 1202 629 1253 proprium
665 1203 799 1247 fuerat,
839 1215 950 1253 quam
988 1215 1008 1239 a
1047 1201 1199 1239 Christo
1234 1201 1411 1248 Domino,
1447 1203 1545 1253 quod
1575 1217 1681 1240 suum

152 1274 243 1313 erat,
269 1268 317 1305 ad
344 1281 424 1305 eam
452 1266 764 1312 communionem,
791 1280 885 1317 quae
911 1267 1008 1304 inter
1036 1279 1104 1304 nos
1131 1272 1167 1305 et
1193 1266 1315 1318 ipsum
1332 1272 1400 1312 est,
1420 1268 1682 1316 ool-(fol.4e¹¹)

153 1333 270 1370 latum
296 1345 394 1378 esse3
422 1331 595 1382 quodque
622 1331 696 1368 iam
722 1331 762 1368 in
791 1344 987 1369 commune
1014 1344 1083 1369 nos
1112 1332 1156 1369 de
1184 1337 1312 1370 nostro
1340 1345 1385 1370 ex
1404 1337 1520 1370 matre
1541 1333 1684 1382 virgine

156 1397 430 1434 contuleramus
466 1396 506 1433 in
542 1396 682 1433 Christi
710 1395 864 1433 Domini
891 1396 1162 1441 incarnatione,
1197 1396 1235 1434 id
1264 1397 1337 1434 iam
1366 1397 1476 1435 nobis
1505 1411 1587 1435 cum
1615 1399 1681 1435 illo

155 1475 351 1499 commune
379 1461 492 1499 fuisse
528 1462 639 1498 etiain
667 1467 752 1498 ante
779 1462 990 1512 passionem
1018 1475 1061 1498 ac
1088 1467 1243 1499 mortem
1271 1463 1400 1512 ipsius,
1428 1467 1467 1500 ut
1495 1463 1616 1500 denuo
1645 1463 1681 1500 id

154 1526 200 1564 ab
236 1526 301 1563 illo
329 1526 368 1564 in
398 1539 593 1563 commune
621 1526 782 1563 conferri
811 1538 887 1563 non
916 1526 1133 1577 oportuerit,
1169 1526 1241 1563 nisi
1270 1527 1300 1564 si
1328 1530 1454 1564 actum
1481 1540 1588 1576 agere
1617 1541 1680 1565 vo-

153 1592 295 1638 luisset,
322 1591 421 1642 quod
450 1591 560 1628 nobis
589 1604 676 1628 sane
705 1591 749 1628 de
778 1591 926 1628 Christo
955 1590 1120 1628 Domino
1151 1591 1314 1640 cogitare
1342 1604 1418 1628 non
1446 1591 1543 1630 licet.

205 1657 405 1707 Utrunque
430 1656 545 1706 igitur
572 1656 610 1693 id
638 1669 684 1693 cx
712 1656 906 1706 scripturis
931 1655 1106 1694 docemur
1132 1656 1171 1693 in
1201 1657 1488 1701 communionis,
1515 1671 1607 1708 quae
1619 1659 1678 1696 in-

152 1726 209 1760 ter
236 1736 305 1760 nos
333 1727 369 1760 et
398 1721 587 1759 Christum
614 1725 681 1766 est,
710 1721 1020 1768 consideratione,
1048 1735 1177 1772 nempe
1205 1723 1379 1772 utrinque
1405 1723 1546 1772 aliquid
1567 1724 1681 1761 colla-

154 1791 234 1824 tum
260 1799 340 1823 esse
366 1785 412 1822 ad
441 1798 521 1822 eam
551 1785 864 1829 communionem,
891 1798 986 1836 quae
1013 1790 1067 1823 est
1094 1786 1193 1823 inter
1220 1799 1289 1824 nos
1317 1791 1352 1824 et
1379 1787 1499 1837 ipsum
1530 1788 1568 1824 in
1598 1801 1679 1825 cor-

154 1864 244 1902 pore
270 1855 306 1888 et
333 1849 514 1898 sanguine
541 1850 669 1901 ipsius,
697 1849 859 1901 quidque
885 1851 1062 1902 utrinque
1103 1851 1150 1889 sit
1188 1852 1376 1897 collatum,
1412 1856 1448 1889 et
1484 1865 1558 1903 quo
1586 1857 1679 1890 teni-

153 1928 242 1966 pore
269 1915 444 1965 utrinque
471 1914 519 1952 sit
547 1914 686 1965 aliquid
716 1915 902 1954 collatum.

207 1977 320 2015 Nunc
355 1991 466 2028 porro
504 1978 705 2015 videndum
742 1979 822 2023 erit,
860 1992 925 2016 cur
961 1980 1013 2017 ita
1050 1980 1151 2017 Patri
1179 1985 1306 2017 nostro
1337 1981 1487 2018 coelesti
1515 1983 1680 2032 compla-

156 2043 270 2080 cuerit
297 2055 390 2084 eam,
417 2055 510 2092 quae
537 2046 592 2080 est
619 2043 717 2080 inter
744 2056 813 2080 nos
840 2051 876 2080 et
904 2057 1011 2081 suum
1042 2044 1273 2093 unigenitum
1294 2045 1425 2091 filium,
1447 2047 1678 2083 communio-

156 2121 240 2146 nem
277 2107 484 2151 instituere,
510 2112 552 2144 ut
579 2106 632 2160 ad
653 2120 733 2145 eam
762 2107 935 2158 utrinque
961 2109 1104 2159 aliquid
1132 2110 1374 2154 conferretur,
1400 2116 1441 2147 ut
1467 2110 1547 2161 ipsa
1577 2124 1678 2148 com-

156 2173 344 2211 munionis
381 2177 529 2209 nostrae
570 2184 652 2209 cum
689 2172 838 2210 Christo
876 2173 984 2219 ratio,
1020 2178 1202 2224 quatenus
1238 2174 1351 2211 verbo
1388 2173 1458 2212 Dei
1486 2175 1595 2213 nobis
1623 2181 1679 2214 est

155 2237 351 2288 patefacta,
380 2236 525 2286 plenius
554 2236 731 2285 cognosci
758 2237 888 2287 possit.

206 2301 294 2338 Vita
330 2306 477 2338 aeterna
504 2299 550 2337 ad
588 2313 654 2337 nos
690 2301 729 2337 in
765 2301 884 2351 primo
923 2306 1050 2339 nostro
1087 2301 1324 2352 progenitore
1360 2302 1519 2350 Adamo,
1554 2305 1679 2355 prius-

156 2378 268 2416 quam
303 2369 503 2415 peccasset,
534 2364 755 2415 pertinebat,
790 2370 972 2415 quatenus
999 2366 1062 2403 ille
1097 2366 1246 2416 quidem
1274 2367 1310 2404 in
1341 2367 1583 2406 similitudine
1614 2370 1679 2407 Dei

157 2429 328 2467 conditus
369 2433 446 2466 erat
477 2430 519 2476 ¹),
555 2432 706 2466 sanctus
743 2429 915 2467 videlicet
951 2443 994 2467 ac
1021 2430 1179 2478 im-(fol.
1207 2432 1463 2477 49²¹)mortalis
1492 2433 1679 2484 vitamque

158 2494 322 2531 victurus
350 2497 550 2537 aeternam,
578 2492 609 2529 si
637 2506 713 2530 non
741 2493 813 2530 sibi
838 2493 994 2544 ipsemet
1030 2507 1094 2547 per
1132 2508 1235 2531 suam
1262 2495 1557 2534 inobedientiam
1581 2511 1678 2535 mor-

156 2565 229 2598 tem
257 2564 443 2597 aeternam
472 2558 724 2595 acccrsivisset
751 2558 795 2605 ‘·').
833 2559 879 2596 In
905 2559 1006 2596 illius
1034 2559 1133 2596 enim
1159 2560 1297 2598 lumbis
1324 2559 1397 2598 iam
1426 2565 1504 2598 tum
1533 2575 1677 2601 eramus

156 2637 297 2670 omnes,
332 2628 387 2667 ut,
423 2636 514 2674 quae
549 2623 650 2660 illius
687 2627 773 2659 ante
806 2628 996 2673 peccatum
1034 2628 1152 2670 erant,
1188 2634 1314 2662 nostra
1351 2639 1496 2676 quoque
1550 2628 1675 2666 futura

156 2689 295 2726 fuerint
321 2689 458 2732 omnia,
486 2687 798 2738 quemadmodum
822 2692 858 2725 et
885 2701 995 2734 nunc,
1012 2701 1105 2738 quae
1132 2694 1217 2739 post
1233 2694 1423 2740 peccatum
1445 2691 1545 2728 illius
1562 2698 1679 2739 erant,

158 2758 283 2791 nostra
311 2766 459 2803 quoque
485 2766 563 2790 esse
591 2752 807 2797 etiamnum,
843 2752 943 2803 quod
972 2753 1010 2790 in
1041 2753 1148 2791 nobis
1176 2754 1326 2805 quidem
1354 2761 1422 2801 est,
1447 2756 1614 2794 videmus
1631 2758 1675 2806 3).

201 2881 224 2919 ¹)
250 2880 346 2912 Gene.
371 2880 398 2912 1.
526 2881 551 2918 2)
576 2879 653 2911 Gen.
677 2879 705 2917 2,
730 2879 758 2911 3.
886 2879 911 2919 3)
938 2880 953 2911 1
978 2880 1050 2912 Cor.
1075 2879 1124 2912 15.
1147 2880 1236 2911 Rom.
1265 2880 1292 2912 5.
