1818 3178
767 116 826 144 ar.
857 116 1000 144 iwc'ra.
1573 105 1643 145 503

117 225 251 276 Neque
279 224 340 262 hic
367 223 528 262 aliorum
557 223 764 262 sententias
792 225 1011 271 referemus,
1037 228 1184 264 tantum
1213 224 1305 276 quid
1321 225 1426 263 iuxta
1442 224 1647 276 scripturas

116 287 353 326 sentiendum
380 286 429 324 sit
455 286 586 337 paucis
615 290 651 323 et
678 300 789 338 quam
818 287 1097 338 simplicissime
1123 301 1366 339 exponemus.

167 351 306 390 Paulus
350 350 567 389 servitutem
613 351 710 389 hanc
754 352 914 402 peccati,
957 365 1053 403 quae
1097 351 1208 390 nobis
1251 351 1468 390 adnascitur
1504 350 1645 389 alicubi

113 414 316 460 ἀπειθίαν,
351 419 393 453 ut
428 414 521 460 dixi,
555 415 697 454 alicubi
733 420 946 466 ἁμαρτίαν,
981 416 1075 454 alibi
1113 430 1198 456 vero
1227 415 1441 459 ἀσθένειαν
1469 417 1646 468 appellat.

112 480 232 518 Docet
269 492 403 530 corpus
439 484 611 518 nostrum
650 480 827 519 seminari
863 484 903 522 ἐν
940 484 1146 533 ἀσθενείᾳ.
1198 481 1319 520 Docet
1346 495 1416 520 nos
1446 482 1645 520 conclusos

111 556 190 582 esse
225 543 296 581 sub
329 541 523 584 ἀπειθίαν
549 548 586 582 et
613 548 824 595 ἁμαρτίαν,
849 545 1054 584 excludens
1081 545 1235 584 interim
1261 559 1282 584 a
1312 547 1422 584 nobis
1451 551 1647 597 πονηρίαν,

111 620 225 658 quam
259 607 408 658 proprie
444 608 632 647 Sathanae
657 608 792 647 tribuit
825 609 1010 660 scriptura
1038 616 1074 647 et
1101 609 1148 647 iis
1176 610 1241 661 qui
1268 610 1309 648 in
1336 610 1438 648 illius
1464 610 1643 660 imaginis

111 671 395 724 similitudinem
433 677 647 724 contempto
685 673 766 711 Deo
803 673 991 712 abierunt.
1045 673 1141 712 Eam
1170 687 1258 713 vero
1284 675 1403 726 ipsam
1434 679 1647 725 ἁμαρτίαν.

110 750 222 787 quam
250 737 388 774 Paulus
417 735 609 778 ἀπειθίαν
639 737 717 775 sive
743 735 953 779 ἀσθένειαν
982 741 1104 783 vocat,
1131 742 1168 776 et
1194 739 1375 790 propheta
1403 741 1490 787 (18)
1512 739 1645 776 Esaias

109 807 146 839 et
179 801 343 839 Ioannes
379 801 552 852 Baptista
588 816 608 839 a
646 802 757 839 nobis
792 802 831 840 in
862 802 1058 840 Christum
1084 803 1310 841 translatam
1338 816 1417 840 esse
1446 808 1646 849 testantur,

111 879 188 903 non
225 869 264 903 ut
299 865 411 903 nobis
448 879 527 904 non
563 866 725 917 amplius
762 865 975 911 adhaereat,
1012 866 1076 904 sed
1113 879 1160 905 ne
1188 880 1251 918 per
1277 867 1381 905 illam
1412 868 1646 911 damnemur,

110 935 353 980 posteaquam
390 928 496 967 illam
534 929 710 968 Christus
745 930 785 968 in
812 943 881 968 suo
910 943 1067 981 corpore
1094 931 1274 982 expiavit.
1329 931 1378 968 Et
1407 931 1545 969 Paulus
1573 931 1645 969 ait:

111 993 303 1031 Christum
338 1005 406 1044 pro
433 993 696 1044 peccatoribus
725 998 917 1032 mortuum
945 1007 1038 1039 esse,
1064 995 1131 1045 qui
1159 995 1311 1046 quidem
1339 994 1481 1032 infirmi
1508 1001 1646 1038 essent,

109 1065 222 1108 atque
249 1062 358 1096 vocat
383 1057 472 1096 illos
500 1057 652 1108 quidem
679 1058 870 1103 inimicos,
895 1063 1006 1096 vocat
1033 1062 1070 1096 et
1095 1058 1248 1109 impios,
1273 1058 1337 1096 sed
1366 1072 1443 1096 non
1471 1059 1656 1110 protinus

109 1127 334 1174 ,9-εοστυγῆς
369 1123 453 1169 erit,
489 1123 556 1173 qui
591 1122 662 1161 Dei
696 1122 875 1161 inimicus
910 1122 1063 1167 dicitur,
1099 1137 1221 1174 neque
1256 1124 1345 1161 item
1384 1127 1548 1173 πονηρός
1575 1129 1646 1167 est.

108 1187 279 1238 quisquis
312 1188 450 1239 impius
479 1191 648 1226 vocatur.
703 1187 893 1224 Dicuntur
920 1186 1066 1224 inimici
1096 1189 1193 1228 καθ’
1224 1191 1444 1237 ὑστέρησιν,
1471 1189 1536 1238 qui
1564 1201 1643 1225 non

110 1259 248 1299 amant,
281 1257 318 1290 et
345 1252 464 1303 impii,
501 1252 567 1303 qui
605 1265 682 1290 non
718 1252 876 1290 omnino
912 1255 1000 1290 sunt
1034 1251 1102 1303 pii,
1135 1265 1211 1303 quo
1249 1264 1362 1290 sensu
1389 1251 1529 1289 Paulus
1556 1265 1645 1290 sane

108 1316 281 1354 inimicos
310 1316 380 1355 Dei
408 1321 444 1355 et
470 1316 608 1367 impios
635 1320 757 1361 vocat,
784 1329 853 1367 pro
879 1315 1017 1367 quibus
1045 1316 1221 1354 Christus
1248 1322 1304 1354 est
1334 1320 1516 1362 mortuus,
1543 1317 1645 1367 quod

112 1381 229 1418 Deum
257 1393 341 1419 vere
367 1393 486 1432 neque
514 1384 685 1418 amarent
711 1393 830 1431 neque
857 1380 1023 1418 colerent
1050 1393 1095 1417 ac
1121 1393 1169 1417 ne
1194 1384 1348 1431 possent
1365 1380 1516 1430 quidem
1531 1393 1644 1431 prop-

107 1451 162 1484 ter
196 1445 373 1484 adnatam
405 1445 676 1490 infirmitatem,
711 1445 748 1484 h.
778 1458 824 1490 e.,
859 1445 1004 1496 peccati
1038 1444 1271 1484 servitutem.
1324 1444 1480 1495 Alioqui
1516 1445 1644 1483 nullus

109 1511 324 1549 mortalium
358 1510 511 1562 periret,
547 1523 632 1548 cum
669 1513 795 1548 tamen
823 1509 896 1547 Dei
923 1522 1052 1548 osores
1079 1513 1116 1547 et
1143 1509 1360 1547 voluntario
1388 1513 1542 1565 peccato
1572 1510 1644 1549 ob-

109 1576 244 1614 noxios
279 1576 418 1614 Paulus
455 1576 536 1626 ipse
571 1579 609 1613 et
644 1574 811 1613 Ioannes
847 1578 959 1625 atque
986 1573 1079 1612 adeo
1109 1574 1287 1614 Christus
1317 1575 1503 1613 Dominus
1531 1575 1644 1613 etiam

107 1641 155 1678 ab
191 1641 297 1679 omni
330 1640 453 1690 gratia
489 1639 679 1678 excludat.
735 1639 798 1677 Sic
833 1643 870 1677 et
905 1638 1029 1677 David
1070 1639 1249 1677 morbum
1283 1653 1348 1677 seu
1383 1639 1643 1678 infirmitatem

108 1708 278 1743 nostram
313 1704 439 1742 sanari
475 1704 585 1742 docet
623 1707 659 1741 et
685 1703 792 1741 addit
818 1716 967 1741 omnem
995 1703 1184 1750 morbum,
1210 1703 1384 1741 arborem
1411 1703 1531 1755 ipsam
1559 1717 1643 1742 cum

105 1769 283 1807 omnibus
318 1768 507 1807 fructibus
542 1769 619 1806 suis
647 1770 970 1819 complectentem,
995 1767 1033 1806 h.
1063 1780 1109 1813 e.‚
1134 1769 1280 1819 peccati
1308 1768 1527 1807 servitutem
1557 1782 1641 1807 cum

105 1833 268 1885 peccatis
312 1833 504 1878 omnibus,
547 1846 657 1884 quae,
695 1837 740 1870 ut
772 1845 885 1883 supra
920 1832 1064 1870 dictum
1101 1836 1169 1878 est,
1205 1833 1367 1870 venialia
1395 1834 1643 1884 appellamuS.

108 1898 308 1937 Quatenus
342 1898 460 1948 igitur
494 1910 560 1949 per
595 1911 680 1935 eum
706 1897 884 1935 morbum
910 1897 1022 1935 nobis
1047 1897 1229 1936 adnatum
1258 1911 1343 1936 vere
1370 1898 1450 1936 Deo
1479 1899 1644 1943 credere,

105 1977 172 2014 pro
209 1976 252 2002 eo
278 1976 323 2001 ac
350 1963 544 2009 debemus,
573 1975 651 2000 non
678 1975 892 2013 possumus„
919 1961 1104 2000 hactenus
1130 1974 1199 2013 pro
1227 1963 1469 2001 credentibus
1497 1963 1540 2001 in
1567 1963 1640 2002 Dei

105 2029 248 2067 iudicio
283 2029 359 2066 iam
387 2040 582 2066 censemur
609 2031 763 2078 propter
790 2026 996 2070 Christum,
1022 2039 1088 2078 per
1114 2040 1225 2078 quem
1252 2032 1359 2079 pater
1387 2028 1490 2066 Deus
1518 2032 1640 2067 totum

106 2093 209 2132 hunc
244 2092 420 2131 morbum
456 2096 626 2131 nostrum
662 2104 730 2143 pro
759 2104 825 2130 sua
852 2091 928 2129 iam
954 2091 1214 2129 misericordia
1243 2092 1402 2138 sanavit,
1429 2092 1508 2131 sive
1534 2092 1643 2130 illum

104 2156 298 2199 ἀπειθὶκν
326 2157 404 2196 sive
431 2156 630 2208 ἁμαρτίαὲν
657 2159 723 2194 aut
742 2153 953 2197 ἀσθένειαν
976 2155 1054 2194 sive
1073 2153 1171 2196 Μεθ’
1194 2159 1400 2206 ὑστέρησιν
1419 2156 1490 2194 Dei
1511 2156 1642 2195 inimi·

104 2223 231 2261 citiam
266 2228 331 2261 aut
366 2222 598 2273 impietatem
635 2234 823 2259 vocemus.
878 2220 1077 2259 Quatenus
1117 2233 1207 2258 vero
1242 2221 1368 2258 morbi
1397 2221 1507 2260 huius
1536 2227 1643 2273 septa

103 2287 342 2337 transgressi,
377 2287 494 2325 nimia
522 2289 765 2338 peccatorum
792 2288 1008 2323 nostrorum
1036 2285 1275 2334 indulgentia
1303 2286 1344 2323 in
1373 2286 1562 2325 Sathanae
1590 2288 1642 2325 si-

103 2351 357 2390 militudinem
392 2364 457 2403 per
495 2354 750 2401 contemptum
787 2354 824 2388 et
850 2350 979 2388 odium
1006 2349 1078 2388 Dei
1105 2351 1434 2395 transformamur,
1460 2351 1642 2391 hactenus

103 2429 174 2454 nos
208 2415 282 2467 ipsi
316 2429 337 2454 a
372 2415 512 2453 divinis
550 2414 866 2467 promissionibus
904 2414 1120 2466 Christique
1155 2414 1256 2453 dono
1292 2416 1540 2460 excludimus,
1574 2417 1640 2468 qui

102 2481 341 2519 infirmitates
369 2480 552 2519 duntaxat
579 2484 728 2518 nostras
755 2479 912 2531 suscipit
938 2483 974 2518 et
1000 2480 1156 2518 morbos
1181 2480 1360 2531 portavit,
1381 2485 1637 2533 contemptum

103 2545 161 2584 sui
196 2545 412 2583 hauddubie
439 2557 517 2583 non
544 2544 722 2596 portavit.
772 2544 891 2582 Porro
920 2556 1005 2582 cum
1031 2543 1232 2595 promissio
1259 2557 1392 2583 omnes
1416 2544 1458 2583 in
1484 2546 1635 2584 univer·

102 2623 182 2648 sum
229 2609 396 2648 omnium
433 2610 604 2659 gentium
637 2609 810 2647 homines
851 2609 1134 2660 complectatur,
1171 2622 1255 2647 cum
1294 2609 1430 2648 Esaias
1465 2611 1632 2649 omnium

101 2678 271 2713 nostrum
307 2674 390 2713 sine
420 2673 640 2725 exceptione
667 2673 888 2725 iniquitates
915 2686 982 2712 seu
1009 2673 1163 2712 morbos
1189 2673 1230 2711 in
1258 2674 1448 2713 Christum
1475 2689 1496 2712 a
1525 2675 1635 2713 nobis

100 2739 316 2783 translatos,
351 2744 387 2777 et
422 2739 544 2777 David
578 2739 668 2777 item
706 2751 835 2776 omnes
871 2738 984 2776 etiam
1010 2739 1247 2778 infirmitates
1277 2744 1423 2778 nostras
1452 2740 1533 2778 sine
1560 2740 1634 2777 dis-

100 2803 256 2842 crimine
292 2804 369 2842 ullo
406 2809 554 2843 sanatas
590 2817 670 2842 esse
707 2808 903 2850 testentur,
937 2809 1127 2855 praeterea
1163 2817 1245 2843 cum
1275 2805 1439 2842 Ioannes
1469 2804 1635 2855 baptista

101 2867 291 2908 Christum
329 2882 464 2919 agnum
504 2868 609 2907 illum
645 2880 725 2907 esse
761 2868 904 2913 doceat,
931 2868 995 2919 qui
1024 2868 1060 2906 in
1091 2883 1128 2907 se
1157 2869 1230 2907 iam
1261 2867 1457 2920 recepisset
1485 2881 1633 2907 omnem
