1818 3178
1565 63 1637 101 311

1228 173 1364 224 pressis
1374 172 1559 210 docemus.
1566 172 1631 210 Ait

1233 251 1292 276 me
1306 238 1431 275 locum
1447 238 1630 275 Christia-

1230 316 1299 340 nae
1315 306 1464 340 nostrae
1475 314 1631 339 conver·

1229 367 1384 405 sationis
1426 366 1630 404 constitue-

1229 444 1268 469 re
1329 430 1631 469 solummodo

105 514 251 540 sursum
296 513 407 551 supra
441 498 559 537 nubes
595 502 630 536 et
666 510 743 535 non
779 497 818 534 in
855 500 964 541 terra,
999 499 1034 533 et
1070 495 1174 533 addit
1213 495 1256 533 de
1297 508 1363 533 suo
1402 494 1628 533 exclusivam

103 566 207 603 illam
243 577 372 603 vocem
408 561 727 608 solummodo,
762 566 804 598 ut
839 554 1062 598 calumniam
1108 559 1275 596 odiosius
1310 559 1493 597 intendat.
1547 558 1628 608 Ego

107 630 242 668 diserte
275 628 316 667 in
341 641 418 666 uno
445 627 647 678 eodemque
675 625 890 663 Christiano
919 623 1070 661 homine
1097 623 1283 674 duplicem
1311 623 1629 661 conversationem

118 694 308 738 mustium,
352 693 519 738 alteram,
564 704 658 742 quae
695 690 742 727 sit
779 701 954 727 sensuum
990 694 1216 733 nostrorum,
1252 688 1419 733 alteram,
1456 700 1548 737 quae
1584 687 1633 724 sit

117 757 205 798 idei.
248 759 297 796 Et
326 771 408 795 cum
435 757 552 795 Paulo
580 755 764 807 Apostolo
793 753 921 798 doceo,
948 757 990 790 ut
1016 757 1125 790 antea
1154 752 1312 794 ostendi.
1341 765 1515 789 sensuum
1543 765 1633 790 eon·

117 824 316 862 Vtrsatione
351 823 414 860 hic
448 835 517 860 nos
552 821 592 858 in
628 819 738 858 terris
774 818 871 855 eirca
907 830 949 855 ea
976 818 1117 855 versari
1144 821 1180 855 et
1207 831 1248 854 ea
1276 817 1460 854 duntaxat
1485 817 1634 861 intueri,

116 899 200 937 quae
227 888 289 925 hic
315 888 426 925 etiam
454 886 491 924 in
520 886 627 924 terris
655 887 718 925 διὰ
746 887 869 929 ε’ίδους
896 882 1106 935 praesentia
1135 882 1305 920 sensibus
1334 881 1472 919 nostris
1495 882 1634 932 percipi

115 957 275 1002 pessunt,
300 952 388 990 fidei
414 964 500 989 vero
530 950 813 988 conversatione
840 961 909 987 nos
938 947 1076 986 versari
1102 948 1143 984 in
1172 947 1295 992 coelis,
1324 946 1529 984 collocatos
1556 947 1634 983 illic

115 1016 156 1053 in
174 1019 323 1056 Christo
349 1030 415 1069 per
441 1016 551 1053 fidem
579 1015 624 1052 ad
654 1015 843 1052 dexteram
870 1013 991 1051 Patris
1019 1012 1089 1050 Dei
1111 1013 1153 1060 ¹).
1182 1011 1346 1060 Erinnys
1371 1016 1492 1049 autem
1512 1011 1636 1048 West-

117 1082 253 1132 phdjca
288 1084 411 1133 fingit,
446 1082 590 1119 adiecta
623 1080 812 1118 exclusiva
841 1092 930 1116 voce
959 1091 1023 1115 sua
1052 1077 1381 1122 solummodo,
1408 1077 1551 1114 nullum
1580 1090 1638 1113 me

120 1146 180 1183 hic
204 1148 243 1186 in
277 1147 385 1184 terris
419 1147 545 1183 locum
573 1144 785 1196 permittere
813 1142 1046 1180 Christianae
1076 1141 1365 1184 conversationi,
1392 1140 1499 1191 quasi
1527 1141 1637 1178 Chri-

119 1211 230 1250 stiam
266 1210 498 1249 conversatio
527 1214 562 1247 et
590 1221 766 1246 sensuum
794 1207 905 1245 simul
933 1211 969 1244 et
996 1206 1083 1243 fidei
1113 1205 1398 1253 conversa-(fol.
1429 1205 1637 1252 68)ti0nem

118 1275 159 1312 in
196 1289 233 1313 se
250 1290 327 1315 non
356 1276 632 1325 complectatur,
659 1273 806 1311 etiamsi
833 1272 923 1309 fides
952 1272 1049 1308 circa
1078 1284 1119 1308 ea
1148 1275 1331 1315 versatur,
1359 1283 1379 1307 a
1409 1269 1547 1320 quibus
1576 1273 1640 1310 διὰ

118 1343 242 1388 εἴδους
270 1340 562 1392 peregrinamur,
589 1338 780 1383 nimirum,
806 1350 901 1387 quae
927 1337 1052 1373 futura
1081 1335 1205 1372 adhuc
1231 1335 1346 1385 inque
1374 1347 1437 1385 spe
1464 1334 1543 1385 ipsa
1571 1347 1639 1385 po-

120 1406 199 1452 sita,
234 1411 326 1444 certa
359 1404 510 1443 interim
544 1403 682 1441 fiducia
717 1402 757 1440 in
786 1402 934 1439 Christo
972 1400 1150 1443 Domino,
1187 1398 1341 1450 perinde
1368 1402 1480 1449 atque
1507 1399 1538 1435 si
1564 1398 1639 1435 iam

117 1471 316 1521 praesentia
342 1484 382 1508 re
406 1469 487 1520 ipsa
515 1472 649 1510 essent,
676 1467 907 1519 possidemus
926 1469 971 1513 ²).
1011 1465 1083 1502 Sed
1112 1464 1206 1501 male
1235 1463 1349 1501 habet
1380 1462 1637 1514 Westphalum

119 1533 248 1571 tradita
275 1533 366 1570 haee
393 1546 414 1570 a
440 1532 554 1569 Paulo
583 1529 813 1582 praesentiae
840 1528 927 1566 fidei
953 1528 1062 1572 ratio,
1090 1540 1184 1578 quae
1209 1526 1347 1563 realem
1364 1526 1467 1563 illam
1488 1526 1526 1563 in
1546 1538 1643 1576 pane

121 1599 257 1637 coenae
285 1598 450 1649 corporis
479 1596 619 1634 Christi
645 1595 892 1646 praesentiam
919 1593 1091 1631 funditus
1122 1592 1322 1630 subvertit.
1377 1592 1511 1642 Itaque
1537 1592 1645 1628 fana-

119 1661 225 1699 ticam
257 1662 337 1699 vult
373 1660 502 1706 videri,
539 1673 585 1698 ne
612 1659 646 1696 ei
673 1658 820 1696 Helena
849 1670 915 1694 sua
942 1660 1079 1707 pereat,
1107 1655 1362 1693 delitescentia
1389 1655 1544 1705 iuquam
1571 1667 1637 1691 sua

123 1725 282 1777 cci-poris
317 1729 353 1763 et
390 1724 585 1774 sanguinis
623 1722 763 1760 Christi
799 1722 839 1759 in
869 1722 1014 1758 Coeuae
1052 1720 1257 1766 elementis,
1282 1732 1351 1770 pro
1379 1732 1451 1769 qua
1478 1719 1541 1756 ille
1570 1718 1642 1755 sibi

123 1789 235 1828 dmuo
264 1803 348 1828 cum
375 1789 451 1827 suis
480 1787 771 1840 depugnandum
798 1786 837 1823 in
866 1785 1048 1823 furiarum
1076 1797 1227 1822 suarum
1252 1784 1411 1833 gratiam
1441 1783 1642 1834 omniaque

123 1868 259 1893 susum
286 1868 329 1893 ac
357 1854 529 1892 deorsum
557 1850 814 1904 permiscenda
842 1864 921 1888 esse
947 1850 1104 1901 putavit.
1132 1849 1193 1886 Ad
1220 1849 1362 1899 reliqua
1389 1848 1500 1898 hujus
1528 1849 1642 1885 Para-

117 1920 247 1972 gmphi
272 1919 454 1971 proximis
480 1918 555 1955 iam
585 1916 730 1955 duobus
758 1914 1007 1966 Paragraphis
1035 1913 1184 1951 abunde
1214 1926 1281 1951 nos
1309 1912 1548 1964 respondisse
1575 1925 1641 1950 ex-

115 1983 335 2023 istimamus.

619 2049 681 2084 28.
1263 2042 1395 2079 Ioan.
1423 2040 1446 2079 ὲ,
1473 2041 1642 2079 Lasco.

492 2109 817 2161 WestphaluS.
1308 2104 1396 2142 Tria
1441 2104 1502 2141 hic
1546 2104 1641 2142 mihi

166 2181 213 2218 In
240 2178 413 2227 Epistola
441 2177 584 2224 scripta
613 2176 666 2211 acl
691 2186 813 2222 reqem
841 2171 1025 2210 Polonz‘ae
1047 2171 1192 2208 Laseus
1243 2170 1408 2207 intentat
1473 2168 1640 2218 Erinnys

122 2251 240 2294 weyat,
266 2245 358 2280 ullos
386 2241 533 2278 omnino
555 2240 683 2287 sontes
712 2238 921 2286 corporalis
943 2235 1182 2284 praesentiae
1235 2232 1503 2283 westphalica.
1578 2233 1642 2270 sed

120 2310 256 2348 Christi
281 2309 318 2345 z'n
346 2318 460 2344 coena
491 2311 617 2341 extare
638 2303 894 2351 inscriptura.
925 2302 1036 2338 Nunc
1060 2306 1189 2337 contra
1242 2310 1402 2348 quorum
1440 2297 1546 2348 culpa
1584 2311 1642 2334 me

116 2374 255 2416 scribit,
307 2384 344 2408 se
388 2370 622 2417 corporalem
663 2367 918 2416 praesentium
967 2364 1104 2401 Christi
1147 2365 1183 2399 in
1237 2375 1386 2399 rursum
1411 2362 1566 2412 ipsemet
1592 2362 1640 2399 li-

116 2452 231 2477 coe‘na
266 2448 457 2484 nunquam
494 2444 662 2481 neqasse.
717 2431 897 2477 Affirmat
929 2435 1126 2478 praeterea
1155 2440 1192 2464 se
1245 2426 1363 2471 berat,
1380 2429 1424 2463 ut
1443 2426 1481 2463 in
1494 2426 1644 2476 coipso,

119 2513 322 2551 agnoscere
359 2506 391 2536 et
426 2510 569 2546 semper
608 2496 816 2544 aynovisse,
854 2494 1037 2532 Christum
1065 2493 1196 2529 Domi·
1248 2490 1348 2541 quod
1378 2489 1471 2527 mihi
1501 2490 1644 2527 adseri-

119 2580 201 2604 rmm
239 2578 321 2602 vere
357 2576 404 2600 ae
439 2561 729 2599 substantialiter
765 2571 856 2595 suae
885 2570 1020 2594 coenae
1050 2558 1192 2593 adesse.
1246 2554 1642 2605 bit‚semetipsu1ni1n-

121 2633 165 2671 Si
199 2632 285 2668 solis
320 2628 439 2666 verbis
476 2625 660 2667 intendas,
695 2623 892 2660 miraberis
928 2622 1107 2658 hominem
1137 2621 1192 2657 vel
1242 2619 1418 2670 pudentis
1460 2619 1643 2656 mentien-

117 2708 240 2733 secum
263 2704 449 2743 puynare,
478 2692 580 2738 eique
609 2701 689 2725 cum
715 2687 922 2735 fraterculo
949 2698 1015 2723 suo
1039 2684 1191 2722 Calvino
1247 2683 1284 2721 di
1313 2681 1639 2732 ealumniandique

162 2821 187 2860 ¹)
210 2819 326 2861 Ephes.
350 2817 379 2849 3.
423 2815 528 2847 colos.
551 2815 580 2847 3.
707 2814 733 2852 ²)
757 2812 776 2843 2
799 2811 872 2844 Cor.
898 2811 925 2842 5.
969 2810 1067 2842 Hebr.
1091 2809 1140 2841 11.
