1818 3178
496 127 549 153 DE
577 127 858 155 saanMssNris
887 127 1103 154 accensus
1130 126 1310 153 cHRIsTI.
1593 116 1664 154 127

147 227 216 265 hac
243 230 371 265 nostra
395 227 593 275 usur-(fol.
624 229 878 280 14¹³)pation03
905 242 1005 275 nam,
1032 229 1096 280 qui
1122 229 1160 267 in
1191 240 1323 266 caenae
1352 225 1571 264 Dominicac
1599 226 1668 263 Sa-

149 293 337 327 cramento
370 288 812 328 transubstantiationem
847 290 1049 334 somniant,
1084 290 1254 328 adimunt
1292 292 1435 339 partem
1460 300 1574 324 unam
1602 288 1670 323 Sa-

149 358 350 399 cramento,
384 367 514 405 nempe
550 355 722 403 signum:
754 358 871 408 ipsam
909 357 1062 407 inquam
1097 356 1205 407 panis
1233 355 1468 398 fractionem,
1505 354 1593 391 dum
1619 353 1672 397 id,

148 418 248 468 quod
282 418 322 456 in
359 431 471 456 caena
506 420 704 469 frangitur,
731 435 860 469 panem
891 435 970 460 esse
999 427 1147 471 negent,
1173 426 1283 471 atquc
1309 421 1362 458 ita
1390 420 1532 458 violant
1559 422 1669 456 natu-

148 496 227 520 ram
255 483 486 520 Sacramenti
512 483 550 522 in
581 498 708 524 caena.

199 547 375 591 Rursum,
411 548 474 598 qui
509 549 557 586 ab
592 549 716 600 impiis
754 551 992 589 Sacramenta
1027 551 1168 601 percipi
1195 550 1329 588 docent
1356 554 1391 588 et
1417 550 1456 587 in
1485 562 1574 587 voce
1604 550 1672 586 Sa-

148 611 328 648 cramenti
370 613 515 650 nullum
557 613 704 651 schema
751 627 953 664 agnoscere
988 615 1141 658 volunt,
1182 614 1314 651 horum
1351 626 1498 664 quoque
1537 613 1673 651 erroris

148 674 271 712 fontes
306 675 346 712 in
383 683 508 714 nostra
546 678 786 728 usurpatione
822 678 1048 716 indicantur.
1118 677 1172 714 Hi
1209 678 1329 720 enim,
1373 678 1461 715 dum
1497 677 1673 727 mysteria

149 752 231 776 cum
282 739 399 789 signis
444 741 483 778 in
531 743 769 780 Sacramento
818 743 1058 779 commiscent
1104 755 1148 778 ao
1194 742 1451 785 confundunt,
1501 746 1673 779 naturam

147 803 258 840 etiam
298 804 623 842 Sacrainentorum
668 806 829 848 violant,
873 805 912 843 in
956 806 1091 856 quibus
1126 805 1267 856 alioqui
1303 806 1473 843 caelestia
1507 806 1675 856 ipsorum

148 868 323 917 mysteria
369 882 453 906 cum
496 869 613 918 signis
657 869 893 907 terrestribus
938 882 1014 907 non
1059 883 1147 907 sane
1183 870 1469 907 commiscentur
1514 871 1674 907 confun-

149 930 344 975 dunturvc,
387 938 426 970 ut
462 933 509 970 ab
548 933 705 970 invicem
740 933 899 971 discerni
936 946 1011 971 non
1040 933 1210 984 possint,
1237 933 1301 970 sed
1328 933 1486 984 spiritali
1513 933 1675 984 quodam

148 1008 246 1033 nexu
274 997 564 1046 coniunguntur,
597 997 661 1046 qui
689 997 841 1034 nonnisi
867 997 914 1035 ad
942 996 1126 1048 spiritales
1154 997 1266 1035 etiam
1293 997 1463 1035 homines
1491 998 1676 1048 pertinere

149 1065 284 1110 potest.

200 1125 393 1163 Praeterea
419 1130 455 1164 et
481 1127 616 1164 erroris
644 1126 793 1164 illorum
822 1126 945 1163 fontes
973 1125 1013 1163 in
1041 1130 1169 1163 nostra
1187 1125 1419 1163 Sacramenti
1437 1125 1677 1176 usurpatione

148 1190 408 1236 ostenduntur,
451 1191 516 1241 qui
552 1192 659 1241 signa
696 1191 979 1229 sacramentalia
1015 1191 1066 1236 id,
1102 1191 1202 1242 quod
1238 1191 1467 1241 significant,
1502 1191 1677 1229 exhibere

149 1254 258 1292 nobis
294 1255 404 1292 etiam
442 1255 587 1293 docent.
644 1255 697 1292 Hi
733 1255 846 1302 enim,
882 1255 984 1306 quod
1017 1256 1133 1293 totius
1170 1260 1236 1301 est,
1270 1256 1338 1293 uni
1373 1256 1554 1293 duntaxat
1579 1255 1676 1306 parti

147 1320 335 1366 tribuunt3
373 1323 409 1357 et
445 1320 592 1358 nullum
627 1319 777 1357 interim
807 1319 1074 1370 Synecdoehae
1103 1333 1211 1357 usum
1237 1320 1277 1357 in
1306 1334 1372 1357 sua
1400 1320 1470 1357 hac
1498 1319 1676 1367 doc-(fol.

149 1383 331 1430 15²²)trina
375 1396 577 1432 agnoscere
623 1384 766 1422 volunt.
821 1384 953 1434 Neque
998 1384 1059 1421 hic
1094 1397 1157 1422 eos
1193 1385 1362 1421 sublevat
1400 1383 1678 1433 Augustiniana

148 1447 378 1485 Sam-amenti
403 1449 614 1499 usurpati03
657 1461 742 1486 nam
777 1447 810 1486 is
836 1448 875 1486 in
905 1461 971 1486 sua
997 1448 1212 1486 istiusmodi
1240 1448 1481 1499 usurpatione
1508 1447 1679 1497 agnoscit

149 1511 451 1562 Synecdocham,
485 1512 573 1551 dum
602 1513 702 1556 ¹alibi
740 1514 979 1551 Sacramenta
1015 1512 1132 1561 signis
1169 1526 1257 1550 sane
1285 1513 1441 1559 diversa,
1477 1526 1516 1550 re
1543 1517 1678 1558 autem,

146 1575 224 1614 sive
258 1576 449 1626 mysterio,
487 1581 550 1615 aut
587 1577 734 1622 virtute,
769 1576 873 1628 paria
907 1577 1109 1627 eademque
1136 1590 1215 1614 esse
1243 1577 1363 1622 docet,
1389 1580 1426 1614 et
1454 1577 1611 1628 proinde
1638 1577 1677 1615 in

148 1641 388 1679 Sacvamento
423 1645 460 1679 et
496 1641 644 1691 signum
681 1641 792 1679 simul
828 1645 864 1680 et
892 1643 1108 1692 mysterium
1136 1641 1321 1691 agnoscit,
1362 1642 1677 1692 quemadmodum

147 1709 256 1743 antea
284 1718 433 1756 quoque
462 1705 602 1744 dictum
631 1710 700 1745 est.

200 1770 349 1820 Duplici
375 1771 491 1819 igitur
518 1771 671 1809 nomine
699 1771 884 1809 utiliorem
913 1771 1065 1822 reliquis
1093 1784 1173 1809 esse
1201 1771 1367 1809 videmus
1392 1775 1561 1809 nostram
1582 1770 1679 1808 hanc

150 1834 381 1872 sacramenti
417 1836 709 1886 usurpationem,
744 1848 878 1887 nempe
905 1836 1005 1886 quod
1031 1849 1097 1887 per
1123 1849 1205 1874 eam
1233 1836 1351 1873 multa
1376 1835 1559 1873 tollantur
1587 1835 1678 1872 doc-

148 1897 269 1935 trinae
296 1897 469 1943 dissidia,
496 1903 532 1936 et
559 1899 682 1937 fontes
710 1899 822 1937 etiam
850 1900 1053 1937 multorum
1081 1913 1246 1937 errorum
1273 1899 1500 1938 indicentur.

202 1961 314 1999 Quod
355 1965 478 1999 autem
512 1966 687 2000 naturam
721 1976 765 2001 ac
791 1963 867 2000 vim
894 1963 1062 2001 omnium
1090 1968 1408 2001 sacramentorum
1436 1963 1615 2014 explicet,
1640 1960 1680 1998 id

149 2026 189 2063 in
216 2038 259 2063 eo
287 2025 397 2063 facile
423 2026 627 2076 apparebit,
654 2027 756 2077 quod
785 2027 943 2077 singulis
972 2029 1213 2066 sacramentis
1238 2028 1287 2066 ad
1311 2040 1426 2065 unum
1443 2027 1677 2078 eundemque

149 2089 315 2134 modum,
349 2089 455 2127 iuxta
488 2102 617 2127 eorum
651 2090 942 2137 institutionem,
978 2092 1110 2130 ordine
1153 2104 1221 2129 suo
1257 2091 1436 2142 applicari
1469 2094 1605 2141 potest,
1640 2093 1677 2127 et

149 2154 343 2205 perspicue
379 2154 487 2192 docet
522 2155 647 2192 omnia
684 2160 927 2203 sacramenta,
965 2156 1009 2194 de
1045 2156 1182 2207 quibus
1224 2155 1517 2193 controversiam
1553 2158 1680 2193 extare

151 2219 331 2263 videmus,
366 2232 446 2257 esse
478 2232 597 2257 unum
632 2224 745 2270 atque
778 2220 878 2258 idem
915 2225 1202 2268 sacramentum,
1239 2221 1339 2271 quod
1367 2221 1413 2258 ad
1442 2220 1617 2258 virtutem
1643 2223 1680 2258 et

151 2284 371 2334 mysterium
397 2284 547 2322 illorum
573 2284 728 2331 attinet;
756 2284 829 2322 nisi
855 2285 955 2336 quod
983 2285 1054 2323 alia
1083 2286 1127 2323 de
1154 2289 1312 2323 venturo
1340 2285 1474 2329 adhuc,
1500 2285 1571 2322 alia
1592 2297 1678 2322 vero

153 2349 198 2387 de
224 2349 391 2387 exhibito
418 2348 495 2386 iam
517 2349 666 2386 Christo
689 2349 851 2387 Domino
870 2350 1132 2389 testificantur.
1163 2350 1271 2388 Quae
1289 2363 1359 2396 res,
1386 2354 1567 2400 quantum
1586 2349 1681 2386 lucis

153 2412 311 2459 adferat,
347 2412 394 2450 ad
422 2425 546 2450 veram
573 2417 893 2451 sacramentorum
922 2414 1187 2463 cognitionem,
1212 2413 1252 2451 id
1279 2414 1427 2452 facilius
1454 2413 1571 2451 videri
1596 2417 1681 2464 pot-

153 2478 223 2516 erit
258 2478 299 2516 in
326 2477 437 2516 unius
472 2478 558 2526 (fol.
588 2478 673 2525 15¹2)
702 2481 814 2528 atque
848 2478 1013 2516 eiusdem
1038 2478 1207 2528 mysterii
1233 2478 1401 2516 omnium
1429 2482 1680 2516 sacramento-

153 2554 237 2579 rum
264 2541 528 2592 explicatione,
554 2545 591 2580 et
621 2541 857 2591 singulorum
883 2542 981 2580 inter
1009 2555 1087 2580 sese
1114 2546 1431 2581 sacramentorum
1458 2542 1589 2580 ordine
1616 2552 1682 2578 suo

158 2606 372 2645 collatione.

208 2671 298 2709 Non
325 2676 462 2709 temere
489 2671 646 2708 facimus
675 2670 802 2720 igitur,
830 2670 861 2708 si
889 2670 985 2708 hanc
1013 2675 1178 2710 nostram
1207 2671 1308 2709 vocis
1336 2671 1558 2709 sacramenti
1574 2681 1683 2708 usur-

156 2735 345 2786 pationem
382 2736 465 2773 aliis
505 2735 680 2773 omnibus
717 2740 999 2786 anteponamus,
1034 2749 1187 2786 eamque
1223 2736 1339 2774 solam
1374 2735 1410 2774 in
1450 2741 1577 2773 nostra
1614 2736 1684 2774 hac

158 2800 380 2838 tractatione
416 2800 641 2851 sequendam
678 2800 786 2837 nobis
823 2812 902 2838 esse
937 2799 1202 2845 existimemus,
1228 2805 1270 2839 ut
1296 2814 1391 2851 quae
1417 2804 1453 2838 et
1480 2800 1682 2851 scriptura-

159 2877 241 2906 rum
268 2865 385 2904 menti
411 2865 514 2904 omni
541 2879 584 2904 ex
611 2869 714 2916 parte
748 2865 981 2916 respondeat,
1017 2865 1184 2917 patribus
1220 2866 1308 2905 item
1343 2866 1540 2916 probetur;
1576 2878 1683 2920 prae-
