1818 3178
1560 93 1631 132 297

108 206 180 253 hic,
207 207 403 245 refutanda
430 207 524 245 mihi
550 220 628 246 non
655 220 775 252 sumn,
802 206 874 244 nisi
902 219 996 257 quae
1023 205 1069 244 ad
1097 219 1155 244 me
1181 204 1365 257 pertinere
1392 203 1511 243 video.
1541 203 1634 241 Non

108 270 207 320 quod
233 271 354 308 facere
380 270 418 307 id
446 284 523 308 non
549 270 691 322 possim
719 271 856 321 (gratia
883 271 931 308 sit
957 270 1153 318 Domino),
1181 270 1243 307 sed
1272 269 1372 320 quod
1399 273 1435 306 et
1456 281 1632 319 compen-

109 334 212 372 dium
247 334 339 372 mihi
376 334 436 371 hic
473 336 724 385 quaerendum
760 349 838 373 esse
864 340 1002 386 putem,
1028 339 1063 373 et
1093 341 1213 372 certus
1243 335 1324 379 sim,
1352 334 1415 371 ina
1442 334 1516 371 iam
1543 333 1633 370 olim

108 399 269 437 refutata
306 412 385 436 esse
420 400 545 436 omnia
581 400 809 450 refutarique
836 400 1038 437 etiamnum
1066 413 1130 450 per
1157 399 1250 436 alios
1278 399 1405 442 multo,
1432 411 1545 448 quam
1571 411 1636 449 per

110 476 179 507 me,
206 468 241 501 et
269 463 416 501 facilius
444 463 515 500 hoc
541 467 706 515 tempore
733 470 768 501 et
795 464 879 512 (fol.
908 467 974 510 44)
1002 464 1114 501 etiam
1143 463 1314 501 foelicius
1342 475 1463 514 posse.
1500 465 1635 511 Agno-

110 539 172 564 sco
210 527 324 576 igitur
360 541 428 576 ego
463 528 589 566 doceri
624 542 645 565 a
681 541 738 566 me
760 529 870 578 juxta
897 541 1007 565 usum
1035 528 1248 578 Scripturae
1276 533 1312 565 et
1339 526 1635 564 orthodoxorum

109 591 261 628 Patrum
302 592 502 630 unaninem
540 605 776 639 consensum,
810 593 849 630 111
888 593 1010 630 verbis
1047 592 1284 643 potissimum
1320 592 1476 635 Coenae,
1502 596 1544 628 ut
1571 603 1637 628 vo-

113 661 210 699 cant,
245 657 428 707 tropicam
464 658 629 708 corporis
666 663 701 695 et
729 657 921 706 sanguinis
950 657 994 694 de
1020 670 1116 708 pane
1143 662 1178 694 et
1207 658 1293 694 vino
1322 657 1636 708 praedicationem

113 734 204 767 esse,
240 721 344 759 iuxta
381 735 494 772 quam
528 722 608 759 11110
644 729 679 759 et
715 722 881 772 corporis
917 727 952 759 et
989 721 1182 769 sanguinis
1216 721 1368 759 nomina
1410 734 1476 772 pro
1511 734 1637 759 eorum

112 785 229 833 signis
265 786 393 835 figuris
431 786 612 836 symbolis
637 791 747 836 atque
774 785 952 836 antitypis
983 785 1152 835 usurpari
1181 785 1277 824 dico.
1330 789 1508 834 Agnosco
1536 786 1637 829 item,

112 849 153 887 in
190 849 322 887 iisdem
361 851 506 888 Coenae
544 851 666 888 verbis
696 850 764 887 sub
794 850 960 900 corporis
989 853 1024 887 et
1053 850 1245 898 sanguinis
1273 852 1425 888 nomine
1452 850 1640 900 designari

113 914 223 952 nobis
269 915 569 953 communionem
614 919 783 952 nostram
830 927 914 952 cum
952 914 1099 952 Christo
1138 915 1300 952 Domino
1338 916 1374 953 in
1415 928 1569 966 corpore
1603 920 1640 953 et

115 979 300 1028 sanguine
337 980 465 1031 ipsius,
502 993 597 1031 quae
632 980 782 1030 quidem
810 979 850 1016 in
879 992 916 1017 se
944 979 1210 1030 complectatur
1237 980 1312 1017 vim
1338 980 1468 1018 merita
1496 986 1531 1018 et
1557 980 1640 1030 glo-

113 1044 207 1081 riam
245 1044 410 1095 corporis
444 1048 480 1082 et
516 1044 710 1093 sanguinis
747 1044 898 1082 Christi.
954 1045 1146 1082 Praeterea
1182 1058 1345 1094 agnosco
1374 1058 1394 1082 a
1421 1058 1480 1082 me
1507 1045 1644 1091 doceri,

116 1119 244 1144 vocem
273 1107 547 1144 communionis
575 1108 672 1158 apud
701 1107 860 1145 Paulum
889 1110 907 1145 1
939 1107 1023 1146 Cor.
1054 1110 1113 1152 10,
1142 1121 1217 1145 non
1245 1108 1417 1159 equidem
1442 1109 1562 1146 active
1579 1121 1642 1146 ac-

117 1171 189 1222 cipi
224 1184 291 1222 pro
338 1171 601 1209 distributione
649 1185 713 1222 per
758 1185 890 1210 manus
926 1172 1102 1217 ministri,
1139 1172 1203 1210 sed
1236 1174 1382 1224 passive
1415 1174 1540 1223 potius
1574 1186 1641 1223 pro

117 1237 294 1274 societate
346 1238 476 1286 jureve
521 1236 651 1274 sociali
694 1237 861 1274 fidelium
908 1238 1077 1274 omnium
1122 1238 1162 1274 111
1199 1251 1352 1288 corpore
1395 1246 1430 1275 et
1465 1238 1645 1287 sanguiue

117 1302 246 1352 ipsius,
281 1302 596 1352 quemadmodum
632 1301 671 1339 id
707 1302 844 1340 Paulus
872 1303 1026 1353 ipsemet
1055 1303 1285 1353 apertissime
1314 1309 1349 1341 et
1375 1304 1498 1341 verbis
1528 1304 1644 1341 diser-

117 1367 164 1403 tis
190 1365 281 1411 illic,
309 1370 343 1403 et
369 1366 449 1416 ipsa
477 1367 587 1404 etiam
615 1366 865 1404 rationatione
893 1380 959 1404 sua
985 1371 1155 1405 testatur.
1210 1367 1402 1405 Postremo
1430 1368 1523 1405 illud
1551 1381 1646 1418 quo-

118 1443 190 1481 que
216 1444 237 1467 a
264 1443 322 1468 me
351 1430 476 1468 doceri
503 1443 680 1479 agnosc0‚
718 1432 817 1482 quod
846 1431 971 1468 Coena
1001 1431 1155 1468 Domini
1182 1432 1229 1469 sit
1256 1432 1405 1482 quidem
1433 1438 1468 1470 et
1496 1433 1646 1482 signum

117 1500 322 1540 externum,
349 1500 383 1533 et
409 1496 599 1533 internum
632 1496 673 1533 in
711 1497 851 1534 nostris
888 1496 1067 1534 cordibus
1094 1501 1224 1534 autore
1253 1497 1393 1547 Spiritu
1421 1502 1548 1535 sancto
1577 1499 1646 1535 ob-

118 1559 352 1608 signaculum
396 1559 513 1597 totius
556 1565 706 1598 nostrae
752 1561 826 1598 iam
865 1573 948 1598 cum
985 1561 1134 1598 Christo
1172 1560 1334 1597 Domino
1375 1561 1647 1599 communionis

123 1637 185 1662 seu
225 1624 411 1662 societatis
454 1624 495 1662 in
532 1638 687 1676 corpore
723 1630 759 1663 et
795 1626 977 1675 sanguine
1015 1626 1131 1676 ipsius
1167 1625 1271 1663 iuxta
1299 1625 1507 1663 doctrinam
1543 1626 1650 1663 Pauli

121 1687 166 1724 de
193 1692 423 1725 sacramento
454 1688 777 1735 Circumcisionis;
808 1690 871 1726 sed
901 1694 1023 1727 tamen
1051 1689 1286 1741 peculiariter
1313 1690 1406 1727 illud
1428 1691 1537 1729 nobis
1555 1691 1648 1729 Coe-

121 1765 191 1791 nae
228 1766 296 1790 usu
333 1754 586 1791 commendari
621 1754 705 1791 dico
741 1754 779 1791 111
819 1767 859 1792 ea
895 1759 1025 1792 nostra
1055 1767 1138 1791 cum
1178 1754 1327 1792 Christo
1356 1754 1519 1793 Domino
1549 1768 1650 1792 com-

119 1817 308 1863 munione,
344 1818 446 1869 quod
481 1823 599 1856 morte
634 1832 700 1856 sua
735 1819 846 1857 nobis
882 1819 945 1856 ille
981 1820 1020 1857 in
1066 1823 1305 1857 sacrosancto
1345 1820 1465 1857 carnis
1502 1826 1651 1858 nostrae

124 1895 278 1933 corpore
313 1888 350 1920 et
386 1883 569 1932 sanguine
604 1883 808 1933 promeruit
835 1888 871 1921 et
907 1883 1126 1934 acquisivit:
1155 1897 1286 1934 nempe
1312 1889 1553 1934 peccatorum
1581 1897 1650 1921 no-

124 1950 285 1984 strorum
329 1959 394 1997 per
440 1947 658 1995 sanguinem
696 1947 813 1998 ipsius
851 1947 1164 1992 emundationem,
1201 1948 1320 1984 nostri
1360 1948 1435 1984 iam
1470 1961 1534 1999 per
1569 1961 1651 1985 eor-

123 2010 224 2061 poris
260 2010 376 2061 ipsius
424 2010 580 2058 lio-(fol.
617 2011 798 2057 45)stiam
834 2010 1287 2061 acceptationem‚¹inque
1321 2011 1419 2048 filios
1455 2010 1525 2048 Dei
1562 2024 1652 2048 con-

127 2081 350 2113 summatam
380 2079 500 2112 morte
527 2075 643 2125 ipsius
672 2075 923 2125 adoptionem,
950 2087 994 2111 ac
1020 2075 1176 2126 proinde
1204 2075 1368 2112 omnium
1397 2075 1471 2112 iam
1499 2088 1650 2113 suorum

123 2140 341 2177 meritorum
379 2140 574 2190 omnisque
610 2152 695 2177 suae
731 2139 883 2189 gloriae,
920 2153 1032 2190 quam
1066 2141 1187 2176 factus
1216 2139 1326 2176 homo
1364 2139 1402 2176 in
1432 2139 1648 2176 carnis‘no-

126 2208 223 2241 strae
259 2216 413 2254 corpore
450 2217 469 2241 a
515 2204 623 2241 Patre
659 2216 725 2241 suo
771 2216 838 2254 pro
884 2217 949 2241 sua
986 2216 1073 2252 erga
1107 2204 1214 2240 illum
1250 2203 1462 2241 obedientia
1498 2204 1652 2255 accepit,

124 2268 272 2318 plenam
310 2273 447 2305 certam
481 2271 517 2305 et
553 2272 740 2305 aeternam
779 2267 1092 2312 communionem,
1128 2272 1168 2305 ut
1202 2267 1466 2316 intelligamus,
1503 2268 1648 2306 Coenae

128 2346 198 2370 usu
231 2345 308 2370 non
343 2336 419 2370 tam
459 2332 636 2369 celebrari
670 2332 853 2382 nobisque
889 2332 1142 2370 commendari
1169 2345 1214 2369 ex
1243 2332 1382 2370 Christi
1412 2332 1563 2370 Domini
1590 2333 1648 2370 in-

129 2397 325 2435 stitutione
360 2397 476 2447 ipsius
504 2396 813 2441 incarnationem,
847 2410 912 2447 per
947 2410 1056 2447 quam
1093 2397 1171 2447 ipse
1196 2396 1235 2433 in
1265 2409 1337 2434 una
1365 2402 1400 2434 et
1427 2398 1553 2435 eadem
1583 2411 1650 2434 no·

128 2462 273 2499 biscum
301 2474 422 2506 carne,
449 2475 469 2498 a
490 2461 599 2498 nobis
619 2466 780 2512 accepta,
799 2461 913 2498 frater
933 2464 1060 2498 noster
1080 2473 1160 2498 esse
1179 2460 1354 2510 dignatus
1369 2466 1423 2498 est
1441 2461 1652 2499 —tametsi

126 2526 227 2564 illius
264 2539 411 2576 quoque
449 2525 670 2567 beneficium
707 2526 830 2563 Coena
867 2524 1021 2562 Domini
1051 2525 1329 2575 complectatur,
1357 2531 1537 2576 quatenus
1565 2539 1652 2564 sane

130 2605 206 2629 non
242 2591 282 2628 111
323 2590 396 2627 alio
432 2591 519 2635 ullo,
556 2590 619 2628 sed
655 2591 693 2627 in
722 2590 799 2627 eius
825 2590 943 2640 ipsius
972 2589 1094 2627 carnis
1123 2594 1270 2627 nostrae
1297 2604 1317 2627 a
1345 2591 1455 2628 nobis
1482 2595 1652 2641 acceptae

130 2667 285 2704 corpore
328 2653 517 2690 Christum
553 2665 620 2703 pro
649 2652 759 2690 nobis
785 2657 975 2690 mortuum
1003 2665 1081 2690 esse
1117 2657 1284 2698 testatur,
1310 2675 1360 2681 —
1395 2666 1506 2703 quam
1528 2654 1652 2704 potius

131 2722 288 2755 mortem
331 2716 450 2768 ipsius
488 2722 524 2754 et
559 2730 652 2767 quae
689 2716 799 2754 nobis
835 2730 898 2767 per
933 2717 1034 2754 illam
1070 2722 1175 2768 parta
1211 2717 1402 2755 habemus.
1457 2717 1517 2753 Sic
1554 2718 1653 2755 enim

130 2783 280 2825 Paulus.
315 2794 392 2819 non
428 2786 504 2819 tam
541 2781 711 2832 equidem
747 2781 1045 2819 incarnationem
1081 2782 1225 2819 Coenae
1254 2794 1333 2827 usu,
1360 2794 1470 2832 quam
1495 2785 1652 2819 mortem

131 2846 255 2897 potius
290 2845 511 2884 annunciari
555 2846 675 2893 docet,
708 2851 745 2884 et
791 2846 945 2897 ipsemet
983 2846 1153 2885 Christus
1189 2846 1372 2884 Dominus
1407 2846 1578 2885 tradendi
1613 2847 1652 2887 in
