1818 3178
203 138 276 172 454
703 144 918 171 RasP0Ns1o
946 146 1040 172 ADV.
1072 146 1238 174 nosmM.

210 245 416 283 tationibus
451 244 590 282 Christi
624 245 794 295 exemplo
832 248 1082 295 exponuntur.
1137 247 1330 297 Templum
1379 249 1483 285 locus
1529 251 1606 286 erat
1643 249 1730 286 doc-

208 310 329 347 trinae
365 309 537 346 salutaris
564 322 610 346 ex
638 309 751 346 verbo
781 308 863 347 Dei.
916 310 1165 347 Pinnaculum
1201 311 1306 349 locus
1341 315 1420 349 erat
1448 312 1641 349 doctrinae
1667 325 1732 349 ex-

207 374 302 411 itiali
329 386 349 410 a
377 374 491 410 Satan
525 373 665 410 electus
706 373 751 410 de
778 373 899 410 nostri
926 374 1092 424 ipsorum
1119 374 1572 425 p1·aecipitati·(l75)one.
1619 376 1729 413 Tem-

208 438 310 487 plum
336 437 441 473 locus
469 441 546 474 erat
574 436 622 474 ad
650 437 792 474 cultum
820 437 888 474 Dei
919 437 1117 488 deputatus
1145 438 1320 476 mandato
1349 439 1430 478 Dei.
1472 440 1733 483 Pinnacul‘um,

208 501 313 536 locus
349 505 437 545 erat,
473 500 513 537 in
551 512 625 550 quo
652 500 889 550 potissimum
918 502 1033 539 Satan
1062 502 1269 539 Ecclesiam
1296 503 1377 549 Dei,
1418 504 1456 541 in
1486 505 1604 555 capite
1630 505 1732 542 illius

210 564 358 601 Christo
385 563 564 609 Domino,
590 564 637 601 ad
664 565 886 602 tentandum
916 565 1119 603 Dominum
1147 565 1267 604 Deum
1289 567 1490 605 sollicitare
1511 568 1729 607 conabatur.

208 626 315 664 Haec
349 627 447 665 forte
482 632 557 664 tam
594 628 783 678 praeclara
819 629 1019 666 Pinnaculi
1056 642 1137 667 cum
1167 631 1324 680 Templo
1350 631 1432 681 ipso
1474 632 1730 670 convenientia

208 691 248 728 in
288 704 396 728 causa
434 691 556 728 Hosio
593 691 664 729 fuit
701 696 741 729 ut
776 692 1023 730 Pinnaculum
1062 693 1208 744 Templi
1235 693 1574 743 Hierosolymitani
1600 699 1729 746 typum

208 757 345 792 faceret
382 754 572 792 Ecclesiae
609 754 763 793 Christi.
817 757 869 793 At
901 768 989 793 vero
1026 756 1149 807 aptius
1185 756 1304 793 multo
1332 756 1538 794 Pinnaculo
1567 757 1637 794 hoc
1663 771 1729 795 suo

207 819 465 857 adumbratam
494 818 608 856 fuisse
635 818 791 856 dixisset
819 819 1158 857 Antichristianam
1184 820 1306 871 Papae
1327 820 1501 858 creatoris
1521 821 1578 858 sui
1597 821 1734 866 sedem,

208 897 318 933 quam
354 883 417 920 ille
452 883 536 929 sibi,
571 883 686 920 veluti
723 896 844 920 arcem
883 883 1072 934 quandam
1112 897 1199 921 suae
1225 884 1450 934 tyrannidis,
1477 898 1586 935 supra
1613 885 1731 935 ipsam

209 946 415 984 Ecclesiam
458 947 498 984 in
537 947 697 984 culmine
729 947 858 997 ipsius,
892 948 977 985 loco
1015 947 1185 986 videlicet
1229 953 1371 993 sancto,
1418 949 1640 987 constituere
1684 950 1729 988 ad

207 1011 428 1048 tentandum
468 1010 589 1048 Deum
626 1011 795 1062 iramque
831 1012 910 1049 eius
937 1012 1216 1062 provocandam
1245 1017 1413 1051 conatur.
1468 1013 1618 1051 Habeat
1658 1014 1730 1051 sibi

205 1076 322 1125 igitur
357 1078 469 1126 Papa,
506 1080 649 1113 creator
685 1080 721 1114 et
756 1076 857 1114 Deus
886 1076 1011 1122 Hosii,
1041 1090 1124 1114 cum
1152 1077 1329 1115 universo
1358 1091 1424 1115 suo
1453 1078 1627 1116 satellitio
1666 1078 1733 1116 ad-

208 1140 413 1178 umbratam
451 1140 657 1186 Piunaculo
686 1140 809 1178 sedem
839 1155 956 1187 suam,
983 1142 1022 1179 in
1050 1155 1122 1192 qua
1149 1155 1214 1193 per
1242 1143 1420 1180 Satanam
1447 1143 1493 1179 ad
1526 1142 1730 1179 iritandum

206 1204 405 1255 tyrannide
441 1218 506 1242 sua
542 1204 663 1242 Deum
702 1206 1015 1256 premendamque
1042 1206 1120 1244 eius
1148 1206 1357 1244 Ecclesiam
1387 1207 1605 1252 collocatur,
1631 1212 1666 1244 et
1692 1207 1730 1243 in

206 1281 280 1318 qua
318 1280 399 1305 cum
436 1267 587 1304 asseclis
624 1268 699 1305 suis
728 1269 838 1316 (176)
875 1268 976 1307 aliud
1013 1268 1109 1306 nihil
1138 1273 1318 1320 expectet,
1346 1282 1456 1320 quam
1486 1269 1732 1306 certissimum

204 1331 252 1368 ad
292 1335 478 1368 aeternam
517 1331 867 1369 condemnationem
904 1333 1181 1383 praecipitium,
1215 1333 1261 1370 ad
1298 1333 1398 1384 quod
1436 1333 1576 1384 alioqui
1604 1333 1732 1377 Satan,

206 1409 282 1434 non
315 1396 389 1434 alio
436 1409 524 1433 sane
559 1396 642 1433 loco
676 1400 935 1447 praeterquam
971 1397 1011 1434 in
1048 1397 1269 1443 Pinnaculo,
1305 1397 1504 1447 ipsummet
1541 1397 1729 1434 Christum

208 1461 409 1498 Dominum
455 1460 693 1498 sollicitabat.
749 1461 873 1499 Nobis
917 1462 1006 1499 satis
1054 1466 1108 1499 est
1152 1462 1252 1499 intra
1288 1462 1359 1499 Dei
1398 1461 1603 1500 Ecclesiam
1640 1476 1732 1507 esse,

207 1525 409 1575 quamlibet
445 1538 513 1562 nos
549 1525 680 1562 infimo
716 1525 756 1562 in
792 1538 833 1563 ea
869 1526 954 1563 loco
990 1525 1175 1564 Dominus
1214 1526 1350 1563 habere
1377 1527 1478 1571 velit,
1504 1539 1572 1564 nec
1598 1527 1731 1577 pinnas

203 1591 305 1628 illius
349 1594 493 1628 tectave
530 1590 704 1628 scansilia
739 1591 814 1628 ulla
850 1604 1051 1634 moramur,
1084 1596 1126 1629 ut
1162 1591 1200 1628 in
1247 1592 1299 1629 eis
1345 1592 1481 1628 Satana
1518 1596 1647 1629 autore
1683 1592 1728 1629 ad

206 1655 475 1693 dominandum
504 1669 522 1693 e
551 1656 702 1693 sublimi
731 1656 799 1694 Dei
826 1656 1017 1694 Ecclesiae
1046 1657 1284 1702 collocemur,
1311 1656 1461 1706 illicque
1487 1669 1555 1693 nos
1585 1656 1730 1694 demum

207 1722 366 1758 Satanae
401 1719 601 1758 tentationi
640 1720 686 1757 ad
723 1725 909 1758 aeternam
946 1720 1288 1771 praecipitationem
1328 1733 1568 1771 exponamus.
1623 1720 1730 1757 Nihil

206 1785 250 1822 ad
286 1797 355 1822 nos
390 1784 570 1822 tentatrix
606 1784 670 1821 illa
699 1785 858 1822 Satanae
894 1797 967 1822 vox
1002 1784 1138 1835 poterit
1168 1784 1242 1821 ullo
1271 1784 1383 1821 modo
1411 1784 1606 1835 pertinere,
1636 1797 1729 1834 quae

206 1849 246 1886 in
281 1848 488 1886 Pinnaculo
525 1848 708 1886 duntaxat
737 1861 891 1886 sonasse
918 1848 1068 1897 legitur,
1097 1848 1128 1885 si
1156 1861 1224 1885 nos
1252 1848 1330 1885 illic
1357 1861 1421 1898 per
1450 1848 1624 1885 Satanam
1653 1852 1729 1884 sta-

206 1913 260 1950 tui
296 1926 361 1963 per
395 1913 466 1950 Dei
502 1913 662 1962 gratiam
698 1926 776 1950 non
812 1912 1009 1964 patiamur,
1044 1913 1181 1950 nedum
1217 1916 1259 1950 ut
1306 1916 1433 1949 nostra
1480 1912 1646 1948 doctrina
1685 1912 1729 1948 ad

207 1990 287 2014 eam
317 1978 476 2014 Satanae
502 1977 748 2015 tentationem
775 1977 906 2015 referri
932 1990 996 2028 per
1025 1977 1186 2015 Hosium
1217 1976 1482 2027 quoquomodo
1500 1976 1630 2027 possit.
1661 1976 1730 2012 Sed

205 2041 328 2092 potius
364 2042 519 2091 ipsemet
555 2040 698 2078 Hosius
728 2042 887 2078 Satanae
915 2054 952 2078 se
987 2040 1247 2077 administrum
1277 2052 1320 2077 ac
1348 2040 1541 2076 satellitem
1571 2052 1613 2076 eo
1651 2038 1731 2088 ipso

204 2120 283 2144 esse
320 2106 493 2152 declaret,
529 2106 630 2157 quod
666 2106 876 2144 universam
915 2106 1061 2143 Patriae
1100 2110 1250 2142 nostrae
1285 2104 1491 2141 Ecclesiam
1536 2104 1730 2154 ipsumque

207 2172 298 2208 adeo
334 2171 667 2219 Politi·(l77)cum
707 2171 776 2208 sub
816 2170 965 2208 Christo
1000 2171 1102 2207 illius
1141 2175 1262 2220 caput,
1300 2169 1456 2218 Regiam
1496 2168 1729 2205 Maiestatem

205 2236 358 2286 inquam
404 2235 607 2272 Dominum
654 2239 824 2272 nostrum
862 2235 1213 2278 Clementissimum,
1247 2234 1286 2270 in
1323 2233 1531 2270 Pinnaculo
1568 2233 1648 2283 ipso
1685 2232 1729 2269 ad

206 2300 429 2337 audiendam
467 2301 626 2338 Satanae
663 2312 789 2337 vocem
818 2299 1125 2350 subeundumque
1160 2297 1495 2350 praecipitiationis
1530 2297 1731 2348 periculum

209 2365 389 2401 collocare
423 2364 604 2402 insidiose
641 2368 810 2403 conatur.
864 2364 965 2402 Illud
1002 2377 1089 2402 sane
1123 2364 1324 2401 ridiculum
1363 2367 1418 2400 est
1445 2375 1607 2413 prorsus,
1634 2361 1731 2414 quod

208 2442 335 2466 vocem
363 2430 524 2466 Satanae
551 2429 598 2466 ab
626 2429 672 2466 iis
700 2429 819 2466 audiri
847 2441 923 2466 non
953 2429 1033 2466 vult
1062 2428 1217 2473 scilicet,
1246 2441 1340 2478 quos
1367 2427 1523 2477 ipsemet
1551 2426 1628 2463 illic
1657 2426 1732 2462 col-

207 2493 316 2534 locat,
342 2493 409 2529 ubi
436 2493 670 2544 potissimum
699 2493 935 2530 tentatricem
962 2492 1064 2530 illam
1093 2493 1253 2529 Satanae
1280 2504 1408 2530 vocem
1447 2496 1481 2528 et
1517 2502 1648 2528 sonare
1674 2490 1731 2539 ip-

209 2559 323 2593 semet
360 2560 395 2592 et
428 2556 550 2593 audiri
577 2557 726 2602 fatetur,
754 2556 860 2607 quasi
889 2569 963 2594 non
993 2556 1110 2593 multo
1140 2555 1187 2593 sit
1215 2555 1332 2593 tutius
1361 2568 1381 2591 a
1409 2552 1621 2591 scandendo
1648 2552 1731 2588 loco

207 2620 270 2657 illo
307 2632 436 2656 omncs
473 2620 594 2657 modis
633 2620 744 2657 etiam
780 2619 955 2657 omnibus
985 2619 1185 2662 dehortari,
1213 2618 1251 2655 in
1280 2631 1353 2668 quo
1381 2617 1459 2655 fieri
1489 2616 1627 2665 alioqui
1657 2628 1731 2652 non

208 2691 341 2737 potest,
377 2685 467 2735 quin
504 2685 665 2722 exitialis
695 2687 855 2722 Satanae
883 2698 954 2722 vox
984 2688 1089 2722 sonet
1118 2683 1266 2721 assidue
1293 2688 1329 2720 et
1357 2681 1542 2719 audiatur.
1599 2680 1731 2717 Quid?

208 2749 307 2799 quod
337 2761 458 2786 secum
485 2748 564 2798 ipse
590 2748 629 2785 in
659 2749 782 2786 verbis
812 2749 889 2786 suis
917 2752 1060 2799 pugnat
1087 2747 1377 2796 mendacemque
1405 2758 1509 2782 suam
1537 2744 1733 2794 impuden-

207 2816 296 2852 tiam
326 2814 478 2864 ipsemet
507 2825 688 2863 nusquam
718 2825 794 2866 non
822 2813 975 2863 prodit?
1001 2812 1167 2850 Primum
1195 2824 1263 2849 nos
1291 2824 1310 2848 e
1338 2809 1542 2847 Pinnaculo
1573 2822 1638 2846 suo
1667 2809 1731 2845 illo

210 2880 393 2917 excidisse
427 2879 478 2916 ita
514 2878 635 2927 fingit,
670 2882 708 2915 ut
736 2867 882 2915 nos'ah
912 2890 954 2915 eo
982 2878 1089 2927 plane
1116 2876 1300 2920 excludat,
1327 2875 1365 2912 in
1394 2887 1467 2924 quo
1495 2887 1563 2912 nos
1593 2873 1732 2924 alioqui
