1818 3178
175 107 249 143 496
831 116 886 144 ΕΡ.
915 116 1059 144 noc-ra.

173 215 275 260 bum,
304 215 452 260 vicium,
481 218 673 264 peccatum
703 227 745 251 ac
773 216 971 260 maculam,
999 217 1313 267 quemadmodum
1333 219 1572 270 exposuimus
1599 221 1695 268 (10),

174 280 238 318 sed
274 279 513 330 potissimum
549 291 629 317 esse
664 279 743 317 eius
779 281 923 331 peccati
959 280 1136 319 adnatam
1173 282 1283 319 nobis
1320 283 1549 330 servitutem,
1584 296 1697 334 quam

174 344 312 382 Paulus
349 345 539 383 ἀπειθίαν
577 346 697 381 vocat.
751 342 877 382 Huius
914 344 1013 382 enim
1040 344 1139 382 fillos
1168 358 1238 383 nos
1263 346 1400 385 Paulus
1428 348 1506 398 ipse
1535 347 1696 398 appellat

174 410 210 445 et
247 406 317 444 sub
356 405 454 443 hanc
481 419 551 444 nos
577 419 708 444 rursus
737 408 936 445 conclusos
965 421 1093 446 omnes
1122 422 1201 447 esse
1226 413 1398 450 testatur.
1452 411 1558 449 Haec
1585 424 1696 462 porro

173 472 333 511 servitus
361 472 502 516 obstat,
528 472 732 523 quominus
761 485 837 510 non
866 473 986 510 solum
1016 486 1099 512 vere
1126 487 1292 512 amemus
1321 474 1453 520 Deum,
1480 488 1563 514 vere
1589 475 1696 513 illum

172 537 382 583 timeamus,
419 549 503 574 vere
537 536 594 574 illi
630 536 837 582 credamus,
875 550 959 575 vere
995 550 1079 575 eum
1108 538 1273 575 colamus
1310 542 1346 576 et
1373 552 1602 585 veneremur,
1629 537 1692 576 sed

172 603 282 640 etiam
328 601 529 652 quominus
565 601 753 652 percipere
788 614 833 639 ex
873 601 984 640 nobis
1020 615 1062 640 ea
1098 615 1191 653 quae
1226 602 1296 640 Dei
1333 606 1420 641 sunt
1455 607 1566 654 atque
1602 602 1693 642 adeo

172 667 265 706 boni
299 666 493 718 quidpiam
530 666 685 703 omnino
724 666 890 716 cogitare
923 667 1123 718 possimus.
1176 666 1322 705 Deinde
1359 667 1430 705 hoc
1456 668 1545 706 iacit
1572 668 1696 714 etiam,

174 736 212 771 ut
249 731 393 769 Sathan
428 731 554 769 efficax
591 729 641 768 sit
676 730 714 768 in
753 730 862 768 nobis
899 744 976 769 non
1013 732 1134 769 solum
1170 731 1217 769 ad
1254 731 1515 783 producendos
1551 733 1695 770 fructus

173 797 263 842 eius,
301 795 370 834 sub
412 808 524 846 quam
552 795 722 832 conclusi
750 808 888 842 sumus,
916 795 1194 834 incredulitatis
1224 810 1288 834 seu
1314 796 1592 835 inobedientiae
1619 796 1696 845 (his

171 861 271 899 enim
305 865 345 899 ut
370 859 532 898 maxime
559 858 714 897 velimus
743 872 866 897 carere
892 873 969 897 non
995 861 1214 911 possumus)
1242 861 1304 898 sed
1332 860 1380 899 ad
1405 860 1695 912 pertrahendum

172 939 241 964 nos
287 937 435 976 quoque
479 924 519 961 in
565 936 652 961 suae
689 923 865 974 imaginis
902 924 1201 971 similitudinem,
1235 925 1419 976 siquidem
1455 925 1620 963 oblatam
1655 925 1696 963 in

172 990 323 1028 Christo
365 988 526 1039 gratiam
562 988 635 1026 fide
676 1001 750 1025 non
789 988 1125 1039 apprehendamus.
1181 990 1277 1027 Sunt
1314 994 1436 1028 autem
1474 990 1695 1041 praecipuae

172 1053 266 1092 duae
292 1052 470 1102 imaginis
498 1064 585 1090 suae
614 1057 737 1097 notae,
764 1056 1002 1104 contemptus
1030 1056 1065 1091 et
1092 1052 1219 1091 odium
1249 1053 1332 1100 Dei,
1359 1067 1450 1105 quas
1478 1054 1541 1092 ille
1560 1053 1695 1092 animis

171 1118 311 1157 nostris
347 1117 504 1166 infigere
541 1116 662 1155 modis
699 1116 875 1154 omnibus
912 1121 1082 1164 conatur,
1109 1117 1208 1155 haud
1236 1118 1343 1156 aliter
1370 1131 1481 1169 quam
1509 1117 1696 1156 Adamum

170 1188 360 1235 parentem
395 1185 568 1220 nostrum
596 1181 642 1219 ad
672 1181 912 1220 diffidentiam
949 1182 1145 1233 pertraxit.
1199 1182 1405 1234 Hucusque
1440 1183 1539 1221 enim
1575 1183 1694 1220 effica-

172 1262 250 1287 cem
286 1248 326 1286 iu
359 1247 443 1286 Ada
480 1247 686 1285 sathanam
722 1247 839 1285 fuisse
865 1247 1036 1297 legimus,
1066 1251 1107 1286 ut
1134 1247 1240 1286 illum
1269 1248 1315 1286 ad
1344 1248 1584 1286 diffidentiam
1611 1261 1695 1299 per-

168 1312 337 1358 traxerit,
364 1311 412 1349 ad
440 1315 694 1363 contemptum
723 1324 800 1349 non
827 1311 929 1357 item,
949 1311 1203 1350 voluntarium
1221 1313 1452 1363 praesertim.
1482 1312 1571 1350 Non
1590 1311 1696 1350 audit

169 1391 299 1417 vocem
336 1376 503 1422 Domini,
530 1381 572 1415 ut
598 1376 804 1415 nuditatem
840 1390 943 1414 suam
991 1381 1185 1426 agnoscat,
1231 1377 1295 1428 qui
1336 1377 1448 1415 semel
1490 1376 1695 1415 Dominum

168 1442 356 1480 destinata
382 1441 585 1483 ¹voluntate
615 1441 853 1492 contempsit,
881 1441 1127 1480 multominus
1155 1445 1277 1480 autem
1304 1441 1560 1480 infirmitatem
1589 1455 1693 1480 suam

168 1506 353 1556 agnoscit.
382 1505 491 1544 Nihil
518 1505 654 1543 horum
682 1505 726 1543 de
753 1504 919 1543 Sathana
946 1505 1133 1553 audimus,
1158 1519 1267 1557 quem
1294 1510 1419 1544 tamen
1441 1506 1596 1544 dubium
1617 1519 1693 1545 non

168 1574 225 1610 est
253 1576 289 1610 et
317 1582 446 1609 vocem
473 1569 630 1607 Domini
657 1582 841 1621 nusquam
871 1583 949 1608 non
975 1571 1194 1621 praesentis,
1220 1570 1349 1608 audire
1376 1571 1554 1621 potuisse,
1582 1584 1693 1622 quam

167 1637 207 1675 in
244 1636 417 1688 paradiso
446 1635 605 1681 audivit,
633 1639 668 1673 et
695 1648 738 1673 ea
764 1635 894 1673 audita
922 1635 1137 1684 agniturum
1165 1635 1415 1687 proculdubio
1445 1636 1556 1674 fuisse
1583 1635 1693 1673 nudi-

167 1705 295 1748 tatem,
341 1701 377 1740 h.
416 1714 461 1748 e.‚
505 1699 755 1738 defectionem
793 1713 910 1748 suam,
948 1701 980 1739 si
1016 1714 1093 1738 non
1129 1701 1237 1739 illum
1273 1700 1346 1739 alio
1385 1703 1621 1752 contemptus
1658 1704 1695 1739 et

166 1764 297 1803 odium
324 1764 395 1803 Dei
421 1764 677 1803 voluntarium
705 1764 967 1804 detrusissent.
1004 1764 1076 1803 Sed
1105 1765 1227 1803 Adam
1255 1765 1326 1804 etsi
1352 1769 1553 1817 peccasset,
1579 1764 1696 1803 sensit

167 1829 415 1869 nihilominus
451 1828 522 1867 Dei
555 1828 712 1867 Domini
739 1829 796 1867 sui
824 1829 1086 1880 praesentiam,
1113 1829 1219 1868 audit
1246 1842 1373 1868 vocem
1400 1829 1517 1875 illius,
1543 1829 1695 1878 fugitat,

167 1896 342 1946 agnoscit
369 1909 407 1934 se
434 1895 590 1942 nudum,
618 1895 811 1948 deceptum
841 1900 882 1934 ut
910 1895 1114 1944 infirmum,
1141 1910 1216 1935 non
1243 1896 1355 1935 audet
1381 1897 1418 1936 in
1450 1899 1693 1948 conspectum

167 1960 242 1998 nisi
278 1964 430 1999 vocatus
465 1960 631 2012 prodire.
686 1960 792 1998 Haec
827 1961 940 2010 longe
976 1960 1098 1999 adhuc
1125 1974 1145 1999 a
1175 1965 1390 2013 contemptu
1416 1961 1545 1999 abesse
1571 1960 1694 1998 adhuc

168 2022 339 2061 videatur
365 2027 402 2062 et
428 2023 476 2061 ab
505 2023 591 2061 odio
612 2023 730 2061 multo
751 2023 873 2062 adhuc
891 2024 1056 2073 longius.
1088 2024 1208 2063 Quid!
1237 2024 1338 2075 quod
1357 2024 1484 2062 addita
1503 2036 1591 2062 mox
1605 2035 1693 2074 pro·

167 2087 297 2125 missio
335 2087 381 2125 ab
419 2087 522 2126 omni
557 2088 666 2126 illum
703 2092 739 2127 et
777 2092 1015 2140 contemptus
1052 2092 1088 2127 et
1128 2089 1205 2126 odii
1234 2089 1444 2140 suspicione
1471 2102 1622 2140 prorsus
1648 2087 1696 2126 11·

167 2151 300 2191 berat?
329 2152 419 2190 Non
445 2157 501 2190 est
527 2165 600 2204 pax
626 2152 765 2204 impiis,
793 2153 885 2191 dicit
913 2153 1111 2201 Dominus,
1137 2158 1173 2192 et
1198 2153 1399 2205 promissio
1425 2153 1472 2191 ad
1501 2156 1695 2204 contemp·

166 2220 266 2255 tores
293 2217 479 2268 pertinere
506 2230 584 2255 non
611 2221 748 2268 potest.
783 2219 819 2256 A
847 2222 1062 2270 contemptu
1086 2218 1203 2268 igitur
1231 2223 1340 2271 atque
1369 2219 1456 2257 odio
1484 2218 1556 2257 Dei
1582 2218 1695 2269 longe

166 2282 289 2320 adhuc
316 2282 482 2321 abfuisse
508 2282 697 2321 Adamum
726 2283 905 2335 oportuit,
930 2287 1173 2336 posteaquam
1200 2288 1236 2323 et
1263 2284 1363 2322 Deus
1391 2284 1447 2321 illi
1473 2284 1692 2335 promissio·

167 2359 254 2385 nem
293 2347 337 2385 de
365 2351 608 2386 sacrosancto
635 2348 726 2386 olim
754 2347 894 2386 semine
924 2361 991 2387 suo
1020 2347 1211 2387 nascendo
1236 2348 1412 2400 patefecit
1439 2352 1475 2387 et
1501 2348 1564 2386 ille
1589 2352 1694 2400 pate-

168 2411 307 2449 factam
334 2411 594 2463 apprehendit.
649 2412 764 2450 Quod
791 2412 910 2463 igitur
936 2413 977 2451 in
1004 2412 1089 2451 Ada
1116 2413 1257 2451 efficere
1283 2425 1361 2451 non
1388 2412 1510 2464 potuit
1537 2412 1693 2459 Sathan,

168 2475 207 2515 h.
236 2489 283 2521 e.‚
316 2480 356 2514 ut
392 2490 476 2515 eum
503 2477 551 2515 ad
579 2481 834 2529 contemptum
863 2482 900 2516 et
927 2478 1055 2516 odium
1082 2478 1154 2516 Dei
1179 2478 1422 2529 pertraheret,
1448 2477 1487 2515 id
1514 2477 1554 2515 in
1580 2477 1691 2515 nobis

168 2541 243 2579 iam
271 2545 448 2593 perpetuo
477 2545 645 2589 conatur,
673 2555 767 2593 quos
796 2541 866 2580 sub
895 2542 1121 2581 diffidentiae
1149 2541 1328 2581 servitute
1348 2541 1547 2580 conclusos
1566 2540 1690 2579 habet.

168 2609 294 2657 Atque
322 2618 364 2643 ea
394 2604 543 2643 demum
572 2610 628 2645 est
656 2607 711 2644 vis
740 2610 891 2645 nostrae
918 2606 1029 2645 huius
1056 2607 1199 2658 peccati
1229 2606 1431 2651 servitutis,
1457 2609 1499 2644 ut
1525 2617 1601 2643 non
1628 2617 1689 2642 so-

167 2670 246 2708 lum
274 2669 397 2708 obstet
424 2670 623 2720 quominus
651 2670 771 2709 Deum
799 2684 884 2710 vere
911 2685 1047 2718 amare,
1074 2671 1216 2719 timere,
1243 2671 1375 2717 colere,
1400 2670 1457 2708 illi
1485 2669 1631 2707 credere
1653 2673 1691 2707 et

168 2747 263 2786 quae
294 2734 374 2772 eius
411 2738 498 2772 sunt
532 2734 720 2786 percipere
755 2749 799 2774 ex
836 2735 947 2775 nobis
981 2736 1180 2788 possimus,
1218 2749 1312 2788 quae
1348 2748 1436 2773 sane
1469 2733 1509 2772 in
1537 2733 1688 2772 Christo

169 2798 343 2837 fidelibus
371 2798 494 2837 omnia
521 2799 776 2847 remittuntur,
803 2800 867 2838 sed
895 2801 989 2839 ferat
1015 2814 1084 2839 nos
1111 2801 1222 2839 etiam
1250 2800 1308 2838 vel
1342 2798 1480 2836 invitos
1513 2797 1553 2835 in
1580 2810 1690 2837 omne

169 2863 350 2904 scelerum
382 2876 502 2914 genus
537 2867 647 2915 atque
683 2864 775 2903 adeo
812 2865 852 2904 in
886 2865 1005 2917 ipsam
1040 2865 1151 2904 etiam
1180 2865 1365 2904 Sathanae
1393 2862 1688 2912 similitudinem,
