1818 3178
184 118 317 148 XCVIII
819 112 1063 142 PRAEFATIO·

241 223 350 265 Tum
383 220 600 269 saxonica,
632 224 720 259 tum
753 217 926 272 Belgica
956 217 1080 258 huius
1112 214 1366 259 catechismi
1398 216 1599 261 editiones
1628 225 1691 261 to-

187 295 261 337 ties
291 295 487 350 repetitae
517 296 627 338 sunt,
660 296 706 330 ut
737 289 896 331 frustra
927 304 1071 330 earum
1104 288 1255 330 seriem
1287 304 1541 345 componere
1572 305 1696 334 cona-

185 372 250 406 tus
280 366 354 406 sim
389 366 431 417 ¹).
479 362 535 404 Et
565 361 667 402 haec
699 360 868 416 quidem
899 360 950 401 de
979 359 1106 400 Lasci
1139 358 1404 402 Catechismo
1435 360 1648 404 hactenus.

509 507 576 547 21.
626 505 694 546 ΒΕ
725 516 1010 546 SACRAMENTIS
1044 501 1124 557 (ed.
1157 518 1194 546 a.
1229 503 1372 559 1552),

497 647 645 704 [LASCI
678 649 820 702 Opera,
853 647 952 690 Vol.
985 646 1020 690 Ι.
1054 661 1095 702 p.
1131 645 1360 703 97—232.]

238 791 367 832 Anno
397 789 505 831 1551
538 790 578 831 in
603 789 828 846 prophetiis
856 788 913 829 sic
944 786 1063 829 dictis
1093 787 1116 829 a
1147 786 1286 830 Lusco
1317 787 1457 830 locum
1485 788 1537 831 de
1557 804 1693 832 sacra-

183 862 328 903 mentis
358 861 502 903 ordine
533 862 735 917 exposuit,
767 866 816 901 ut
845 860 932 915 ipse
965 865 1110 900 narrat
1141 858 1183 900 in
1215 858 1404 914 Epistola
1425 859 1476 902 ad
1501 861 1694 903 Harden-

182 932 371 988 bergium
404 932 519 976 data:
555 955 576 980 u
597 932 690 989 Ego
723 946 835 974 nunc
867 930 1033 986 publice
1065 939 1199 972 tracto
1231 938 1533 988 argumentum
1561 947 1696 974 sacra-

185 1027 205 1052 u
224 1005 489 1052 mentarium,
511 1004 599 1045 sine
622 1019 775 1059 magno
796 1002 977 1044 Patrum
999 1010 1219 1057 apparata,
1244 1001 1314 1044 sed
1337 1002 1584 1059 simpliciter
1605 1019 1696 1046 rem

185 1100 206 1125 ῃ
226 1078 338 1118 iuxta
367 1077 592 1132 scripturas
623 1091 798 1131 expon0.
832 1073 1006 1118 Videbis
1037 1075 1143 1117 forte
1174 1074 1360 1131 postea.’'
1382 1071 1413 1131 ²)
1465 1075 1519 1118 Et
1549 1091 1696 1133 reapse

184 1140 281 1190 vidit
309 1164 357 1190 ea
389 1147 747 1203 Hardenbergius,
779 1162 874 1188 nam
908 1146 1052 1188 ordine
1084 1146 1262 1203 digestas
1286 1146 1583 1202 praelectiones
1603 1147 1696 1190 illas

182 1218 334 1274 publici
365 1220 466 1261 iuris
497 1219 592 1262 fecit
622 1227 761 1261 noster
793 1234 828 1260 a.
865 1219 974 1260 1552
1005 1217 1082 1259 sub
1115 1219 1191 1261 hoc
1223 1219 1361 1261 titulo:

242 1292 385 1333 Brevis
414 1297 452 1332 et
481 1292 659 1333 dilucida
687 1292 734 1332 de
762 1291 1029 1332 Sam-amentis
1070 1292 1272 1332 Ecclesiae
1308 1290 1459 1334 Christi
1490 1294 1695 1345 tractatio,

183 1364 225 1404 in
255 1380 333 1419 qua
364 1368 402 1404 et
424 1365 529 1417 fons
558 1364 640 1416 ipse
662 1368 699 1404 ei
720 1364 828 1404 ratio
851 1363 975 1404 totius
998 1363 1343 1405 Sacramentariae
1366 1365 1489 1406 nostri
1511 1367 1697 1419 tem-poris

183 1436 464 1477 controversiae
486 1436 632 1488 paucis
661 1436 892 1488 &sporadum
925 1439 1152 1490 naturaque
1182 1451 1229 1477 ac
1259 1437 1319 1477 vis
1358 1442 1694 1479 sacramentorum

183 1507 403 1562 compendio
443 1511 480 1546 eb
501 1507 713 1562 perspicue
744 1506 984 1559 emplicatur,
1008 1521 1084 1558 per
1116 1506 1305 1548 Ioannem
1336 1507 1362 1548 ὰ
1390 1509 1527 1560 IJasco,
1568 1510 1694 1550 Baro-

183 1592 266 1618 nem
296 1577 500 1626 Poloniae,
531 1577 922 1630 Saperintendentem
954 1577 1156 1619 Ecclesiae
1182 1579 1477 1632 pereyrirwrum
1506 1579 1694 1622 londini.

182 1650 284 1701 Epa.
316 1650 357 1690 4.
390 1649 546 1690 Obsecro
576 1649 714 1704 itaque
742 1664 820 1700 vos,
852 1653 926 1690 cet.
958 1649 1133 1690 Londinz‘
1157 1663 1233 1702 per
1264 1650 1508 1703 Stephanum
1531 1651 1692 1707 Myerd-

181 1734 376 1760 mannum.
407 1722 484 1762 An.
519 1720 642 1761 1552.

236 1788 457 1830 Praemisit
501 1790 537 1831 ei
581 1789 778 1845 epistolas
823 1790 941 1843 duas,
985 1792 1166 1836 alteram
1197 1793 1494 1837 dedicatoriam
1527 1794 1578 1837 ad
1609 1795 1693 1838 Ed-

180 1860 360 1902 wardum
386 1859 465 1908 VI,
498 1861 683 1916 Angliae
716 1876 875 1917 regem,
911 1863 1084 1905 alteram
1119 1866 1492 1920 praemonitoriam
1523 1866 1574 1909 ad
1605 1866 1691 1909 lec-

177 1935 321 1971 torem.
358 1926 579 1971 Subiunxit
611 1928 750 1971 libello
776 1933 1007 1974 Consensum
1030 1933 1261 1987 Tiqurinum
1277 1934 1326 1976 de
1344 1949 1429 1991 quo
1458 1934 1537 1978 sub
1567 1946 1630 1980 n0.
1666 1937 1688 1977 6

218 2106 242 2144 ¹)
266 2105 313 2136 Cf.
345 2104 382 2135 de
406 2104 603 2135 catechismo
627 2105 779 2141 Emdano,
802 2105 842 2136 D.
865 2106 902 2138 B.
926 2106 1146 2144 EILSHEMIUS,
1169 2107 1344 2139 Handboelc
1365 2108 1420 2139 des
1441 2118 1544 2139 waren
1559 2109 1695 2150 qeloofs.

176 2159 264 2190 1610.
292 2159 483 2190 oostvrieseh
504 2159 654 2191 kleinodt.
678 2159 769 2191 1612.
800 2159 927 2192 Verded.
950 2171 1009 2192 van
1031 2161 1082 2192 ket
1108 2161 1228 2194 Oostor.
1244 2162 1340 2194 klein.
1357 2163 1449 2195 1621.
1471 2163 1693 2201 Ε.ΜΕῐΝΕΒε,

176 2214 254 2245 Kort
276 2218 366 2246 ontw.
388 2225 456 2245 over
479 2215 518 2246 de
540 2214 617 2245 Lere
638 2215 694 2245 der
725 2215 886 2247 Waerlteit.
912 2215 1003 2249 1740.
1030 2216 1148 2258 Oostfr.
1172 2218 1273 2250 lce1kl.
1291 2219 1395 2260 yesclz.
1417 2218 1462 2250 II.
1477 2229 1508 2260 p.
1525 2219 1688 2250 330—341

173 2271 204 2300 et
226 2270 265 2300 H.
289 2269 423 2307 ΜΕΒΕΚ,
449 2270 496 2300 De
519 2270 671 2310 openlijke
691 2270 831 2301 lcerlcleer
853 2271 909 2302 der
933 2272 987 2304 Ev.
1014 2272 1121 2314 Geref.
1149 2258 1233 2305 G'em.
1255 2273 1287 2304 in
1313 2273 1433 2305 Emden
1454 2274 1526 2306 Vol.
1542 2274 1568 2306 Ι.
1586 2274 1688 2304 135-

173 2323 242 2362 218,
266 2325 387 2355 Emdeu
412 2325 499 2362 1804,
523 2328 554 2356 et
576 2336 669 2367 porro
693 2325 790 2356 Ussno
813 2326 960 2365 Eamms,
984 2339 1015 2369 p.
1038 2329 1109 2360 948.
1137 2330 1285 2361 Gric‘ndtl.
1309 2341 1340 2362 u.
1355 2330 1472 2362 walirh.
1489 2329 1564 2362 Ber.
1579 2340 1611 2371 p.
1629 2329 1688 2362 173

172 2390 217 2420 sq.
241 2380 407 2417 Bssnmm,
431 2381 516 2412 Hist.
538 2392 597 2411 van
623 2381 741 2422 Oostfr.
764 2382 919 2414 Matthaei
943 2384 1034 2416 Anal.
1056 2384 1092 2417 Τ.
1116 2385 1171 2417 IV.
1187 2396 1218 2427 p.
1234 2386 1296 2417 812
1312 2387 1400 2426 (nota
1415 2385 1690 2425 Harokenrothii).

172 2435 196 2467 I.
222 2436 245 2466 Ι.
271 2436 540 2473 HARCKENROTH,
565 2436 697 2467 Emdens
718 2438 921 2479 Herderstaf.
945 2439 1036 2472 Emd.
1061 2440 1153 2473 1716.
1175 2452 1206 2483 p.
1229 2443 1259 2474 4.
1288 2442 1326 2474 Ε.
1348 2442 1383 2475 F.
1413 2441 1687 2480 HAROKENROTH‚

176 2492 281 2521 Geseh.
304 2490 360 2521 der
388 2491 617 2522 Moederlcerke.
650 2492 770 2523 Emdeu
803 2492 893 2524 1726.
916 2505 945 2535 p.
971 2495 1039 2528 189.
1069 2496 1094 2527 Ι.
1119 2497 1143 2528 Ι.
1167 2498 1445 2535 HARCKENROTH,
1472 2497 1591 2537 Oostfr.
1618 2497 1692 2529 Oor-

171 2546 325 2585 spronelcl.
349 2545 466 2575 Emden
493 2545 583 2577 1712.
607 2557 638 2587 p.
662 2547 731 2577 122.
765 2547 847 2579 CHR.
871 2548 999 2587 FUNCK,
1028 2550 1127 2590 Ostfr.
1156 2551 1301 2584 Chronik.
1324 2551 1415 2583 Theil
1438 2551 1499 2583 III.
1525 2562 1554 2593 p.
1578 2551 1618 2582 19
1641 2562 1688 2593 sq.

172 2599 322 2637 Ouum,
362 2600 649 2641 Waerselzouwinye.
683 2601 774 2633 Emd.
806 2601 897 2634 1723.
929 2614 959 2644 p.
984 2605 1044 2635 640
1067 2616 1112 2647 sg.
1142 2606 1306 2638 Boelczaal
1326 2607 1382 2638 der
1401 2607 1546 2648 yeleerde
1566 2607 1689 2644 averad,

172 2655 191 2686 l.
222 2666 316 2696 supra
350 2654 444 2686 indic.
474 2654 650 2692 BERTRAM,
682 2657 766 2687 Hist.
797 2668 839 2689 cr.
871 2657 973 2691 Lasei.
1006 2660 1049 2691 II.
1079 2672 1109 2702 p.
1141 2661 1201 2692 283
1226 2673 1271 2704 sq.
1306 2663 1374 2694 ΕΓΖ.
1396 2674 1428 2696 u.
1460 2663 1562 2694 Vertlt.
1589 2662 1691 2700 Ostf'r.

174 2708 408 2750 Kircleenyesclc.
431 2720 461 2750 p.
485 2709 534 2740 80.
562 2710 813 2749 Rimnsmzmus,
837 2723 864 2743 0.
889 2712 908 2744 l.
931 2713 961 2745 J.
992 2714 1075 2747 Can.
1099 2716 1263 2755 JHERING,
1287 2717 1504 2751 Kirchenhist.
1528 2729 1591 2750 von
1614 2718 1686 2749 Ost-

171 2764 268 2795 friesl.
285 2765 320 2796 C.
342 2764 432 2795 VIII.
456 2766 469 2803 §
492 2765 531 2795 30
555 2765 678 2803 (incdit.
701 2769 879 2798 asservatur
902 2768 933 2799 in
957 2769 1040 2802 Bibl.
1064 2770 1214 2804 Provine.
1236 2772 1357 2805 Frisiae
1381 2773 1505 2806 Oricut.
1529 2784 1608 2816 quae
1624 2774 1687 2805 Au-

173 2819 268 2850 riciae
290 2822 360 2859 est).
387 2820 520 2861 Franks.
545 2821 612 2853 Rei.
636 2821 755 2853 Handl.
778 2822 866 2854 Tom.
891 2823 952 2856 ΙΙΙ.
975 2824 1018 2856 Il.
1042 2825 1095 2859 22,

218 2876 244 2918 ²)
267 2875 368 2907 LAsm
394 2875 504 2917 Opera,
526 2875 595 2908 Vol.
618 2876 662 2908 ΙΙ.
684 2887 715 2918 p.
739 2877 808 2909 663.
