1818 3178
1511 146 1582 185 307

54 256 151 291 terra
187 266 296 305 posse
330 254 408 291 ullo
446 266 557 291 sensu
594 257 738 302 nostro,
771 255 955 306 siquidem
981 255 1086 294 illam
1121 255 1184 293 hic
1209 255 1247 294 in
1284 259 1382 294 terra
1409 269 1583 307 quaerere

53 317 192 354 intueri
227 320 264 354 et
298 317 575 368 apprehendere
609 318 822 358 debeamus.
879 318 917 356 Si
954 319 1053 358 enim
1080 319 1185 358 nullo
1213 319 1275 357 hic
1302 316 1418 358 sensu*
1440 320 1581 371 percipi

53 386 188 432 potest,
224 382 363 419 frustra
399 381 570 432 equidem
605 382 707 421 illam
743 383 782 421 in
819 384 926 421 terris
971 383 1032 421 hic
1060 398 1281 435 quaeramus
1308 384 1519 423 intueamur
1546 389 1582 423 et

52 445 386 496 apprehendamus.
439 447 530 492 Aut,
566 446 598 484 si
634 460 745 485 sensu
769 448 847 485 uuo
875 448 1015 499 percipi
1042 451 1153 499 queat
1180 448 1218 486 in
1246 449 1322 486 vita
1349 448 1411 486 hic
1438 452 1581 495 nostra,

50 512 132 546 tum
167 522 255 546 sane
291 509 513 547 abscondita
548 523 628 548 esse
662 510 737 548 dici
771 524 848 549 non
882 511 1021 561 poterit
1055 512 1095 550 in
1133 512 1283 550 Christo
1319 513 1418 564 apud
1446 512 1579 559 Deum,

51 574 365 625 quemadmodum
399 575 538 613 Paulus
575 576 695 622 docet,
734 589 855 627 neque
881 577 971 614 item
999 577 1112 614 corda
1141 582 1270 615 nostra
1297 591 1480 616 sursum
1509 592 1578 616 no·

52 638 111 675 bis
147 639 352 677 attollenda
388 643 498 678 erunt
531 641 571 678 in
609 641 754 678 Coenae
788 654 872 686 usu,
905 641 1219 691 quemadmodum
1247 642 1426 681 hactenus
1454 643 1580 681 docuit

50 702 232 748 Ecclesia,
268 703 331 742 sed
371 703 412 741 in
449 704 657 756 Westphali
692 705 851 754 gratiam
879 703 1073 754 defigenda
1101 706 1212 744 nobis
1239 711 1348 745 erunt
1374 707 1414 744 in
1440 711 1577 745 terram

50 767 170 818 ipsam
205 768 358 819 eiusque
394 769 588 814 elementa,
623 768 662 807 in
690 769 860 820 qui-(fol.
889 769 1026 816 61)bus
1052 769 1115 807 ille
1141 770 1300 819 gratiam
1327 771 1458 822 ipsam,
1485 784 1580 822 quae

53 832 304 870 Sacramentis
341 831 577 882 significatur
612 832 864 883 quaerendam
900 832 1119 870 intuendam
1158 837 1194 871 et
1228 835 1577 884 apprehendendam

51 908 132 934 esse
169 896 376 935 contendit.
431 897 501 934 Sed
539 896 591 934 ita
622 896 878 947 Westphalum
907 896 1061 933 adflavit
1088 896 1253 947 Erinnys
1280 898 1408 948 ipsius,
1435 904 1475 936 ut
1503 903 1578 937 tra-

49 960 145 1009 gicis
171 961 490 1010 exagitationibus
518 961 674 998 miscere
700 962 807 998 malit
836 960 973 1006 omnia,
1000 974 1110 1012 quam
1139 962 1234 999 serio
1264 963 1428 1012 cogitare
1455 963 1499 1001 de
1525 965 1578 1002 le-

47 1025 180 1074 gitima
215 1025 339 1076 aliqua
368 1025 707 1063 controversiarum
734 1025 1007 1076 pacificatione.
1063 1025 1211 1063 Quodsi
1240 1030 1433 1078 tantopere
1460 1028 1575 1066 offen-

51 1090 150 1127 ditur
193 1089 441 1140 Westphalus,
477 1089 565 1126 dum
599 1089 711 1127 fidem
749 1089 845 1126 nihil
880 1102 1021 1134 eorum,
1060 1102 1155 1139 quae
1191 1090 1252 1126 hic
1287 1090 1327 1128 in
1355 1095 1452 1128 terra
1480 1097 1579 1138 sunt,

50 1167 225 1206 quaerere
259 1154 398 1192 intueri
423 1157 460 1192 et
487 1153 764 1205 apprehendere
793 1154 922 1198 doceo,
949 1167 1044 1204 quae
1070 1153 1110 1191 in
1139 1155 1262 1192 nullos
1287 1156 1426 1206 alioqui
1449 1170 1579 1195 sensus

51 1222 201 1257 nostros
236 1219 426 1256 incurrere
457 1222 629 1269 possunt,
666 1217 727 1255 sed
768 1218 845 1255 sola
882 1217 955 1255 fide
982 1218 1322 1268 apprehenduntur,
1350 1232 1433 1257 cum
1462 1221 1576 1258 Paulo

48 1284 232 1334 Apostolo
259 1283 394 1333 potius,
421 1296 534 1333 quam
559 1295 706 1320 mecum
735 1286 921 1320 certamen
939 1282 1126 1327 instituat,
1144 1282 1337 1334 illumque,
1359 1298 1434 1322 non
1454 1289 1575 1323 autem

48 1361 119 1394 me,
154 1346 346 1384 fanatismi
380 1351 540 1384 accuset.
595 1345 733 1383 Paulus
771 1345 870 1383 enim
909 1345 1113 1396 Apostolus
1149 1345 1260 1383 fidem
1292 1352 1469 1392 nostram,
1499 1361 1573 1385 non

47 1411 219 1463 equidem
257 1411 355 1448 eirca
388 1409 599 1461 praesentia
635 1409 696 1446 hic
731 1409 771 1447 iu
798 1409 907 1447 terris
933 1409 1012 1446 ullo
1041 1409 1165 1455 modo,
1192 1411 1255 1448 sed
1285 1411 1381 1448 eirca
1408 1411 1578 1450 absentia

48 1475 189 1514 versari
227 1476 334 1513 docet
363 1477 406 1523 ¹).
462 1475 659 1513 Quatenus
695 1473 807 1520 enim,
841 1487 935 1525 quae
963 1479 1049 1512 sunt
1076 1475 1200 1512 futura
1228 1475 1349 1513 adhuc
1376 1479 1485 1527 atque
1513 1490 1576 1527 per

47 1553 196 1578 omnem
234 1539 349 1578 vitam
386 1538 447 1576 hic
483 1543 652 1576 nostram
687 1542 944 1589 expectantur,
977 1539 1186 1590 praesentia
1221 1539 1282 1576 hic
1307 1539 1428 1591 reipsa
1455 1554 1576 1591 neque

48 1605 122 1643 dici
148 1617 270 1655 neque
295 1617 376 1641 esse
410 1609 568 1654 possunt
603 1603 680 1640 ullo
707 1603 833 1649 mod0,
861 1603 999 1641 nedum
1026 1607 1068 1641 ut
1096 1604 1155 1641 hic
1183 1605 1311 1655 quaeri
1338 1606 1484 1644 cernive
1510 1611 1575 1645 aut

47 1668 277 1720 apprehendi
311 1668 469 1718 possint,
504 1671 541 1705 et
579 1680 655 1705 non
682 1671 840 1718 possunt
865 1680 1014 1705 rursum
1042 1667 1115 1706 nisi
1141 1669 1269 1706 futura
1296 1683 1389 1714 esse,
1414 1684 1508 1721 quae
1533 1671 1572 1709 in

48 1747 112 1785 spe
148 1737 235 1771 sunt
261 1732 396 1784 posita,
423 1733 522 1770 circa
549 1745 644 1783 quae
671 1731 910 1782 potissimum
935 1733 1074 1770 Paulus
1102 1733 1214 1771 fidem
1243 1739 1409 1772 nostram
1436 1736 1574 1773 versari

49 1798 170 1842 docet,
203 1818 253 1825 —
297 1796 477 1834 hactenus
514 1809 601 1834 sane
638 1796 875 1847 perspicuum
910 1800 979 1843 est,
1013 1797 1124 1835 fidem
1153 1797 1365 1836 absentium
1394 1799 1575 1838 duntaxat

45 1874 170 1899 rerum
198 1874 289 1906 esse,
315 1873 393 1898 non
419 1865 543 1898 autem
570 1860 821 1911 praesentium
848 1860 970 1912 reipsa
998 1860 1059 1898 hic
1078 1862 1116 1899 in
1139 1862 1248 1899 terris
1267 1862 1343 1900 ullo
1363 1863 1488 1910 modo,
1508 1877 1573 1901 ne-

48 1926 137 1964 dum
172 1929 215 1963 ut
249 1924 310 1962 hic
344 1924 385 1962 in
421 1924 530 1962 terris
566 1937 625 1962 res
662 1924 769 1970 ullas,
810 1925 932 1975 reipsa
967 1925 1108 1976 alioqui
1134 1931 1345 1976 praesentes
1373 1932 1436 1965 aut
1462 1928 1574 1965 etiam

48 1989 282 2041 conspicuas,
316 1992 468 2040 quaerat
502 1989 692 2026 intueatur
727 1993 763 2026 et
799 1988 1064 2040 apprehendat.
1118 1990 1261 2028 Rursus
1296 1991 1395 2029 idem
1437 1993 1575 2030 Paulus

46 2055 134 2092 fidei
169 2058 319 2092 nostrae
352 2053 600 2105 praesentiam
636 2053 739 2098 reali,
773 2059 816 2091 ut
852 2054 904 2091 ita
930 2055 1075 2105 loquar,
1102 2055 1331 2106 praesentiae
1356 2056 1480 2106 palam
1507 2070 1574 2108 op-

46 2119 165 2170 ponit,
201 2118 290 2156 dum
326 2131 395 2156 nos
431 2118 471 2155 in
508 2117 582 2155 vita
620 2117 689 2155 hac
724 2122 851 2155 nostra
890 2131 972 2155 cum
1002 2118 1150 2156 Christo
1180 2119 1343 2157 Domino
1371 2133 1436 2170 per
1461 2121 1573 2159 fidem

48 2183 199 2229 versari,
226 2184 347 2234 reipsa
373 2187 497 2220 antem
525 2185 588 2222 Σιίι
609 2185 730 2229 εἴδους
749 2182 796 2220 ab
815 2182 880 2219 illo
900 2183 1130 2233 peregrinari
1148 2183 1256 2221 docet
1265 2185 1310 2232 2).
1341 2186 1466 2235 Atque
1486 2199 1574 2223 sane

46 2249 100 2287 ita
135 2248 278 2299 alioqui
304 2248 439 2285 realem
466 2250 531 2288 διὰ
558 2248 682 2294 &song
709 2247 958 2298 praesentiam
985 2247 1072 2285 fidei
1098 2248 1170 2298 ipsi
1197 2248 1281 2297 (fol.
1311 2251 1376 2296 62)
1405 2250 1574 2300 opponit,

45 2316 88 2351 ut
123 2313 222 2350 hanc
258 2325 334 2350 una
372 2325 456 2349 cum
493 2324 558 2362 spe
593 2311 687 2362 ipsa,
721 2316 965 2362 posteaquam
993 2313 1030 2350 id
1059 2313 1159 2363 quod
1188 2318 1424 2364 expectamus
1451 2317 1573 2367 reipsa

45 2377 250 2422 advenerit,
286 2376 509 2414 abolendam
551 2388 631 2413 esse
667 2389 786 2426 neque
822 2376 932 2414 simul
970 2378 1174 2415 consistere
1209 2391 1318 2429 posse
1344 2383 1499 2418 testetur
1527 2380 1572 2428 3).

46 2441 240 2480 Postremo
268 2440 366 2478 idem
396 2441 474 2491 ipsc
501 2439 637 2477 Paulus
665 2439 839 2490 prohibet
868 2440 923 2487 (id
951 2441 1051 2491 quod
1079 2440 1154 2478 iam
1181 2445 1290 2480 antea
1318 2456 1465 2495 quoquc
1493 2445 1572 2482 die-

45 2509 127 2543 tum
154 2507 241 2554 est),
269 2519 315 2543 ne
341 2518 394 2550 ea,
423 2517 517 2555 quae
543 2503 583 2541 in
603 2503 711 2541 terris
741 2507 828 2541 sunt
846 2507 910 2541 aut
928 2505 1037 2549 fiunt,
1059 2505 1134 2550 sed,
1152 2519 1246 2556 quae
1267 2519 1453 2545 sursum
1474 2513 1574 2553 sunt,

45 2584 266 2621 quaeramus
295 2575 330 2608 et
357 2569 572 2607 intueamur
599 2569 644 2616 ⁴).
692 2568 740 2606 Et
767 2569 872 2606 addit
899 2569 1095 2616 rationem,
1124 2583 1252 2621 nempe
1281 2585 1359 2615 nos,
1389 2577 1571 2623 quatenus

48 2635 198 2673 Christo
226 2635 391 2672 Domino
428 2647 513 2671 vere
542 2632 764 2670 commortui
791 2646 917 2671 sumus
944 2633 984 2671 in
1012 2634 1277 2672 elementorum
1305 2637 1436 2674 mundi
1464 2637 1573 2675 huius

46 2698 321 2745 observatione,
353 2702 536 2749 quatenus
572 2697 661 2734 item
698 2710 781 2734 cum
810 2697 960 2735 Christo
989 2702 1024 2735 et
1050 2698 1090 2736 in
1120 2699 1269 2737 Christo
1299 2699 1462 2738 Domino
1492 2715 1572 2738 sur-

45 2763 221 2808 reximus,
257 2763 417 2814 denique
451 2766 636 2813 quatenus
674 2774 759 2799 cum
795 2762 859 2799 illo
905 2766 942 2800 et
977 2762 1016 2800 in
1051 2763 1116 2800 illo
1145 2763 1190 2801 ad
1234 2764 1422 2803 dexteram
1449 2765 1572 2805 Patris

89 2890 114 2929 ¹)
137 2888 235 2922 Hebr.
261 2889 309 2921 11.
437 2890 463 2930 2)
487 2889 506 2920 2
530 2889 602 2922 Cor.
628 2890 655 2922 5.
784 2890 809 2930 ³)
835 2890 851 2921 1
876 2889 947 2923 Cor.
973 2891 1021 2924 13.
1148 2893 1174 2932 ⁴)
1199 2892 1303 2924 Coloe.
1327 2893 1356 2924 3.

1345 2951 1417 2988 20*
