1818 3178
762 158 1002 187 PRAEFATIO.
1567 153 1656 182 LVII

130 279 234 314 tunc
262 268 459 325 temporis
489 266 531 308 in
563 266 724 322 Anglia
748 264 1036 314 versabantur,
1061 261 1408 304 Reformatorum
1429 258 1653 301 sententias

131 343 181 384 de
212 358 242 383 s.
276 340 420 384 Coena
450 353 571 380 orsus
601 345 691 379 erat
722 338 925 378 Bucerus.
956 334 1108 388 Itaque
1140 349 1234 375 cum
1269 333 1292 375 a
1323 331 1461 374 Lasco
1483 345 1652 386 quoque

131 426 381 456 consensum
422 418 566 466 utpote
612 410 799 459 tentavit,
848 422 954 461 quae
998 421 1063 447 res
1104 406 1232 446 nimia
1272 404 1383 446 inter
1424 411 1653 456 utrumque

131 485 374 542 opinionum
415 482 651 524 diversitate
683 479 869 522 nondum
903 479 999 520 satis
1032 494 1053 519 e
1086 479 1188 519 votis
1219 484 1488 525 successerat,
1522 490 1653 531 quum

131 557 300 613 inopine
337 553 563 597 admodum
603 554 795 595 Bucerus
826 567 847 592 e
880 560 1047 592 terreno
1078 550 1202 591 exilio
1232 551 1274 591 in
1308 549 1527 592 coelestem
1558 565 1655 592 avo-

132 630 306 673 cabatur
348 630 540 684 patriam.
602 624 759 669 Scribit
804 625 854 665 de
901 640 948 664 ea
991 638 1035 664 re
1076 623 1135 663 sic
1181 622 1232 663 ad
1281 621 1654 679 Hardenbergium

132 710 300 744 noster:
353 722 373 747 η
393 699 520 741 Mitto
550 698 622 740 tibi
655 697 809 739 Buceri
841 694 1066 751 Epitaphia
1178 728 1187 744 ‚
1220 702 1415 750 coeperat
1446 693 1517 736 ille
1547 700 1658 735 trac·

136 797 157 822 ῃ
178 782 266 816 tare
312 788 402 815 rem
447 769 833 816 sacramentariam,
880 765 951 809 sed
997 781 1079 807 non
1115 765 1302 806 absolvit.
1365 765 1541 807 Mecum
1573 766 1661 820 egit

137 871 157 896 ῃ
177 847 353 903 scriptiS,
388 860 494 901 quae
527 844 634 886 forte
664 851 844 896 utraque
875 837 1148 895 prodibunt.”
1185 838 1214 894 ¹)
1270 839 1398 879 Brevi
1429 846 1522 894 post
1556 838 1660 879 Bul-

133 920 346 976 lingerum
393 931 561 973 quoque
603 915 728 956 huius
759 911 1051 968 disputationis
1082 909 1304 951 certiorem
1339 909 1448 958 fecit,
1483 909 1543 951 sic
1574 909 1661 950 fere

133 993 176 1035 in
223 992 302 1048 Ep.
351 991 389 1034 d.
441 992 463 1032 7
506 987 622 1030 Iunii
670 987 779 1027 1551
819 985 871 1026 ad
902 994 997 1024 eum
1030 982 1238 1024 scribens:
1274 1003 1294 1028 n
1318 979 1441 1034 Quae
1471 982 1663 1024 Bucerus

138 1086 159 1110 ῃ
179 1070 275 1105 ante
316 1068 494 1102 mortem
536 1058 586 1100 de
628 1072 673 1098 re
704 1054 1032 1097 sacramentaria
1062 1067 1231 1094 mecum
1264 1053 1400 1107 egerit
1430 1066 1595 1108 egoque
1626 1051 1663 1092 ei

137 1159 159 1183 u
180 1132 481 1191 responderim,
522 1144 635 1171 nunc
668 1143 750 1169 non
786 1126 937 1168 habeo:
972 1132 1068 1167 sunt
1100 1126 1211 1166 enim
1243 1124 1355 1179 apud
1390 1124 1443 1165 D.
1478 1121 1664 1165 Cantua-

137 1205 372 1253 ariensem,
419 1200 491 1256 qui
537 1212 653 1241 nunc
697 1197 791 1238 hinc
833 1195 960 1238 abest.
1027 1193 1109 1236 Ubi
1153 1209 1322 1235 rursum
1365 1192 1565 1244 habuero,
1598 1192 1665 1233 de-

140 1300 161 1325 u
181 1276 338 1331 scripta
369 1273 420 1314 ad
453 1280 492 1314 te
523 1270 731 1312 mittam.''
768 1268 800 1325 ²)
866 1266 993 1320 Quod
1024 1274 1163 1308 tamen
1197 1282 1248 1308 an
1282 1266 1427 1308 fecerit
1460 1266 1483 1307 ὲ.
1514 1265 1665 1313 Lasco‚

136 1349 344 1390 incertum
377 1352 450 1386 est.
485 1343 582 1384 Hoc
613 1347 796 1383 constat:
832 1356 880 1382 ea
913 1353 1148 1393 numquam
1180 1338 1395 1394 prodiisse,
1429 1344 1469 1379 et
1499 1337 1666 1379 nonnisi

138 1418 472 1474 manuscriptum
517 1429 732 1471 superesse
764 1413 996 1454 etiamnum
1027 1411 1244 1466 exemplar
1274 1411 1313 1451 in
1347 1410 1668 1465 exquisitissima

138 1493 455 1535 chartaceorum
508 1487 699 1530 codicum
752 1485 1013 1534 collectione,
1064 1498 1192 1539 quam
1238 1490 1424 1525 asservat
1465 1481 1669 1538 Corporis

139 1563 295 1607 Christi
327 1561 587 1617 Collegium,
623 1557 733 1614 quod
768 1556 1069 1612 Cantabrigiae
1102 1561 1178 1605 est,
1213 1555 1324 1596 unde
1356 1570 1404 1596 ea
1426 1553 1668 1610 appendicis

136 1636 227 1678 vice
257 1636 298 1677 in
329 1634 412 1676 fine
443 1633 553 1675 tertii
583 1631 706 1673 Tomi
740 1629 878 1672 forsan
912 1628 1102 1670 dabimus
1136 1628 1186 1678 3).

228 1781 294 1821 11.
360 1778 479 1820 ACTA
511 1787 827 1818 DISPUTATIONIS
858 1786 946 1815 CUM
977 1785 1129 1814 GELLlo
1159 1783 1294 1812 FABno
1329 1770 1382 1827 (a.
1418 1768 1560 1823 1554).

200 1922 315 1964 Dum
346 1920 510 1962 Lascus
541 1917 726 1960 Londini
759 1917 1016 1964 versabatur,
1048 1912 1216 1956 Gellius
1248 1911 1390 1954 Faber
1421 1910 1471 1952 de
1504 1911 1670 1952 Bouina

143 1993 303 2037 Eindae
344 1993 432 2034 eius
464 2006 637 2034 messem
670 1988 868 2031 invadere
898 1996 938 2029 et
970 1986 1185 2028 doctrinae
1218 1985 1424 2026 rationem
1457 1998 1562 2038 quae
1594 1981 1672 2024 sub

144 2068 272 2110 Lasci
310 2065 503 2121 auspiciis
534 2063 576 2104 in
609 2062 734 2104 huius
764 2060 882 2101 urbis
913 2059 1102 2101 Ecclesia
1134 2059 1342 2113 viguerat,
1375 2064 1538 2098 mutare
1570 2070 1672 2111 quo-

143 2137 366 2182 dammodo
397 2135 588 2178 instituit.
652 2132 811 2175 Emdae
841 2148 878 2174 a.
913 2132 1025 2173 1554
1056 2146 1108 2172 ex
1142 2129 1303 2186 Anglia
1336 2127 1471 2171 redux
1501 2136 1671 2170 strenue

145 2212 207 2253 his
258 2208 474 2252 conatibus
525 2206 674 2248 restitit
720 2211 875 2247 noster.
936 2203 1108 2244 Novum
1161 2200 1491 2251 Catechismum,
1543 2215 1670 2255 quem

145 2298 243 2325 suae
290 2280 504 2322 doctrinae
535 2283 866 2334 propagatorem
897 2275 1009 2332 typis
1041 2275 1122 2315 iam
1155 2273 1363 2315 excudere
1394 2271 1672 2313 inchoaverat

144 2354 325 2401 Gellius,
359 2367 434 2394 sua
466 2350 715 2392 auctoritate
746 2348 894 2404 pressit
927 2354 966 2388 et
997 2360 1138 2387 coram
1174 2352 1297 2386 coetu
1329 2343 1453 2385 totius
1483 2343 1674 2385 Plirisiae

144 2424 373 2470 Orientalis
418 2422 584 2464 ditionis
624 2420 778 2462 acriter
810 2433 907 2460 cum
940 2417 1182 2460 adversario
1214 2415 1475 2473 digladiavit,
1509 2430 1561 2456 ne
1594 2413 1672 2457 Ca·

146 2498 386 2545 teehismus‚
432 2509 516 2550 quo
547 2492 763 2546 hucusque
796 2489 986 2532 Ecclesia
1019 2504 1117 2531 usus
1148 2494 1273 2538 esset,
1308 2486 1571 2529 revideretur
1601 2491 1674 2527 aut

149 2570 213 2612 vel
259 2568 451 2611 minimas
492 2564 698 2620 reciperet
729 2561 861 2604 Gellii
892 2559 1266 2603 correctiunculas.
1329 2558 1472 2600 Huius
1504 2572 1671 2614 quoque

191 2775 215 2814 ¹)
238 2773 342 2804 LAsc1
368 2772 479 2813 Opera,
502 2769 546 2801 ΙΙ.
569 2769 640 2800 652.

189 2831 216 2870 2)
240 2829 374 2860 Ibidem.
399 2839 430 2870 p.
454 2827 524 2858 654.
547 2826 588 2857 cf.
612 2824 653 2856 ib.
677 2834 707 2865 p.
731 2822 802 2854 Gis.

186 2887 211 2926 3)
238 2885 342 2917 Habet
369 2884 467 2916 codex
497 2882 527 2913 in
557 2881 611 2912 illa
641 2880 766 2911 collect.
800 2878 847 2909 11¹¹.
878 2876 995 2915 exul,
1030 2875 1119 2906 cuius
1150 2874 1227 2905 folio
1252 2873 1310 2904 25¹.ss
1337 2871 1451 2917 incipit
1476 2872 1507 2901 ct
1532 2869 1586 2901 fol.
1611 2868 1672 2904 407

145 2942 275 2987 explicit
297 2941 378 2974 liber
401 2939 495 2972 huius
519 2935 758 2982 disputationis.
