1818 3178
503 142 551 168 DE
580 141 863 169 SACRAMENTIS
894 142 1110 169 ECCLENAE
1138 142 1316 199 GyRISTI.
1601 133 1666 169 151

191 244 306 283 Quod
334 244 451 294 igitur
477 243 524 281 ad
552 256 681 282 vocem
710 244 983 282 communionis
1011 243 1145 282 attinet
1171 244 1211 282 in
1239 245 1566 282 Sacramentorum
1582 257 1664 293 my-

138 309 264 355 sterio,
307 321 388 346 eam
424 307 534 345 nobis
569 308 674 346 iuxta
711 309 817 346 Pauli
852 307 1061 347 doctrinam
1096 308 1240 359 passive
1266 321 1334 359 pro
1361 308 1537 346 societate
1564 308 1663 346 iure·

137 385 209 423 que
243 385 286 410 ac
322 385 391 409 usu
426 371 711 417 communionis,
755 385 829 410 non
867 376 989 410 autem
1036 385 1103 423 pro
1132 372 1396 410 distributione
1423 376 1487 410 aut
1514 385 1662 422 porree-

136 435 239 472 tione
273 439 404 472 actuve
438 434 520 485 ipso
556 447 620 485 per
656 448 789 473 manus
823 435 987 473 ministri
1022 435 1260 486 impertiendi
1295 435 1548 486 accipiendam
1584 448 1664 473 esse

138 499 318 538 videmus.
345 499 431 547 (fol.
459 501 546 547 43¹³)
989 547 1000 555 ⁶

188 565 319 615 Neque
363 577 449 602 vero
483 563 580 609 ideo,
617 563 716 615 quod
754 577 882 602 vocem
919 563 1192 601 communionis
1227 563 1372 614 passive
1406 563 1659 614 accipiendam

134 642 214 667 esse
248 629 419 673 dicimus,
444 629 562 680 ipsam
591 629 757 680 eorporis
785 633 820 667 et
848 629 1040 677 sanguinis
1069 628 1209 666 Christi
1235 628 1503 666 exhibitionem
1532 628 1658 665 exelu-

133 693 256 731 dimus
291 693 338 731 ab
375 706 441 731 usu
478 698 693 730 nostrorum
727 695 1058 731 sacramentorum.
1113 692 1222 730 Quae
1249 692 1348 730 enim
1376 697 1471 730 esset
1500 692 1658 729 societas

131 770 294 808 ususque
321 757 608 803 communionis,
636 757 667 794 si
693 757 732 794 id
760 769 837 794 non
866 756 1073 801 haberetur,
1095 755 1136 792 in
1157 742 1231 806 quo
1261 756 1560 793 communionem
1590 755 1654 792 ha-

133 821 291 860 bemus?
319 835 362 859 ac
390 835 538 859 rursum
568 821 754 873 quomodo
785 821 998 863 haberetur,
1026 820 1057 857 si
1086 833 1162 857 non
1190 820 1452 858 exhiberetur?
1482 821 1657 858 Fatemur

130 888 244 936 igitur
279 887 488 925 exhibitum
525 886 635 924 nobis
670 898 750 923 esse
789 885 864 922 iam
900 885 1004 929 olim,
1039 885 1202 935 adeoque
1238 889 1272 922 et
1309 884 1476 922 exhiberi
1503 897 1658 934 semper,

131 952 296 989 omnium
325 956 448 989 autem
475 949 788 1000 significatissime
814 949 854 986 in
884 962 950 986 usu
979 950 1318 995 Sacramentorum,
1345 962 1479 1000 corpus
1507 955 1542 987 et
1571 964 1656 987 san-

129 1018 280 1066 gninem
309 1017 448 1054 Christi
478 1016 648 1062 Domini3
677 1014 816 1065 alioqui
843 1027 950 1052 usum
976 1014 1077 1051 illius
1106 1014 1240 1051 habere
1268 1027 1343 1051 non
1362 1027 1565 1065 possemus,
1586 1014 1658 1052 nisi

130 1083 388 1120 exhiberetur:
425 1081 487 1119 sed
516 1094 596 1118 eam
625 1080 894 1117 exhibitionem
921 1080 1083 1130 positam
1119 1092 1197 1116 esse
1231 1079 1389 1117 dicimus
1417 1093 1492 1117 non
1519 1080 1559 1117 in
1586 1080 1656 1117 mi-

130 1147 239 1185 nistri
274 1160 396 1198 opere,
422 1146 620 1183 ministerii
647 1145 757 1183 etiam
787 1145 845 1182 sui
873 1144 1037 1188 nomine,
1075 1150 1113 1182 ut
1141 1144 1203 1182 ille
1231 1145 1403 1182 videlieet
1432 1145 1508 1182 suis
1538 1145 1656 1181 mani-

131 1212 199 1249 bus
236 1211 275 1249 in
303 1211 392 1261 ipsis
420 1212 747 1248 Sacramentorum
775 1208 979 1253 elementis,
1005 1213 1069 1245 aut
1097 1221 1179 1245 eum
1206 1208 1294 1250 illis,
1321 1208 1519 1246 distribuat
1547 1214 1656 1246 natu·

130 1276 204 1313 rale
240 1288 373 1326 eorpus
408 1278 445 1312 et
481 1273 701 1322 sanguinem
739 1272 891 1317 Christi,
929 1272 990 1309 sed
1028 1272 1067 1309 in
1102 1272 1296 1323 ipsiusmet
1334 1272 1474 1309 Christi
1503 1272 1656 1310 Domini

127 1353 248 1391 opere,
283 1339 347 1390 qui
383 1339 570 1377 subvectis
606 1338 679 1375 fide
715 1351 778 1388 per
815 1337 986 1388 spiritum
1023 1351 1130 1375 suum
1167 1337 1304 1375 nostris
1332 1337 1370 1374 in
1400 1338 1542 1375 coelum
1572 1350 1655 1374 eor-

127 1406 238 1443 dibus
272 1404 378 1442 iuxta
414 1404 630 1442 interiorem
665 1403 705 1440 in
741 1402 852 1440 nobis
890 1402 1091 1447 hominem,
1128 1415 1282 1453 corpore
1310 1415 1378 1439 nos
1406 1402 1559 1452 ipsemet
1587 1415 1653 1439 suo

124 1483 169 1507 ac
196 1468 376 1518 sanguine
403 1468 523 1519 pascit
551 1468 596 1505 ad
625 1467 739 1505 vitam
766 1472 956 1505 aeternam
982 1467 1021 1504 in
1048 1479 1119 1504 usu
1160 1467 1328 1515 legitimo
1349 1479 1499 1503 suorum
1520 1468 1652 1503 Sacra-

126 1536 350 1571 mentorum.

179 1598 268 1635 Non
304 1598 420 1646 igitur
449 1610 571 1634 veram
600 1609 643 1633 ae
671 1596 871 1634 salutarem
899 1595 1065 1646 corporis
1092 1599 1128 1633 et
1155 1595 1348 1645 sanguinis
1377 1595 1515 1632 Christi
1543 1595 1650 1633 exhi-

124 1662 306 1700 bitionem
332 1662 380 1700 ab
410 1675 477 1700 usu
504 1663 831 1699 Saeramentorum
859 1660 1103 1704 excludimus,
1136 1660 1282 1698 etiamsi
1301 1660 1400 1696 illam
1423 1674 1540 1710 neque
1562 1659 1651 1697 reali

124 1727 201 1764 ulla
236 1727 320 1775 (fol.
348 1728 433 1774 44²²)
470 1739 555 1763 eum
591 1725 783 1763 elementis
813 1725 1057 1769 connexione,
1085 1738 1206 1775 neque
1232 1725 1320 1762 item
1348 1725 1513 1762 ministri
1539 1737 1648 1775 opere

126 1792 201 1829 ullo
231 1795 402 1828 constare
430 1790 608 1829 dieamus.
663 1793 787 1841 Atque
814 1790 859 1827 de
886 1803 976 1827 voce
1003 1789 1278 1827 communionis
1306 1793 1464 1827 tantum.

176 1855 256 1892 Iam
291 1854 331 1892 in
367 1854 551 1891 eiusmodi
586 1854 840 1899 societatibus,
867 1867 974 1905 super
1010 1854 1134 1904 aliqua
1163 1853 1423 1891 communione
1466 1852 1580 1897 initis,
1608 1853 1648 1889 fit

126 1918 364 1970 quandoque,
390 1918 490 1968 quod
518 1918 565 1955 ad
594 1931 671 1956 rem
698 1919 817 1968 ipsam
846 1918 990 1963 attinet,
1015 1923 1069 1963 ut,
1106 1918 1171 1968 qui
1205 1918 1318 1955 talem
1346 1918 1560 1954 societatem
1588 1916 1647 1954 in-

125 1988 226 2027 eunt,
252 1982 427 2033 utrinque
454 1981 595 2032 aliquid
625 1983 832 2027 conferant,
859 1995 1128 2032 communeque
1155 1981 1267 2019 simul
1295 1980 1462 2018 omnium
1489 1994 1568 2018 esse
1590 1981 1648 2017 in-

127 2046 251 2097 cipiat,
275 2046 377 2096 quod
404 2050 512 2084 antea
540 2046 773 2095 singulorum
801 2046 992 2097 proprium
1019 2051 1109 2084 erat.
1139 2046 1200 2083 Fit
1226 2045 1350 2090 etiam,
1380 2049 1418 2082 ut
1437 2057 1531 2081 unus
1551 2044 1646 2081 dun-

127 2115 229 2148 taxat
258 2123 322 2148 sua
350 2110 388 2148 in
420 2123 614 2148 commune
643 2123 726 2148 cum
754 2111 881 2149 multis
910 2111 1089 2157 conferat,
1117 2111 1291 2160 solusque
1318 2109 1395 2160 ipse
1416 2109 1648 2146 communio-

128 2187 212 2212 nem
238 2174 426 2212 instituat.

177 2238 225 2276 Et
260 2239 298 2276 in
335 2242 464 2276 nostra
498 2239 613 2288 igitur
651 2251 735 2276 eum
764 2239 913 2277 Christo
943 2239 1106 2277 Domino
1135 2238 1397 2276 communione
1433 2237 1470 2274 id
1499 2251 1647 2288 quoque

125 2303 400 2341 observandum
429 2308 495 2349 est,
531 2317 619 2340 num
647 2304 710 2341 ille
738 2304 840 2341 solus
868 2304 912 2342 de
941 2317 1006 2341 suo
1044 2303 1090 2341 ad
1119 2317 1200 2341 eam
1229 2302 1529 2340 communionem
1557 2315 1648 2340 oon-

123 2368 217 2406 ferat
245 2368 382 2411 omnia,
409 2371 444 2405 et
473 2368 566 2405 nihil
593 2382 614 2405 a,
644 2367 752 2405 nobis
779 2366 950 2419 accipiat,
969 2390 1020 2396 —
1046 2382 1094 2405 an
1125 2380 1208 2405 vero
1236 2367 1412 2417 utrinque
1438 2366 1579 2417 aliquid
1599 2367 1647 2404 sit

125 2433 314 2478 collatum,
342 2446 472 2483 nempe
500 2432 536 2470 et
564 2446 584 2469 a
613 2433 735 2477 nobis,
761 2433 862 2483 quod
891 2438 1061 2470 nostrum
1089 2436 1197 2469 antea
1223 2431 1414 2482 proprium
1444 2436 1534 2476 erat,
1562 2431 1598 2469 et
1625 2445 1647 2468 a

127 2496 276 2534 Christo
313 2496 475 2534 Domino
512 2497 636 2543 etiam,
672 2496 773 2548 quod
809 2497 856 2534 ad
892 2497 997 2535 illum
1034 2496 1155 2534 solum
1191 2500 1299 2534 antea
1332 2495 1479 2546 proprie
1506 2495 1646 2545 alioqui

125 2561 346 2612 pertinebat.

175 2625 321 2664 Deinde
348 2626 377 2664 si
405 2626 453 2663 ad
472 2639 553 2663 eam
571 2626 690 2676 ipsam
711 2627 1009 2664 communionem
1030 2626 1204 2677 utrinque
1223 2625 1365 2675 aliquid
1384 2630 1438 2662 est
1459 2624 1646 2667 collatum,

125 2703 256 2740 nempe
283 2689 320 2727 et
347 2704 368 2727 a
396 2691 505 2728 nobis
533 2689 569 2727 et
596 2704 616 2727 a
645 2689 795 2728 Christo
825 2690 1000 2735 Domino,
1034 2690 1071 2727 id
1100 2702 1246 2741 quoque
1274 2688 1547 2726 observandum
1568 2686 1648 2732 erit,

125 2753 173 2790 ab
200 2759 284 2791 utra
310 2759 415 2805 parte
442 2754 601 2805 primum
624 2754 764 2805 aliquid
801 2755 963 2792 conferri
992 2754 1164 2806 eoeperit,
1198 2768 1246 2792 an
1275 2766 1359 2791 vero
1388 2752 1497 2790 simul
1526 2751 1644 2788 utrin-

126 2829 197 2866 que
223 2817 348 2855 omnia
376 2819 450 2856 sint
479 2819 623 2856 collata.
659 2818 866 2856 Plurimum
893 2818 993 2857 enim
1020 2819 1184 2864 interest,
1211 2817 1378 2856 ordinem
1409 2815 1513 2853 huius
1543 2828 1645 2853 com-

125 2881 313 2920 munionis
340 2883 566 2921 observassc.
594 2883 677 2931 (fol.
706 2883 792 2930 44¹³)
