1818 3178
164 163 234 199 218
512 171 564 196 DE
591 168 875 196 SACRAMENTIS
906 169 1121 196 ECCLESIAE
1149 170 1330 199 cnms'rl.

163 285 245 309 cum
274 271 421 309 Christo
451 270 496 308 D.
525 270 810 308 communionis.
846 271 908 307 Sic
934 271 1033 308 enim
1061 270 1098 308 et
1123 272 1372 310 ministerium
1398 272 1522 323 ipsum
1549 273 1682 313 Eccle-

161 337 234 374 siae
269 335 464 384 insigniter
501 338 671 376 ornatur,
710 334 796 371 dum
833 335 871 372 in
908 336 972 372 illo
1011 349 1087 372 non
1123 339 1269 374 tantum
1304 337 1517 375 ministrum
1545 339 1584 376 in
1614 353 1679 377 suo

160 412 278 450 opere,
305 398 367 435 sed
395 398 513 448 ipsum
541 411 688 448 quoque
717 398 886 448 spiritum
915 400 1091 436 Sanctum
1119 413 1184 450 per
1211 414 1249 437 se
1277 401 1417 439 Christi
1436 402 1587 441 Domini
1616 417 1678 441 co-

158 463 364 513 operarium
408 462 584 507 facimus,
630 461 666 499 et
712 461 790 498 Deo
834 463 984 500 interim
1027 464 1183 514 Spiritui
1220 465 1356 503 Sancto
1391 466 1540 517 ipsimet
1586 480 1679 518 opus

157 539 262 562 suum
298 524 463 562 divinum
500 525 756 576 relinquimus,
795 526 893 576 quod
931 527 970 564 in
1007 526 1196 565 hominem
1231 533 1267 566 et
1302 542 1393 580 opus
1430 531 1676 582 quodcunque

156 590 269 640 ipsius
295 590 487 627 transferri
513 590 617 627 nullo
645 590 757 627 modo
785 596 903 642 nequ'e
930 596 1052 642 potest
1080 605 1198 642 neque
1225 593 1346 633 debet.

205 652 389 703 Quodque
415 653 461 690 ad
490 653 710 702 dignitatem
737 655 934 692 ministerii
958 655 1103 700 attinet,
1133 657 1249 694 multo
1270 658 1390 706 magis
1409 673 1585 698 ornamus
1607 675 1676 699 no·

152 721 269 754 strum
294 716 553 761 ministerium,
582 717 612 754 si
638 717 678 754 in
705 718 769 755 illo
797 719 996 768 ipsummet
1024 718 1144 757 Deum
1173 721 1344 771 spiritum
1363 727 1535 761 sanctum
1562 725 1674 762 nobis

151 780 331 822 assistere,
358 785 467 831 atque
493 782 692 831 ipsummet
719 796 783 832 per
811 796 848 820 se
877 796 1056 833 suumque
1081 784 1198 834 ipsius
1227 797 1319 835 opus
1349 786 1457 823 nobis
1483 789 1672 838 cooperari

151 844 283 881 virtute
319 858 384 881 sua
411 845 536 883 divina
561 850 759 890 testemur,
787 861 897 897 quam
927 848 958 884 si
985 848 1084 885 illius
1111 849 1308 886 efficaciam
1336 850 1373 887 in
1403 856 1532 888 nostro
1562 865 1672 902 opere

149 912 363 946 statuamus.
427 909 588 956 Etenim,
615 911 647 948 si
675 911 792 948 virtus
820 913 971 962 spiritus
999 914 1120 950 sancti
1145 914 1185 951 in
1213 918 1342 952 nostro
1371 915 1577 953 ministerio
1605 931 1671 968 per

147 978 315 1010 nostrum
350 986 442 1025 opus
479 987 556 1012 sese
592 976 720 1020 exerit,
756 981 818 1013 aut
854 990 942 1014 sane
977 990 1071 1028 opus
1106 979 1228 1029 ipsum
1266 980 1428 1019 ministri
1457 994 1600 1033 semper
1635 987 1671 1021 et

145 1037 281 1088 ubique
316 1039 439 1075 efficax
476 1039 558 1080 erit,
593 1044 656 1076 aut
682 1040 772 1077 unio
799 1041 862 1077 illa
890 1041 1010 1091 pacti:
1049 1042 1129 1091 Ego
1159 1057 1237 1080 sum
1269 1044 1465 1083 vobiscum
1491 1051 1560 1084 ete.
1592 1061 1668 1085 non

145 1115 286 1152 semper
313 1105 412 1139 certa
438 1103 522 1141 erit.

194 1170 318 1217 Atque
345 1180 433 1204 sane
458 1180 539 1204 eam
566 1169 802 1218 potissimum
829 1169 877 1206 ob
907 1183 1053 1207 causam
1083 1172 1172 1208 unio
1201 1172 1262 1209 illa
1286 1173 1573 1212 Sacramentalis
1592 1190 1669 1214 non

141 1230 187 1267 ab
216 1231 387 1268 omnibus
417 1232 653 1270 constituitur
681 1233 719 1270 111
748 1234 832 1281 (fol.
862 1236 970 1282 124a)
998 1236 1088 1272 reali
1114 1237 1179 1273 illa
1206 1241 1469 1287 mysteriorum
1490 1252 1574 1277 cum
1594 1241 1669 1279 ele-

142 1296 275 1333 mentis
313 1296 544 1335 connexione
585 1297 681 1335 circa
717 1312 824 1335 usum
865 1301 1212 1347 Sacramentorum,
1249 1303 1348 1353 quod
1384 1305 1447 1342 alii
1481 1306 1583 1344 illam
1620 1309 1667 1345 ad

140 1358 219 1409 pios
247 1359 357 1396 simul
383 1364 493 1410 atque
519 1360 655 1411 impios
682 1361 865 1411 pertinere
895 1363 1041 1410 docent,
1068 1364 1131 1401 alii
1156 1378 1240 1402 vero
1260 1373 1410 1415 negant.
1440 1367 1501 1414 Et,
1526 1374 1663 1409 utnon

139 1430 273 1461 temere
309 1424 347 1460 id
383 1438 518 1472 negare
555 1425 762 1472 videantur,
795 1428 971 1465 unionem
1006 1428 1110 1466 illam
1143 1443 1220 1467 non
1254 1430 1294 1468 in
1332 1433 1565 1472 connexione
1589 1437 1666 1473 uHa

138 1501 221 1525 cum
266 1489 469 1531 elementis.
505 1490 568 1527 sed
604 1490 641 1527 in
680 1491 877 1528 ministerii
913 1492 1072 1530 efficacia
1109 1495 1335 1533 constituere
1369 1498 1527 1544 malunt,
1563 1500 1663 1550 quod

138 1552 318 1590 connexio
355 1553 417 1590 illa
453 1554 709 1603 alligationem
736 1555 922 1605 quandam
952 1569 1077 1594 secum
1104 1557 1250 1596 adferre
1277 1559 1457 1608 videatur,
1481 1576 1597 1613 quam
1623 1565 1664 1603 in

136 1617 275 1655 unione
300 1618 399 1668 pacti
427 1618 466 1655 in
493 1619 701 1656 ministerio
730 1621 868 1670 requiri
893 1634 967 1659 non
994 1635 1103 1672 posse
1129 1627 1275 1674 putant.
1331 1625 1419 1670 Sed,
1449 1627 1535 1664 dum
1561 1630 1663 1679 pacti

140 1682 232 1718 hanc
267 1682 445 1720 unionem
481 1682 521 1720 in
556 1683 638 1734 ipso
672 1684 835 1722 ministri
862 1697 971 1735 opere
997 1691 1156 1736 ponunt,
1190 1701 1329 1738 ponere
1367 1703 1444 1727 eam
1475 1704 1558 1729 vere
1585 1706 1663 1731 non

136 1749 302 1795 possunt,
330 1746 402 1783 nisi
429 1746 531 1784 illam
560 1748 662 1798 operi
690 1748 761 1799 ipsi
789 1749 951 1787 ministri
977 1750 1143 1800 alligent.
1175 1752 1275 1789 Tolli
1301 1753 1399 1791 enim
1418 1755 1597 1794 unionem
1615 1758 1661 1795 il-

137 1808 210 1844 lam
246 1808 294 1845 ab
330 1809 410 1859 ipso
446 1809 610 1847 ministri
645 1824 754 1861 opere
790 1825 939 1849 necesse
975 1817 1050 1857 est,
1088 1814 1175 1851 dum
1203 1828 1295 1866 opus
1322 1817 1486 1856 ministri
1513 1819 1552 1857 in
1580 1820 1660 1871 ipso

137 1872 247 1909 etiam
276 1873 478 1911 ministerio
506 1876 634 1912 efficax
663 1889 738 1913 non
766 1880 832 1914 est.
862 1877 1016 1928 Alioqui
1043 1879 1163 1929 posita
1184 1880 1322 1917 unione
1340 1881 1379 1918 in
1398 1881 1480 1933 ipso
1498 1884 1661 1922 ministri

137 1950 245 1987 opere
282 1938 328 1975 ad
363 1952 492 1977 omnes
527 1953 615 1978 sane
654 1940 744 1977 unio
780 1942 859 1992 ipsa
895 1943 1096 1993 pertinebit
1135 1945 1211 1982 sive
1247 1946 1322 1983 sint
1357 1947 1409 1997 pii
1443 1948 1520 1986 sive
1546 1949 1663 2001 impii,

137 2002 180 2038 ad
218 2016 309 2053 quos
345 2004 456 2041 modo
494 2017 585 2056 opus
620 2006 781 2044 ministri
816 2007 921 2051 iflud,
948 2008 987 2045 in
1015 2022 1088 2058 qno
1115 2009 1206 2047 unio
1236 2016 1289 2048 est
1316 2011 1450 2062 posita,
1477 2015 1660 2064 pertinere

140 2071 298 2105 constat.

188 2131 293 2169 Nihil
321 2133 488 2171 sublevat
514 2133 629 2183 igitur
656 2148 719 2172 eos
747 2135 837 2173 haec
863 2137 1014 2175 unionis
1043 2139 1089 2175 ab
1116 2139 1306 2178 elementis
1334 2142 1657 2182 Sacramentorum

137 2197 180 2232 ad
217 2210 308 2247 opus
343 2198 505 2236 ministri
539 2200 579 2236 in
616 2199 824 2238 ministerio
861 2202 940 2252 ipso
976 2204 1239 2254 transpositio,
1275 2207 1474 2256 quominus
1501 2209 1548 2246 ad
1575 2210 1657 2260 pios

137 2260 237 2298 iuxta
275 2275 316 2298 ac
350 2263 482 2313 impios
510 2264 707 2314 pertineat,
734 2266 834 2316 quod
861 2271 986 2305 tamen
1013 2268 1098 2306 illos
1126 2270 1294 2308 omnium
1322 2272 1482 2310 maxime
1509 2276 1655 2324 quaesi-

136 2325 231 2362 visse
257 2326 295 2363 in
323 2340 362 2364 ea
389 2328 468 2377 ipsa
495 2330 786 2380 transpositione
813 2331 992 2371 videmus.

187 2390 270 2433 Sed,
305 2391 374 2428 etsi
414 2391 553 2439 demus,
590 2394 686 2432 hanc
711 2396 822 2433 talem
850 2397 948 2447 pacti
974 2398 1166 2443 unionem,
1192 2399 1277 2448 (fol.
1308 2402 1417 2448 12412)
1445 2403 1493 2440 ad
1520 2403 1654 2454 impios

137 2466 211 2490 non
246 2455 440 2504 pertinere,
468 2456 529 2494 sed
556 2461 702 2495 tantum
729 2459 774 2496 ad
803 2460 942 2506 fideles,
976 2461 1090 2512 inque
1117 2462 1197 2514 ipso
1227 2463 1388 2501 ministri
1416 2478 1525 2516 opere
1551 2466 1653 2504 illam

137 2522 354 2561 statuamus,
370 2539 418 2546 -
437 2533 535 2564 sane,
563 2522 593 2558 si
620 2536 711 2573 opus
738 2524 901 2562 ministri
928 2530 995 2571 est,
1023 2526 1139 2576 ipsam
1171 2527 1416 2566 substantiam
1446 2530 1550 2568 iuxta
1571 2545 1654 2583 spe-

136 2582 226 2619 ciem
264 2584 428 2632 corporis
466 2584 603 2622 Christi
639 2587 676 2623 in
714 2601 826 2626 coena
861 2589 1035 2628 exhibere
1070 2597 1220 2642 propter
1255 2593 1355 2642 pacti
1390 2594 1580 2641 unionem,
1619 2602 1655 2635 et

136 2647 212 2697 ipsa
257 2646 405 2684 interim
448 2650 612 2698 corporis
647 2652 785 2690 Christi
825 2655 1004 2692 naturalis
1043 2656 1250 2694 substantia
1294 2670 1429 2696 coenae
1463 2660 1653 2700 elementis

136 2724 209 2748 11011
238 2716 292 2748 est
321 2724 487 2749 connexa
515 2719 577 2750 aut
605 2716 879 2760 coniuncta,—-
898 2720 1065 2766 ubinam,
1093 2721 1260 2765 obsecro,
1283 2722 1532 2761 exhibendam
1550 2725 1652 2763 illam

134 2775 295 2813 ministri
330 2776 501 2813 manibus
539 2780 702 2828 corporis
731 2782 869 2820 Christi
913 2785 1092 2822 naturalis
1129 2786 1376 2824 substantiam
1406 2801 1651 2838 agnoscemus

134 2842 195 2875 aut
222 2839 490 2890 percipiemus?

188 2902 368 2955 Equidem
394 2907 536 2956 praeter
563 2918 695 2957 panem
723 2911 758 2945 et
786 2908 911 2947 vinum
941 2911 1034 2956 nihil
1062 2912 1171 2950 nobis
1199 2913 1367 2952 exhiheri
1406 2918 1584 2957 sentimus
1612 2920 1651 2959 in
