1818 3178
1557 83 1627 120 315

105 191 396 243 Wcstphalicam
441 190 746 236 delitescentiam,
792 191 869 229 sive
914 191 1139 242 Papisticam
1174 192 1630 232 transubstantiationem.

102 255 170 294 Bis
194 255 310 305 igitur
338 254 400 292 hic
426 254 604 292 mentitur
631 255 818 305 Propheta
845 256 1068 300 Saxonicus,
1096 256 1182 294 dum
1210 269 1270 294 me
1295 261 1332 295 et
1350 262 1459 295 antea
1476 270 1631 307 negasse

104 319 196 358 dicit
213 333 307 371 quae
329 332 429 358 nunc
448 332 625 368 agnoscO,
637 324 672 358 et
695 333 796 358 nunc
814 319 963 358 demum
979 334 1180 370 agnoscere
1201 335 1295 372 quae
1311 326 1420 360 antea
1435 323 1631 373 negabam.

105 384 178 422 Sed
213 385 284 422 hoc
319 384 429 421 facile
456 383 662 429 devorabit,
689 384 852 422 invictus
881 384 1024 422 scilicet
1050 385 1218 423 veritatis
1245 390 1418 431 assertor,
1445 387 1509 437 qui
1536 387 1632 425 nibil

102 449 178 486 fere
203 448 305 486 aliud
332 448 422 497 agit,
440 461 551 498 quam
571 448 748 486 mentitur
765 449 904 498 passim
924 448 1194 499 calumniisque
1215 450 1292 487 suis
1313 451 1487 500 depravat
1506 451 1632 488 omnia

104 516 152 557 et,
178 511 286 549 furiis
314 512 389 549 suis
415 511 680 557 infiammatus,
708 525 852 549 sursum
882 524 925 549 ac
953 512 1126 550 deorsum
1145 513 1299 551 miscere
1319 514 1444 551 omnia
1464 518 1631 553 conatur.

157 576 230 614 Sed
264 581 301 614 et
335 576 375 614 in
412 577 525 614 altera
560 577 632 614 mei
667 577 726 613 hic
760 577 998 614 accusatione
1035 577 1230 615 mendacia
1267 578 1390 616 adhuc
1429 579 1632 616 mendaciis

104 641 339 679 accumulare
381 641 516 692 pergit.
579 642 645 679 Ait
691 641 804 685 enim,
851 654 910 678 me
945 654 966 678 a
1003 641 1166 679 Domino
1223 642 1378 680 Calvino
1425 643 1633 689 dissentire,

105 707 137 744 si
174 707 363 745 Christum
403 706 609 744 Dominum
645 706 755 744 nobis
792 706 831 744 in
876 706 1001 743 Coena
1029 719 1094 743 sua
1131 706 1235 744 iuxta
1263 707 1381 757 ipsam
1409 707 1521 745 etiam
1550 720 1633 745 cor·

104 771 206 822 poris
258 771 316 808 sui
367 770 614 808 substantiam
657 770 788 807 adesse
841 769 974 816 dicam,
1010 783 1052 807 eo
1090 771 1190 820 quod
1235 770 1282 809 D.
1328 771 1503 809 Calvinus
1555 772 1633 810 eius

105 835 223 886 ipsius
249 835 480 886 praesentiae
507 835 658 872 nomine
685 847 705 871 a
734 833 900 871 Luthero
930 847 968 871 se
995 839 1031 871 et
1059 834 1321 885 Westphalicis
1350 835 1528 874 Ecclesiis
1556 835 1633 874 dis-

106 899 245 937 sentire
280 900 429 937 fatetur.
485 898 572 937 Quo
600 898 769 948 equidem
796 899 880 935 loeo
909 897 966 935 bis
994 911 1143 935 rursum
1170 912 1246 936 non
1273 899 1459 938 erubescit
1485 900 1634 938 mentiri

106 963 292 1015 Propheta
329 963 390 1001 hic
426 963 721 1013 Hamburgicus.
774 963 940 1000 Primum
977 963 1076 1000 enim
1103 976 1179 1000 non
1208 963 1388 1001 dissentio
1415 978 1436 1002 a
1465 966 1635 1011 Calvino,

107 1028 196 1066 dum
230 1029 341 1066 nobis
382 1028 572 1066 Christum
599 1028 804 1065 Dominum
830 1027 1140 1072 substantialiter,
1167 1028 1278 1066 ctiam
1307 1041 1460 1079 corpore
1487 1043 1568 1076 suo,
1594 1030 1633 1068 in

109 1093 233 1131 Coena
261 1106 326 1131 sua
353 1093 482 1130 adesse
509 1092 607 1135 dico,
636 1092 818 1143 siquidem
850 1093 995 1129 coenae
1021 1105 1110 1129 usus
1136 1113 1187 1121 —
1214 1093 1314 1142 quod
1332 1094 1471 1143 pluries
1492 1095 1634 1145 alioqui

107 1162 232 1208 repeto
257 1178 309 1185 —
335 1156 492 1194 terrenis
519 1156 619 1193 illius
646 1156 837 1193 elementis
866 1169 941 1193 non
968 1156 1154 1205 alligetur.
1199 1156 1298 1193 Nam
1326 1162 1362 1194 et
1389 1157 1436 1195 D.
1457 1158 1634 1196 Calvinus

109 1222 265 1259 eandem
299 1233 443 1258 mecum
480 1219 622 1258 Christi
655 1219 810 1257 Domini
845 1219 884 1257 in
915 1220 1038 1257 Coena
1066 1233 1131 1257 sua
1158 1220 1405 1270 praesentiam
1430 1222 1568 1272 passim
1595 1222 1635 1260 in

107 1286 283 1324 omnibus
311 1285 459 1336 scriptis
487 1285 563 1323 suis
591 1285 774 1333 agnoscit,
802 1284 891 1322 dum
919 1297 1001 1330 nOS,
1020 1298 1155 1322 arcana
1177 1285 1336 1336 Spiritus
1362 1286 1481 1324 sancti
1501 1286 1636 1324 virtute

107 1350 154 1388 ad
193 1350 384 1388 Christum
418 1348 624 1386 Dominum
659 1348 856 1386 subvectos
891 1361 955 1399 per
988 1348 1112 1393 fidem,
1151 1349 1265 1386 vitam
1293 1354 1459 1387 nostram
1485 1362 1528 1387 ex
1556 1350 1636 1401 ipsa

109 1414 275 1465 corporis
316 1413 456 1452 Christi
492 1413 703 1450 substantia
739 1417 1024 1463 promanantem
1059 1412 1099 1450 in
1126 1425 1193 1449 usu
1222 1414 1367 1450 Coenae
1393 1413 1539 1451 haurire
1568 1415 1635 1452 do-

108 1479 194 1528 (fol.
225 1480 361 1527 75)cet,
395 1477 469 1515 nisi
496 1478 528 1515 si
554 1477 725 1527 Erinnys·
748 1476 1002 1527 westphalica
1031 1476 1220 1514 Christum
1247 1476 1449 1515 Dominum
1477 1492 1498 1515 a
1526 1478 1635 1516 nobis

109 1544 231 1582 adhuc
267 1543 464 1581 excludere
501 1547 667 1586 conetur,
695 1542 783 1579 dum
808 1546 1095 1592 promanantem
1122 1555 1167 1579 ex
1193 1541 1275 1592 ipsa
1302 1543 1469 1593 corporis
1497 1543 1637 1581 Christi

110 1608 321 1646 substantia
356 1606 470 1644 vitam
505 1611 672 1644 nostram
699 1605 738 1643 in
768 1606 893 1643 Coena
920 1606 1038 1656 ipsius
1066 1606 1271 1650 haurimus,
1297 1609 1333 1643 et
1359 1607 1433 1644 illis
1461 1620 1636 1658 praesen-

111 1675 186 1709 tem
222 1671 329 1708 sistat
369 1670 535 1719 adeoque
571 1674 607 1706 et
635 1668 675 1706 in
702 1681 797 1720 pane
826 1668 1107 1717 deglutiendum
1135 1667 1322 1719 praebeat,
1350 1669 1429 1706 sine
1456 1669 1532 1706 vita
1559 1670 1635 1720 spi-

109 1735 185 1773 ritu
220 1740 256 1772 et
282 1735 402 1784 gloria
430 1733 559 1784 ipsius,
585 1733 663 1784 qui,
689 1733 810 1770 Judae
838 1733 969 1777 instar,
997 1733 1161 1770 Coenam
1189 1733 1356 1776 Domini,
1383 1734 1483 1784 quod
1511 1734 1549 1772 in
1578 1735 1636 1785 ip-

112 1798 163 1836 sis
190 1806 258 1843 est,
286 1799 544 1836 contaminant
571 1802 607 1834 et
633 1810 699 1834 sua,
727 1797 917 1847 impietate
944 1788 1185 1834 labefactant.
1231 1796 1377 1834 Deinde
1403 1811 1521 1848 neque
1549 1799 1634 1836 Cal-

112 1862 220 1900 vinus
255 1875 277 1899 a
312 1861 478 1899 Luthero
513 1865 550 1898 et
585 1860 847 1910 westphalicis
883 1860 1055 1898 dissentit
1091 1860 1281 1903 Ecclesiis,
1315 1866 1509 1912 propterea
1535 1863 1636 1912 quod

111 1931 293 1970 asserunt,
321 1926 513 1964 Christum
539 1925 746 1963 Dominum
770 1925 810 1962 in
839 1926 1079 1963 Sacramento
1096 1925 1370 1963 communionis
1395 1939 1548 1976 corpore
1569 1940 1635 1964 suo

113 1991 408 2031 substantialiter
434 1990 564 2028 adesse
588 2011 637 2018 -—
667 1989 738 2027 hoc
764 1989 864 2027 enim
892 2003 974 2027 cum
1004 1990 1173 2035 Calvino,
1191 1990 1290 2027 absit
1306 1990 1418 2027 niodo
1439 1991 1637 2036 calumnia,

114 2056 389 2095 consentienter
417 2068 546 2092 omnes
573 2055 811 2104 agnoscimus
837 2075 888 2083 —-
915 2054 978 2091 sed
1007 2058 1042 2091 et
1069 2068 1090 2092 a
1118 2053 1287 2091 Luthero
1315 2059 1351 2091 et
1378 2068 1398 2092 a
1427 2054 1636 2106 Westphali

113 2121 355 2172 Syncretistis
404 2132 531 2156 omnes
576 2119 687 2156 etiam
733 2118 986 2161 dissentimus,
1029 2118 1129 2168 quod
1165 2118 1233 2162 illi,
1268 2118 1557 2156 reclamantibus
1600 2124 1636 2157 et

113 2184 314 2236 Scripturis
349 2188 384 2221 et
419 2183 628 2234 primaevae
663 2186 748 2232 post
785 2182 988 2232 Apostolos
1026 2181 1212 2218 Ecclesiae
1249 2181 1475 2220 Doctoribus
1512 2184 1635 2221 omni-

113 2251 195 2296 bus,
231 2249 390 2299 denique
427 2261 502 2285 non
539 2247 619 2284 sine
655 2246 851 2284 manifesta
890 2246 1029 2284 Christi
1066 2245 1218 2283 Domini
1247 2246 1482 2292 contumelia,
1510 2260 1634 2285 sacro-

113 2319 284 2353 sanctum
320 2313 421 2351 illius
458 2325 592 2363 corpus
619 2315 679 2359 (ut
705 2311 800 2348 illud
826 2311 914 2362 pani
943 2312 1088 2348 Coenae
1115 2310 1191 2347 sive
1217 2310 1412 2348 includant
1439 2312 1516 2349 sive
1544 2325 1634 2349 con-

112 2381 281 2427 nectant)
318 2378 392 2415 vita
429 2377 562 2428 spiritu
597 2390 640 2414 ac
674 2377 792 2426 gloria
822 2389 886 2414 sua
915 2375 1078 2426 spoliant
1104 2375 1217 2425 inque
1244 2375 1467 2413 immensum
1493 2390 1634 2427 expan-

113 2445 221 2489 dunt,
256 2447 293 2482 et
330 2441 455 2492 impiis
492 2441 686 2492 palamque
721 2440 919 2489 flagitiosis
958 2439 1174 2477 hominibus
1210 2439 1470 2488 indignissimo
1496 2442 1634 2492 prosti-

111 2514 235 2548 tuunt.
291 2507 396 2545 Haec
433 2506 465 2544 si
492 2519 569 2543 non
597 2505 768 2555 agnoscit
796 2505 1046 2555 Westphalus,
1072 2517 1091 2541 e
1117 2504 1223 2542 libris
1249 2518 1291 2542 ca
1319 2505 1395 2543 suis
1421 2512 1456 2543 et
1483 2519 1634 2544 suorum

112 2578 314 2626 expungat,
348 2577 384 2610 et
411 2584 497 2608 mox
525 2570 595 2608 erit
623 2569 837 2608 concordia.
892 2569 930 2606 Si
961 2582 1045 2606 vero
1074 2582 1206 2618 urgere
1233 2569 1303 2607 ista
1331 2583 1373 2607 ac
1398 2583 1634 2621 propugnare

112 2640 244 2691 pergit,
280 2638 425 2675 desinat
459 2635 749 2686 simplicioribus
786 2635 914 2671 fucum
950 2635 1081 2679 facere,
1109 2634 1215 2684 quasi
1243 2634 1325 2671 ideo
1355 2648 1420 2672 sua
1446 2634 1634 2685 improbe·

113 2718 207 2751 mus,
242 2703 341 2754 quod
377 2702 455 2753 ipse
489 2704 641 2743 asserat,
679 2699 869 2737 Christum
897 2698 1100 2735 Dominum
1128 2699 1167 2735 in
1197 2699 1436 2736 sacramento
1467 2712 1632 2736 commu-

113 2769 237 2808 nionis
281 2779 435 2816 corpore
471 2778 537 2802 suo
575 2763 870 2801 substantialiter
903 2762 1044 2800 adesse.
1096 2762 1146 2799 Et
1189 2763 1228 2800 in
1265 2763 1379 2800 altera
1415 2763 1530 2812 igitur
1564 2762 1634 2800 hac

114 2832 233 2871 nostri
260 2831 498 2870 accusatione
526 2828 582 2866 bis
608 2828 786 2866 mentitur
818 2827 1065 2878 Westphalus‚
1090 2827 1128 2865 et
1155 2840 1238 2864 cuin
1266 2841 1325 2865 mc
1352 2842 1370 2865 a
1400 2827 1446 2866 D.
1477 2828 1632 2884 Calviiip
