1818 3178
198 97 270 133 290

196 218 282 243 vum
330 205 421 241 adeo
467 215 595 253 quem·
647 203 734 239 titur
761 204 1007 251 persuadere,
1044 206 1147 252 quod
1181 219 1253 242 non
1283 208 1474 244 dissentiat
1500 221 1524 245 α
1552 209 1721 246 doctrina

195 270 280 306 dam
290 268 453 313 modum,
464 267 593 303 siitem
644 270 886 315 Auyustanae
908 268 1172 316 Consessz'om‘s.
1200 271 1403 318 Proferens
1426 286 1496 309 sua
1516 281 1719 312 commenta

195 336 401 370 commenta
418 335 545 368 nostra
556 334 590 367 et
643 331 792 380 affinyz't
826 334 1001 369 violentas
1029 339 1062 369 et
1089 340 1275 372 contortas
1303 337 1623 385 interpretationes
1650 350 1715 374 vo-

194 396 590 433 violentasaccontor-
644 407 726 431 cum
759 403 792 432 et
822 409 894 445 per
930 409 993 433 eas
1029 410 1133 434 suum
1170 407 1420 442 commentum.
1455 400 1539 448 (fol.
1578 402 1646 448 32)
1682 402 1722 438 id

193 465 261 503 tas,
303 463 342 495 ut
365 459 494 507 jactat,
531 471 594 494 vo·
648 466 711 505 est,
740 467 954 509 conceptum
982 462 1106 498 animo
1135 475 1296 500 errorem
1324 466 1398 501 vult
1422 465 1588 512 probare
1616 465 1719 511 etst-

193 537 276 561 cum
312 523 589 573 interpretatio·
643 525 723 561 dem
751 526 903 573 facere,
938 537 976 562 se
1013 527 1217 563 consentire
1253 540 1335 563 cum
1366 530 1718 577 Auyuslana>00w

193 601 257 625 nes
276 587 486 624 inmedium
501 600 588 637 pro·
633 589 816 635 sessione.
869 589 1024 625 Interim
1050 590 1118 626 lzoc
1147 592 1264 627 solum
1286 593 1444 640 probat,
1471 605 1510 633 se
1540 606 1612 629 aon
1641 593 1719 628 dis-

190 652 347 696 tulisset,
399 657 591 701 utcunque
641 654 775 689 sentire
811 666 834 689 α
870 666 907 690 se
944 655 1039 704 ipso,
1074 655 1140 690 sed
1165 656 1317 700 idolum,
1343 658 1557 702 formatum
1585 658 1624 693 in
1650 670 1718 694 suo

193 717 226 753 ei
262 715 593 766 respondissemus,
646 718 770 762 eorde,
795 718 872 754 suis
899 719 1057 755 venustis
1085 719 1368 767 ooyz'tationibus
1396 722 1569 769 empolire.

190 780 502 830 quemadmodum
552 780 590 817 id

191 844 313 890 etiam,
324 848 507 895 quatenus
521 845 591 882 ali-

191 909 283 959 quid
322 909 475 959 profert,
512 910 589 947 suis

191 973 284 1011 locis
397 974 589 1012 faciemus.

194 1037 267 1075 Sed
288 1040 395 1075 tanto
415 1037 585 1075 Profetae

193 1101 334 1139 seilicet
368 1101 636 1152 pronunciasse
671 1100 760 1138 satis
797 1104 863 1146 est,
898 1101 1055 1147 etiamsi,
1091 1115 1184 1152 quae
1220 1102 1354 1150 adfert,
1389 1103 1590 1142 vanissima
1639 1117 1718 1142 esse

193 1180 268 1204 non
297 1167 456 1216 ignoret.
493 1166 693 1215 Indulgeat
719 1166 797 1216 ipse
824 1166 939 1214 igitur
967 1166 1033 1203 bili
1061 1179 1159 1212 suae,
1187 1170 1226 1204 ut
1252 1168 1372 1205 volet:
1401 1181 1469 1205 nos
1496 1181 1574 1205 rem
1600 1168 1719 1218 ipsam

190 1244 468 1282 prosequemur.
524 1231 564 1267 Si
598 1230 796 1267 mirificum
824 1230 929 1267 illum
959 1234 993 1268 et
1021 1243 1161 1268 novum
1188 1232 1342 1269 modum
1369 1231 1621 1282 persuasionis
1648 1244 1718 1268 no-

193 1301 289 1334 strae
315 1296 354 1333 in
384 1296 455 1333 hoc
483 1295 688 1341 constituit,
711 1294 810 1345 quod
829 1295 1051 1345 particulam
1074 1296 1231 1333 ucum''
1250 1296 1286 1333 in
1311 1296 1454 1334 decimo
1476 1299 1718 1347 Augustanae

192 1361 448 1398 Confessionis
486 1360 643 1398 articulo
680 1372 757 1397 non
792 1359 964 1409 equidem
999 1360 1045 1397 ad
1072 1359 1195 1410 ipsum
1222 1360 1361 1398 Panem
1386 1361 1558 1399 locumve
1585 1361 1624 1398 in
1651 1361 1717 1398 illo

190 1425 321 1472 ullum,
358 1425 421 1463 sed
457 1425 503 1462 ad
539 1429 683 1475 tempus
721 1425 877 1461 referam
911 1425 1037 1475 potius
1076 1424 1259 1474 Mysticae
1285 1425 1325 1462 in
1354 1426 1477 1462 Coena
1506 1439 1527 1463 a
1553 1425 1717 1463 Domino

189 1489 383 1527 institutae
419 1490 591 1534 actionis,
627 1489 665 1526 id
701 1489 794 1526 mihi
830 1502 918 1526 sane
955 1502 1037 1526 curn
1072 1489 1231 1539 ipsomet
1267 1490 1485 1540 Westphalo
1524 1503 1718 1528 commune

192 1559 259 1598 est,
296 1554 360 1604 qui
396 1553 537 1604 alioqui
563 1557 627 1591 aut
655 1553 892 1603 semetipsum
919 1566 993 1590 una
1020 1566 1166 1590 mecum
1192 1553 1371 1592 mirificae
1399 1554 1508 1592 huius
1536 1559 1571 1592 et
1600 1568 1718 1592 novae

189 1618 442 1668 persuasionis
481 1619 587 1669 culpa
623 1617 742 1655 teneri
775 1617 971 1666 intelliget,
1004 1621 1068 1656 aut
1103 1631 1161 1655 me
1199 1631 1321 1655 secum
1359 1631 1432 1655 una
1469 1620 1571 1656 omni
1599 1619 1717 1657 haud-

191 1681 303 1719 dubie
340 1682 445 1733 culpa
472 1682 659 1725 liberabit,
685 1681 724 1718 id
753 1680 853 1731 quod
879 1681 920 1717 in
947 1685 1076 1718 nostra
1104 1680 1148 1718 ad
1178 1681 1459 1731 Paragraphum
1486 1685 1534 1719 23
1562 1695 1716 1733 respon-

192 1746 295 1784 sione
330 1747 439 1797 plane
465 1746 670 1796 apparebit.
723 1745 903 1782 Libenter
930 1750 1053 1782 autem
1082 1745 1284 1795 amplector
1315 1745 1520 1796 Westphali
1545 1746 1715 1783 testimo-

190 1811 306 1856 nium,
350 1824 423 1860 quo
467 1824 526 1847 me
569 1824 589 1847 a
624 1809 764 1860 meipso
801 1809 840 1846 in
876 1809 1050 1846 doctrina
1086 1822 1167 1846 mea
1203 1822 1278 1846 non
1317 1809 1513 1847 dissentire
1546 1814 1716 1849 testatur.

192 1877 426 1926 Quocunque
462 1876 561 1913 enim
596 1874 634 1911 id
671 1874 784 1911 modo
823 1874 925 1919 facit,
962 1874 1200 1925 semetipsum
1238 1874 1423 1912 mendacii
1451 1876 1653 1919 convincit,
1680 1881 1715 1914 et

186 1942 309 1991 palam
337 1940 511 1983 ostendit,
540 1953 576 1977 se
605 1953 681 1977 non
708 1939 755 1976 ab
785 1939 867 1976 aliis
895 1939 1028 1984 solum,
1056 1939 1119 1977 sed
1148 1953 1168 1977 a
1190 1940 1387 1990 semetipso
1412 1940 1524 1978 etiam
1543 1941 1581 1978 in
1602 1941 1716 1978 Erin-

191 2018 259 2054 nys
295 2018 382 2042 suae
417 2004 576 2053 gratiam
612 2003 819 2049 dissentire,
861 2016 944 2040 cum
975 2017 1032 2040 me
1060 2004 1151 2041 alias
1179 2018 1199 2041 a
1226 2004 1366 2054 meipso
1396 2004 1592 2042 dissentire
1618 2007 1715 2043 affir-

189 2072 276 2113 met,
313 2083 413 2106 nunc
447 2082 532 2107 vero
568 2074 690 2118 neget,
727 2082 837 2118 quam
875 2082 943 2106 nos
972 2083 1060 2106 sane
1096 2069 1244 2107 laudem
1270 2073 1376 2107 tanto
1404 2069 1610 2120 Prophetae
1637 2083 1715 2108 non

190 2134 336 2182 in-(fol.
374 2134 624 2181 33)videmus.
681 2133 794 2171 Quod
832 2133 1041 2171 doctrinam
1076 2147 1194 2171 meam
1222 2134 1362 2171 idolum
1392 2135 1517 2172 nescio
1545 2134 1647 2185 quod
1673 2135 1713 2173 in

193 2198 303 2235 corde
338 2211 420 2235 meo
458 2198 659 2235 conflatum
698 2201 818 2242 vocat,
843 2211 945 2234 more
975 2211 1041 2234 suo
1070 2198 1107 2235 id
1136 2199 1237 2243 facit,
1264 2202 1306 2236 ut
1333 2199 1534 2236 artificiose
1561 2199 1715 2243 scilicet,

197 2276 242 2299 ne
280 2263 397 2300 dicam
437 2263 653 2308 scurriliter,
681 2276 784 2300 suam
812 2263 928 2312 ipsius
958 2264 1100 2313 culpam
1128 2263 1167 2300 in
1195 2277 1254 2300 me
1281 2264 1492 2301 transferat.
1546 2266 1599 2301 At
1627 2277 1712 2301 vero

191 2332 430 2376 posteaquam
469 2333 586 2364 certos
614 2340 683 2375 ego
710 2327 892 2377 planeque
920 2327 1153 2364 indubitatos
1183 2328 1375 2365 doctrinae
1402 2334 1552 2366 nosti-‘ae
1578 2329 1714 2373 sontes,

192 2395 267 2426 tam
296 2390 334 2427 in
364 2391 564 2440 Scripturis
593 2391 745 2435 sanctis,
772 2403 883 2441 quam
911 2392 950 2428 in
979 2391 1198 2430 orthodoxis
1228 2392 1442 2429 Catholicae
1470 2393 1610 2429 Christi
1637 2392 1712 2429 Ec-

192 2454 322 2490 clesiae
365 2454 591 2492 Doctoribus
625 2462 660 2492 et
697 2454 803 2492 video
841 2455 921 2505 ipse
953 2461 988 2492 et
1026 2459 1292 2499 commonstro,
1329 2455 1424 2492 nihil
1459 2468 1586 2492 moror
1621 2456 1712 2493 istas

191 2518 342 2568 spiritus
372 2518 613 2569 Wcstphalici
641 2520 857 2565 calumnias,
885 2521 994 2557 facile
1021 2520 1160 2570 alioqui
1181 2526 1410 2566 ostensurus,
1429 2520 1461 2557 si
1487 2519 1712 2558 contendere

190 2583 333 2627 liberet,
375 2596 451 2620 non
487 2598 507 2620 a
543 2585 664 2628 nobis,
700 2584 764 2622 sed
801 2585 847 2621 ab
884 2578 1055 2635 ipsomess
1081 2585 1314 2635 Westphalo,
1350 2585 1529 2622 horribile
1556 2586 1711 2622 formari

187 2648 342 2691 idolum,
379 2660 455 2684 non
492 2648 611 2685 solum
645 2649 684 2685 in
722 2649 831 2687 corde
859 2649 989 2700 ipsine,
1012 2650 1074 2687 sed
1104 2650 1142 2688 in
1170 2650 1281 2687 mutis
1309 2650 1418 2687 etiam
1447 2654 1558 2699 atque
1585 2651 1711 2699 egenis

189 2712 392 2756 elementis,
428 2716 462 2749 et
499 2712 648 2762 quidem
685 2726 761 2751 non
790 2714 870 2750 sine
897 2714 1119 2763 gravissima
1148 2714 1372 2752 contumelia
1400 2713 1551 2758 Christi,
1579 2727 1625 2751 ne
1653 2714 1710 2752 di-

190 2791 283 2821 cam,
319 2778 398 2826 ejus
434 2777 695 2825 abnegatione.
748 2778 874 2815 Palam
910 2784 977 2824 est,
1005 2792 1074 2817 nos
1098 2779 1322 2830 jampridem
1349 2782 1517 2829 expetere
1544 2779 1710 2828 legitima

187 2854 231 2879 ex
281 2842 402 2879 Verbo
443 2841 511 2877 Dei
558 2840 746 2879 Ecclesiae
790 2842 941 2887 iudicia,
977 2856 1072 2893 quae
1109 2843 1140 2880 si
1175 2843 1372 2893 impetrare
1399 2855 1475 2880 uon
1502 2853 1712 2894 possumus,
