1818 3178
120 127 189 161 191)
476 134 522 160 DE
552 132 833 159 SACRAMEN'HS
862 132 1077 158 ECCLESJAE
1106 133 1281 160 CHRISTI.

165 234 220 272 Dc
257 247 367 271 coena
406 246 489 270 vero
527 232 722 269 Dominica
758 232 938 281 prolixius
973 245 1041 269 nos
1077 233 1268 283 aliquanto
1305 247 1412 281 agere
1449 234 1634 284 oportebit

114 303 264 348 propter
307 304 452 336 exortas
487 297 581 333 eirca
625 296 727 332 illam
767 297 1050 342 controversias,
1085 310 1177 347 quae
1215 298 1419 335 Ecclesiam
1454 298 1634 335 haetenus

115 363 356 407 vehementer,
391 367 430 397 ut
467 361 643 404 videmus,
670 361 949 410 perturbarunt.
1003 361 1184 399 Dabimus
1222 366 1347 400 tamen
1375 375 1524 414 operam
1553 376 1631 400 om-

114 441 207 471 nein,
234 432 273 463 ut
302 426 424 462 omnia
453 438 472 461 a
501 425 609 462 nobis
639 426 735 462 clare
762 430 797 462 et
824 426 1016 476 perspicue
1044 426 1226 465 dicantur.
1437 430 1443 437 ‘

161 496 216 530 Ac
249 493 409 542 primuni
438 504 588 528 coenam
616 491 769 529 Domini
797 505 875 529 esse
903 492 1067 529 divinam
1096 494 1368 532 ordinationem
1397 495 1443 531 ab
1473 495 1632 545 ipsomet

113 557 257 593 Christo
295 555 456 592 Domino
497 555 718 601 institutam,
751 559 934 593 testantur
970 556 1233 605 Euangelistae
1269 564 1342 595 tres
1380 558 1418 607 in
1446 558 1631 608 passionis

111 620 314 656 dominicae
344 619 516 665 historia3
544 623 699 656 testatur
727 624 762 657 et
783 620 918 657 Paulus
939 621 1155 671 Apostolus,
1184 621 1271 658 dum
1296 622 1398 659 illius
1427 635 1532 659 usum
1558 623 1630 659 Co-

110 684 257 721 rinthiis
284 683 503 733 praescribit
530 687 565 720 et
593 684 840 722 commendat.

160 748 250 784 Esse
286 751 406 784 antem
443 747 607 797 positum
644 760 779 785 coenae
816 748 1023 786 dominicae
1061 751 1340 787 Sacramentum
1377 751 1416 788 in
1445 751 1632 789 Ecclesiae

110 812 326 855 ministerio,
355 812 466 848 verba
495 812 794 862 ipsanian—(fol.
826 814 990 861 902)dati
1018 814 1195 851 dominici
1223 815 1262 852 in
1290 815 1368 865 ipsa
1395 816 1632 854 institutione

108 880 309 913 testantur:
339 876 424 912 Hoc
452 880 585 924 jacite.
633 877 678 914 ln
715 890 824 927 opere
861 878 960 915 enim
989 879 1240 923 constituitur,
1275 880 1376 930 quod
1403 881 1483 917 fieri
1512 881 1633 926 debet,

108 944 143 977 et
171 939 324 989 proinde
349 940 388 976 in
416 940 622 977 ministerio
652 954 809 991 quoque,
836 948 874 979 ut
902 943 987 986 sint,
1016 945 1080 993 qui
1106 944 1200 981 illud
1227 949 1418 994 perag-ant.

157 1004 215 1040 Ita
260 1016 343 1040 vero
381 1004 418 1040 in
462 1005 669 1042 minist-erio
707 1005 895 1043 Ecclesiae
929 1008 1091 1057 positum
1127 1022 1207 1045 esse
1244 1021 1379 1046 coenae
1425 1009 1631 1049 dominicae

109 1070 398 1112 Sacramentum,
434 1073 475 1106 ut
502 1069 547 1106 ad
577 1075 691 1107 totam
721 1071 873 1108 omnino
904 1072 1044 1109 Christi
1072 1073 1277 1111 Ecclesiam
1303 1075 1498 1124 pertineat,
1532 1076 1629 1114 idem

108 1133 177 1169 hoe
212 1133 330 1182 ipsum
367 1133 603 1171 mandatum:
633 1135 704 1171 hoc
739 1135 863 1180 facite,
897 1136 1007 1173 nobis
1044 1150 1117 1173 non
1148 1138 1305 1175 obscure
1334 1142 1504 1178 testatur.
1558 1140 1625 1177 Et-

106 1199 202 1234 enim
239 1211 315 1234 non
349 1202 484 1235 temere
513 1199 681 1236 Christus
710 1199 893 1237 Dominus
923 1214 1056 1238 coenae
1084 1215 1171 1239 snae
1199 1216 1285 1240 suos
1315 1203 1499 1241 duntaxat
1526 1206 1629 1255 Apo-

107 1263 221 1299 stolos
258 1261 441 1306 adhibuit,
479 1262 625 1300 omissis
662 1264 743 1300 aliis
782 1265 968 1310 omnibns,
1004 1266 1067 1316 qui
1104 1266 1149 1303 ad
1186 1280 1321 1304 munus
1358 1269 1631 1318 Apostolicnm,

106 1328 247 1364 etiamsi
277 1327 447 1377 discipuli
475 1333 608 1373 essent,
644 1329 764 1366 vocati
792 1329 1034 1368 nihilominus
1062 1344 1138 1368 non
1166 1336 1283 1378 erant,
1319 1332 1495 1370 nimirum
1521 1338 1563 1371 ut
1590 1334 1629 1371 in

108 1392 195 1428 solis
233 1393 436 1442 ApostoliS,
472 1393 535 1442 qui
572 1393 642 1430 soli
679 1395 789 1430 etiam
826 1395 946 1432 omnis
983 1409 1093 1433 sanae
1127 1397 1318 1435 doetrinae
1344 1398 1629 1436 fundamentum

107 1456 145 1493 in
192 1457 366 1502 universa
395 1456 534 1494 Christi
567 1457 734 1495 Ecclesia
772 1458 995 1497 constituere
1029 1460 1234 1506 debebant,
1271 1461 1482 1499 nniversam
1518 1463 1628 1500 nobis

108 1534 207 1557 snam
239 1520 441 1557 Ecclesiam
470 1521 726 1568 adumbraret3
745 1545 794 1551 —
818 1527 865 1568 et,
892 1525 1203 1574 quemadmodum
1233 1525 1439 1563 doctrinam
1469 1539 1630 1573 omnem,

109 1584 298 1634 Apostolis
324 1584 414 1634 ipsis
440 1585 675 1634 potissimum
704 1587 889 1631 traditam,
917 1588 961 1625 ad
989 1593 1106 1625 totam
1132 1589 1280 1627 interim
1300 1603 1403 1627 suam
1423 1590 1629 1628 Ecclesiam

109 1649 186 1685 vult
222 1649 404 1698 pertinere
433 1650 499 1686 sub
529 1650 792 1700 Apostolorum
823 1652 985 1696 nomine,
1011 1674 1062 1682 —
1088 1653 1139 1690 ita
1167 1654 1276 1691 etiam
1305 1654 1350 1691 ad
1377 1658 1496 1692 totam
1524 1669 1627 1693 suam

109 1714 314 1751 Ecclesiam
349 1726 483 1751 coenae
520 1727 637 1759 usum,
673 1720 714 1753 ut
750 1717 942 1766 Apostolis
980 1718 1226 1768 praescriptus
1262 1722 1329 1763 est,
1365 1720 1435 1756 sub
1461 1719 1627 1770 ipsorum

108 1778 216 1816 etiam
245 1778 392 1815 nomine
419 1779 602 1828 pertinere
629 1780 729 1819 velit.

157 1843 215 1879 Ita
253 1856 336 1879 vero
370 1856 457 1879 mox
485 1857 505 1880 a
534 1857 647 1881 coena
676 1844 798 1890 etiam,
827 1845 912 1883 dum
941 1859 1008 1896 pro
1036 1848 1230 1897 Apostolis
1258 1853 1351 1895 orat,
1379 1849 1448 1886 sub
1476 1849 1626 1887 illorum

108 1907 256 1944 nomine
283 1912 398 1944 totam
427 1908 682 1958 complectitur
710 1909 927 1954 Ecclesiam,
953 1911 990 1948 id
1020 1912 1132 1962 quod,
1159 1912 1285 1950 addita
1305 1926 1393 1950 mox
1412 1914 1524 1951 veluti
1540 1915 1625 1963 (fol.

108 1971 192 2018 90¹²)
237 1971 464 2008 correctione
508 1972 679 2022 quadam,
712 1978 836 2024 aperte
873 1975 1047 2019 declarat,
1085 1976 1170 2013 dum
1208 1977 1278 2014 ait:
1324 1977 1410 2014 Non
1447 1990 1514 2028 pro
1551 1978 1626 2015 illis

107 2041 249 2073 tantum
294 2049 357 2073 oro
392 2043 475 2080 ete.,
519 2038 626 2088 quasi
662 2038 819 2076 diceret:
866 2039 950 2076 dum
995 2054 1062 2091 pro
1100 2042 1292 2092 Apostolis
1328 2043 1418 2080 meis
1456 2055 1542 2088 oro,
1587 2043 1626 2080 in

107 2101 232 2138 cadem
269 2115 347 2138 mea
384 2103 551 2139 oratione
578 2115 706 2140 omnes
733 2104 842 2142 etiam
873 2106 1109 2156 complector,
1145 2105 1356 2156 quicunque
1381 2120 1447 2157 per
1473 2108 1557 2146 11105
1585 2108 1624 2146 111

109 2179 165 2202 me
194 2166 427 2204 crediderint.

158 2229 216 2266 Ita
244 2234 279 2267 et
306 2230 365 2266 hie
392 2231 518 2279 igitur,
546 2231 633 2269 dnm
661 2232 864 2282 Apostolos
895 2246 980 2271 snos
1008 2233 1051 2270 ad
1082 2238 1285 2272 extremam
1313 2248 1417 2272 suam
1446 2236 1623 2274 cumillis

109 2290 260 2330 eocna'm
293 2294 330 2330 in
368 2295 437 2331 1100
474 2296 693 2345 collegisset,
733 2301 773 2334 ut
809 2301 1013 2335 extremum
1049 2299 1232 2349 quendam
1270 2299 1310 2337 in
1353 2300 1426 2337 vita
1465 2300 1524 2337 hie
1560 2313 1624 2337 sua

109 2357 296 2393 doctrinae
323 2359 442 2394 omnis
471 2372 555 2396 suae
583 2360 827 2410 colophonem
855 2361 1017 2407 adderet,
1043 2376 1196 2413 eamque
1215 2377 1310 2400 nova
1332 2377 1396 2400 sna
1415 2363 1624 2401 institutio-

109 2434 154 2457 ne
190 2421 288 2457 velut
325 2421 371 2458 ob
408 2424 534 2460 oculos
570 2429 735 2474 poneret,
768 2424 807 2462 in
845 2426 967 2463 verbis
997 2440 1083 2464 sane
1112 2428 1198 2473 illis,
1225 2441 1318 2477 qnae
1345 2427 1391 2464 ad
1421 2429 1622 2477 Apostolos

107 2486 258 2536 profert,
294 2498 368 2522 11011
406 2488 605 2536 Apostolos
640 2493 799 2535 tantum,
834 2491 895 2527 sed
932 2494 967 2528 et
1000 2504 1062 2529 eos
1100 2505 1227 2530 omnes
1257 2492 1525 2543 complectitur,
1561 2493 1623 2543 qui

106 2550 143 2586 in
181 2549 334 2586 candem
372 2562 452 2586 cum
489 2552 678 2601 Apostolis
715 2554 926 2591 societatem
954 2569 1018 2605 per
1048 2556 1255 2594 doctrinam
1277 2541 1445 2607 [ipsorum
1476 2558 1622 2595 venturi

106 2618 222 2651 crant.

157 2677 215 2714 Ad
245 2677 343 2714 hunc
370 2690 456 2714 sane
482 2678 632 2716 niodum
659 2685 694 2718 et
720 2682 854 2720 Paulus
882 2684 992 2722 verba
1021 2685 1110 2722 haec
1139 2686 1277 2724 Christi
1305 2685 1458 2724 Domini
1480 2687 1620 2724 intelli-

104 2743 168 2789 pgit,
206 2741 290 2778 dum
338 2754 472 2778 coenae
507 2755 613 2779 11511111
649 2749 683 2781 ct
718 2746 787 2782 sibi
824 2760 970 2798 quoque
1007 2749 1076 2786 sub
1112 2751 1263 2788 nomine
1299 2751 1566 2800 Apostolorum
1602 2764 1622 2788 a

106 2806 267 2843 Domino
286 2805 460 2843 traditum
490 2819 580 2850 esse,
608 2812 643 2843 ct
672 2821 719 2851 se,
747 2814 788 2846 ut
815 2824 834 2846 a
863 2811 1024 2849 Domino
1053 2814 1265 2864 accepisset,
1292 2814 1361 2852 toti
1389 2827 1517 2852 rursus
1547 2815 1619 2851 Co—

104 2871 323 2908 rinthiorum
355 2870 540 2907 Ecclesiae
570 2871 765 2910 tradidisse
791 2877 956 2913 testatur.
994 2877 1081 2914 Quo
1109 2882 1217 2928 pacto
1245 2878 1342 2915 enim
1371 2882 1406 2916 ct
1434 2879 1568 2916 Paulus
1597 2892 1617 2917 a
