1818 3178
747 125 989 157 PRAEFATIO.
1519 125 1642 157 XLVII

125 240 196 287 tet,
229 240 415 277 veterum
448 239 616 290 patrum
639 240 680 277 et
702 233 993 277 Conciliorum
1017 234 1237 276 autoritate
1258 233 1502 275 sententiam
1526 248 1645 276 suam

124 306 203 349 hac
241 305 412 363 epistola
454 321 477 348 a
518 305 655 348 Lasco
685 314 980 363 superstruere
1012 314 1188 348 conatus
1218 312 1322 349 erat.
1385 305 1484 347 Hoc
1513 305 1645 362 igitur

122 393 289 434 quoque
320 378 489 419 nomine
519 377 643 420 huius
673 377 872 434 epistolae
893 377 1058 419 iactura
1078 376 1256 419 dolenda
1278 383 1382 428 erat,
1409 375 1522 433 quod
1545 391 1645 433 prae

119 450 290 506 reliquis
318 451 405 491 eius
436 450 597 506 scriptis
629 450 802 492 candide
832 449 950 491 nobis
981 449 1222 501 edocuisset,
1256 464 1339 505 quo
1363 457 1484 505 pacto
1504 456 1646 491 noster

120 536 215 564 cum
249 521 378 564 veteri
408 520 626 564 Catholica
656 521 844 564 Ecclesia
874 521 917 562 in
948 520 1216 562 concordiam
1249 536 1325 563 sua
1347 521 1541 577 redigere
1563 528 1647 563 stu-

120 591 270 635 duerit.
332 592 387 634 Et
427 600 565 635 tamen
610 593 770 635 dudum
808 593 889 634 iam
933 591 1198 634 conclamata
1228 599 1329 644 erat,
1361 599 1507 648 utpote
1539 607 1646 648 quae

118 677 326 719 nusquam
359 662 546 706 locorum
578 663 715 705 ullum
745 662 1004 719 praesentiae
1025 677 1125 704 suae
1147 662 1369 718 vestigium
1393 662 1647 719 impressisse

121 734 353 778 videretur!
398 735 599 778 Faustius
623 743 761 778 tamen
782 735 950 777 fortuna
973 732 1090 776 nobis
1112 733 1397 786 consuluerat,
1420 749 1547 791 quam
1569 734 1647 791 ipsi

118 822 498 864 praesenseramus‚
546 815 586 849 et
615 822 743 864 aegre
775 805 1052 848 desideratam
1083 804 1198 846 illam
1231 804 1449 861 epistolam
1480 805 1646 847 lectori·

120 878 198 921 bus
226 878 277 921 ad
310 879 466 921 calcem
511 893 643 934 usque
674 892 872 920 excusam
903 877 1056 918 offerre
1087 891 1155 917 me
1186 891 1319 932 posse,
1352 875 1545 918 editionis
1576 891 1647 918 no-

121 958 231 994 strae
262 950 373 993 haud
406 951 597 993 infimum
628 950 754 992 decus
785 957 845 992 est
877 957 1003 1006 atque
1035 955 1347 990 ornamentum.
1408 948 1580 990 Titulus
1611 949 1647 990 ei

120 1030 203 1066 est:
250 1025 436 1081 Epistola
467 1026 524 1065 ad
550 1023 717 1065 amicum
747 1024 942 1080 quendam
974 1024 1130 1064 doctum
1160 1022 1315 1074 scripta.
1342 1023 1433 1063 ctam
1464 1026 1646 1075 aeqrota-

118 1110 199 1137 rem
235 1097 281 1138 de
311 1097 436 1137 verbis
470 1097 619 1138 coenae
648 1094 826 1146 Domini,
859 1099 905 1136 ut
936 1098 1091 1145 vocant,
1123 1094 1193 1149 qut
1223 1097 1403 1135 nostram
1434 1095 1481 1135 {te
1516 1092 1647 1135 Coena

119 1168 338 1210 doctrinam
368 1182 415 1209 ea:
444 1168 618 1209 Patram
649 1171 689 1209 et
723 1167 985 1208 Concilioram
1008 1166 1234 1207 autoritate
1254 1165 1501 1219 impufflnare,
1524 1167 1647 1207 amice

120 1245 251 1282 tamen
297 1241 525 1282 conabatur.
586 1238 801 1281 Debemus
833 1254 925 1280 eam
956 1237 1111 1294 insigni
1140 1237 1390 1279 liberalitate
1422 1238 1647 1280 doctissimi

120 1310 469 1362 MECKELBURGH,
503 1310 575 1366 qui
605 1325 713 1361 eam,
744 1310 953 1364 Epitomae
973 1309 1178 1351 doc-trinae
1200 1309 1308 1351 Eecl.
1331 1308 1466 1350 Haris.
1496 1309 1647 1352 Orient.

125 1382 182 1439 (n.
215 1382 257 1439 8)
293 1397 513 1432 annexam,
545 1381 588 1424 in
620 1380 827 1424 tabulario
859 1380 991 1436 regio,
1024 1379 1136 1436 quod
1179 1379 1469 1436 Regiomontii
1500 1386 1574 1428 est,
1606 1395 1648 1422 se

119 1454 438 1511 deprehendisse
487 1454 599 1496 ultro
629 1462 860 1510 sponteque
894 1469 958 1495 me
990 1453 1087 1495 fecit
1117 1453 1355 1496 certiorem.
1415 1451 1648 1508 Exemplar

119 1535 210 1569 erat
232 1526 360 1569 nitide
385 1534 426 1569 et
458 1533 651 1569 accurate
673 1527 770 1569 satis
793 1526 1065 1582 exscriptum,
1089 1524 1202 1581 quod
1224 1540 1310 1568 una
1332 1539 1427 1567 cum
1449 1524 1647 1581 Epitoma

122 1614 198 1642 sua
237 1600 343 1641 istuc
385 1599 554 1641 miserat
594 1599 682 1655 ipse
722 1599 746 1640 a
776 1597 915 1640 Lasco
946 1605 985 1639 et
1016 1597 1262 1653 priusquam
1305 1597 1541 1638 mitteretur
1572 1612 1648 1639 sua

116 1669 411 1712 emendaverat
442 1685 583 1714 manu.
617 1670 715 1712 Hoc
746 1669 846 1711 mihi
877 1669 919 1711 in
953 1683 1077 1710 causa
1108 1669 1199 1720 fuit,
1232 1683 1310 1710 cur
1340 1683 1365 1710 a
1395 1683 1439 1710 se
1464 1668 1643 1710 invicem

119 1742 348 1785 distrahere
379 1743 530 1799 religio
560 1741 792 1792 habuerim,
825 1757 933 1798 quae
964 1740 1060 1784 data
1092 1756 1220 1797 opera
1252 1741 1530 1783 coniunxerat
1559 1741 1647 1797 ipse

122 1822 257 1868 autor,
300 1823 341 1858 et
384 1831 467 1872 quo
512 1816 555 1858 in
603 1815 767 1872 scriptis
797 1821 1077 1871 sequerentur
1107 1814 1266 1864 ordine,
1300 1813 1443 1856 eodem
1476 1829 1646 1870 quoque

120 1894 266 1930 tenore
298 1896 389 1944 post
419 1887 600 1930 alterum
632 1887 813 1929 alterum
845 1887 888 1928 in
921 1886 1101 1928 editione
1132 1899 1226 1928 mea
1257 1901 1306 1927 ea
1337 1885 1564 1941 posuerim.

215 2031 253 2072 8.
316 2029 507 2072 EPITOME
537 2042 771 2072 DOCTRINAE
800 2041 1023 2071 ECOLESIAE
1053 2041 1251 2070 Pumsmss
1287 2041 1549 2070 ORIENTALIS.

685 2102 739 2159 (a.
770 2101 883 2143 1544
911 2100 1072 2158 script.)

440 2173 588 2231 (LAscr
624 2176 764 2228 Opera,
795 2173 897 2218 Vol.
928 2172 965 2218 I.
999 2189 1039 2230 p,
1070 2172 1332 2230 481—557.)

178 2320 323 2364 Medio
363 2335 399 2365 a.
435 2319 547 2362 1543
577 2319 759 2361 auctoris
790 2325 928 2375 partes
958 2318 1145 2374 primum
1176 2317 1323 2360 latiore
1354 2332 1477 2359 sensu
1509 2332 1642 2359 susce-

117 2394 177 2452 pit
215 2401 356 2437 noster
386 2399 427 2434 et
460 2407 558 2434 suae
588 2391 800 2433 doctrinae
831 2389 1126 2446 compendium
1157 2390 1311 2446 scripto
1343 2389 1543 2432 mandare
1576 2405 1640 2432 or-

120 2482 191 2510 sus
220 2473 293 2508 est.
327 2465 433 2508 Late
464 2478 633 2520 sparsus
663 2462 787 2505 huius
817 2461 1144 2504 elucubrationis
1175 2476 1324 2504 rumor
1353 2477 1551 2519 magnam
1577 2462 1640 2503 sui

120 2538 172 2581 ob
211 2538 338 2581 Lasci
378 2537 558 2579 nominis
590 2535 744 2577 famam
776 2533 886 2591 apud
917 2533 1058 2576 doctos
1089 2534 1199 2576 viros
1245 2549 1342 2576 mox
1372 2533 1543 2576 dederat
1574 2547 1641 2575 ex-

117 2609 428 2667 spectationem,
460 2615 500 2650 et
531 2608 614 2650 iam
646 2606 697 2649 ad
729 2606 768 2648 d.
803 2608 826 2649 2
856 2606 987 2649 Mart.
1019 2622 1055 2648 a.
1097 2606 1210 2648 1544
1241 2605 1504 2648 Christianus
1535 2605 1638 2648 Ent-

119 2681 317 2724 felderius
363 2679 660 2737 Regiomontio
705 2678 756 2720 ad
801 2693 896 2720 eum
939 2676 1164 2720 scribebat:
1214 2701 1234 2727 tt
1254 2677 1317 2720 Ut
1357 2693 1456 2720 vero
1501 2677 1552 2720 ad
1598 2684 1639 2720 te

121 2776 142 2802 η
162 2768 277 2801 nunc
315 2759 507 2795 recurrat
537 2750 683 2801 oratio,
715 2750 794 2791 hoc
825 2750 997 2792 unicum
1029 2748 1142 2792 abste
1173 2749 1402 2805 impetrare
1433 2765 1498 2791 me
1530 2749 1639 2792 sinas

121 2848 143 2874 η
163 2840 329 2881 quaeso,
373 2831 424 2866 ut
467 2839 619 2866 novam
656 2822 773 2864 illam
812 2837 864 2864 ex
895 2822 1024 2864 veteri
1055 2829 1096 2864 et
1126 2821 1350 2878 apostolica
1381 2822 1638 2864 institutione

122 2921 144 2947 n
163 2905 385 2954 sumptam,
417 2896 629 2939 Ecclesiae
654 2895 727 2938 tibi
759 2895 1015 2944 commissae,
1046 2893 1351 2937 ordinationem
1382 2893 1434 2936 ad
1456 2909 1523 2937 me
1546 2893 1638 2937 mit-
