1818 3178
185 60 259 97 534
835 72 892 100 tr.
921 73 1063 101 noent.

184 184 270 209 nem
298 172 378 209 sine
404 171 579 209 mandato
607 176 850 223 oportereque
877 173 1091 211 mandatum
1119 173 1335 224 praecedere
1360 187 1515 225 semper,
1536 174 1596 213 cui
1614 188 1702 226 pro-

186 235 315 274 missio
341 236 575 287 appendeat?
628 239 706 274 Aut
733 236 849 286 igitur
874 238 1093 275 mandatum
1122 238 1166 275 de
1195 238 1380 289 baptismo
1407 237 1505 290 apud
1535 239 1705 278 Marcum

186 300 398 347 ostendant,
425 301 526 352 quod
551 301 839 352 promissionem
867 303 1075 353 praecedat,
1102 303 1134 340 si
1161 303 1312 354 quidem
1340 305 1452 342 verba.
1477 304 1543 341 illa
1598 304 1708 343 nQui

188 365 386 403 crediderit
414 366 510 405 cet.”
535 371 577 403 ut
603 366 889 417 promissionem
918 367 1119 419 accipiunt,
1146 373 1211 405 aut
1238 368 1391 406 alteram
1418 369 1706 420 promissionem

185 431 390 481 proferant,
427 431 458 468 si
486 432 598 469 verba
628 432 718 469 haec
743 445 810 483 pro
839 432 1016 470 mandato
1045 432 1164 483 accipi
1193 432 1334 479 volunt,
1363 447 1456 484 quae
1484 434 1571 472 huic
1600 448 1707 472 man-

186 494 273 532 dato
301 495 519 545 appendeat.
549 496 721 533 Quorum
749 508 831 533 cum
859 502 1032 534 neutrum
1061 510 1103 534 eo
1131 496 1215 533 loco
1246 496 1426 534 habeatur
1453 499 1705 549 (nequeenim

184 559 403 597 mandatum
431 559 475 597 de
503 560 687 611 baptismo
713 560 920 611 praecedet,
947 561 978 598 si
1007 561 1095 598 haec
1113 561 1373 612 promissionis
1390 562 1474 599 loco
1493 563 1708 614 accipienda

186 628 286 670 sunt,
315 637 432 674 neque
459 625 658 675 promissio
687 625 759 662 alia
787 625 967 675 sequitur,
995 625 1026 663 si
1054 625 1145 662 haec
1171 625 1339 663 mandati
1361 625 1444 663 loco
1463 626 1707 677 accipiamus)

185 689 269 738 quis
296 701 370 726 non
400 688 523 726 videat
551 694 707 740 utraque
733 690 773 728 in
801 689 871 727 hac
898 703 936 728 re
963 690 1044 727 falli
1071 690 1316 736 adversarios,
1335 689 1371 727 et
1391 703 1473 727 cum
1493 690 1582 728 haec
1598 704 1707 729 man·

187 752 374 790 dati'loco
402 753 593 804 accipiunt
620 753 657 791 et
686 766 769 791 cum
798 754 933 792 docent
958 753 1225 804 promissiones
1253 754 1333 791 sine
1350 754 1527 792 mandato
1545 755 1708 793 efficaces

184 830 258 855 non
289 819 395 855 esse?
425 818 533 856 Quae
561 831 648 856 sane
677 818 852 856 doctrina
880 823 1028 856 tantum
1057 818 1163 856 abest
1192 823 1232 856 ut
1259 832 1304 857 ex
1333 819 1390 856 his
1417 819 1509 856 locis
1525 819 1601 870 peti
1620 832 1708 870 pos-

184 881 244 925 sit,
273 887 312 920 ut
340 887 458 920 totam
486 884 561 920 fere
587 883 788 933 Euangelii
815 883 889 921 vim
918 888 1029 934 atque
1056 883 1256 921 efficaciam
1282 884 1400 922 elevet
1425 885 1535 934 plane
1552 897 1596 921 ac
1616 884 1708 922 sub·

184 952 314 991 vertat,
341 948 378 985 id
407 948 506 998 quod
535 961 622 986 mox
652 948 845 986 ostendam
865 948 931 986 ubi
949 949 1075 999 paucis
1101 948 1223 986 adhuc
1240 948 1468 994 indicavero,
1486 949 1598 987 verba
1619 949 1708 988 haec

180 1012 443 1064 promissionis
478 1013 575 1064 apud
616 1013 785 1051 Marcum
823 1017 863 1051 ut
891 1013 1110 1051 mandatum
1137 1013 1256 1064 accipi
1282 1014 1387 1051 nulla
1412 1014 1557 1051 ratione
1584 1027 1706 1065 posse.

180 1077 356 1129 Sequitur
381 1091 470 1115 mox
498 1078 596 1129 apud
626 1077 796 1115 Marcum
822 1078 1109 1129 promissionem
1131 1078 1262 1115 salutis
1282 1077 1475 1127 signorum
1493 1079 1706 1129 promissio,

182 1143 359 1181 adiuncta
386 1143 498 1180 etiam
526 1142 614 1180 fidei
642 1142 872 1181 conditione.
926 1142 1042 1181 Quod
1072 1142 1104 1180 si
1130 1142 1308 1180 adiuncta
1337 1143 1504 1181 conditio
1534 1143 1708 1182 credendi

181 1212 218 1246 et
245 1208 461 1259 baptizandi
486 1207 526 1244 in
555 1207 686 1245 salutis
714 1207 966 1258 promissione
992 1206 1161 1244 mandati
1188 1207 1264 1244 vim
1292 1207 1451 1252 obtinet,
1476 1211 1518 1246 ut
1544 1207 1601 1245 illi
1619 1221 1707 1258 pro-

181 1271 310 1309 missio
338 1271 556 1322 appendeat,
582 1271 710 1309 eadem
739 1284 827 1308 sane
854 1283 965 1322 opera
993 1271 1168 1308 credendi
1198 1271 1365 1309 conditio
1395 1272 1589 1321 signorum
1616 1285 1704 1322 pro·

180 1336 353 1374 missioni
380 1336 557 1374 adiuncta
586 1336 660 1373 vim
689 1336 858 1374 mandati
886 1336 1086 1382 obtinebit,
1115 1341 1226 1387 atque
1255 1336 1449 1385 signorum
1477 1336 1705 1374 edendorum

179 1401 379 1453 promissio
416 1402 480 1438 illa
509 1401 719 1439 conditioni
750 1401 948 1439 adiunctae
983 1401 1036 1438 ita
1065 1402 1178 1438 etiam
1205 1401 1442 1452 appendebit,
1470 1406 1509 1439 ut
1536 1401 1706 1452 quicum-

176 1480 249 1519 que
285 1466 402 1504 credit
436 1466 468 1504 is
505 1479 581 1504 non
618 1466 738 1517 possit
773 1467 880 1516 signa
915 1467 980 1504 illa
1014 1480 1091 1504 non
1127 1466 1248 1512 edere,
1289 1479 1407 1517 neque
1443 1466 1548 1504 edere
1574 1479 1704 1505 rursus

177 1532 375 1582 quisquam
410 1531 530 1582 possit
565 1531 630 1581 qui
667 1544 745 1568 non
782 1530 911 1570 credit.
965 1532 1016 1568 At
1055 1544 1140 1568 vero
1178 1530 1358 1581 plurimos
1394 1530 1434 1568 in
1470 1530 1640 1569 Ecclesia
1668 1536 1705 1569 et

173 1596 288 1634 fuisse
333 1600 368 1634 et
407 1609 487 1634 esse
526 1595 663 1646 passim
700 1595 882 1640 videmus,
919 1595 984 1646 qui
1020 1594 1115 1632 nihil
1152 1594 1304 1631 illorum
1341 1594 1536 1643 signorum
1577 1595 1702 1642 edant,

176 1666 211 1698 et
247 1674 396 1698 rursum
433 1661 569 1698 multos
606 1661 745 1698 scimus
782 1674 823 1698 ea
861 1660 966 1710 signa
996 1660 1103 1697 ede're
1131 1664 1242 1710 atque
1270 1659 1436 1697 edituros
1464 1659 1588 1697 adhuc
1614 1674 1706 1707 esse,

174 1738 269 1775 quos
295 1728 420 1762 tamen
449 1738 526 1762 non
554 1725 659 1762 novit
686 1725 884 1771 Dominus,
912 1730 948 1762 et
975 1730 1016 1762 ut
1043 1724 1272 1775 impuritatis
1299 1724 1489 1774 operarios
1518 1738 1538 1762 a
1558 1738 1595 1762 se
1613 1738 1702 1776 pro·

175 1789 292 1839 pellit.
347 1789 475 1827 Quare
501 1802 622 1840 neque
648 1789 687 1826 in
717 1789 848 1827 salutis
876 1788 1123 1839 promissione
1150 1788 1328 1826 adiuncta
1363 1788 1429 1825 illa
1464 1789 1639 1826 credendi
1666 1794 1704 1828 et

176 1853 391 1903 baptizandi
427 1852 591 1891 conditio
628 1853 758 1902 alligat
786 1853 859 1890 sibi
897 1853 1010 1890 veluti
1036 1852 1215 1890 mandato
1243 1852 1354 1889 alicui
1382 1852 1513 1890 salutis
1540 1853 1701 1903 promis-

173 1917 329 1963 sionem,
364 1922 405 1956 ut
440 1918 504 1969 qui
538 1918 596 1955 illi
630 1931 708 1956 non
745 1917 949 1956 satisfaciat
989 1917 1129 1955 servari
1162 1917 1316 1954 omnino
1352 1930 1430 1954 non
1465 1918 1598 1968 possit.
1652 1918 1702 1956 Et

175 1987 316 2021 certum
353 1987 408 2021 est
443 1983 607 2020 infantes
634 1986 786 2021 nostros
821 1982 1040 2033 priusquam
1068 1982 1125 2019 vel
1162 1982 1317 2019 credant
1355 1982 1410 2019 vel
1448 1981 1699 2032 baptizantur,

175 2047 314 2085 servari
341 2051 493 2098 propter
510 2049 597 2096 (38)
624 2046 914 2098 promissionem
943 2046 988 2083 de
1015 2046 1090 2083 illis
1120 2046 1260 2083 factam
1288 2050 1374 2083 ante
1399 2045 1615 2083 institutum
1644 2047 1701 2084 vel

173 2112 401 2163 baptismum
440 2112 497 2150 vel
534 2111 870 2151 circumcisionem.
926 2110 1040 2149 Quod
1077 2110 1250 2162 equidem
1286 2110 1358 2148 huc
1385 2109 1475 2147 facit
1502 2114 1544 2147 ut
1572 2123 1701 2148 omnes

172 2177 386 2226 intelligant
416 2177 652 2215 conditiones
682 2176 858 2214 credendi
886 2180 922 2213 et
951 2176 1176 2227 baptizandi,
1206 2175 1338 2212 salutis
1365 2175 1606 2226 promissioni
1633 2176 1700 2214 ad-

171 2242 332 2287 iunctas,
361 2243 502 2280 nullam
530 2242 714 2279 eiusmodi
744 2242 817 2279 vim
844 2241 1011 2279 mandati
1040 2241 1219 2286 obtinere,
1249 2246 1289 2278 ut
1317 2241 1363 2277 ab
1392 2240 1466 2277 illis
1493 2240 1693 2291 promissio

170 2307 251 2358 ipsa
277 2307 449 2358 pendeat,
469 2308 587 2345 multo
608 2306 730 2344 minus
750 2312 873 2344 autem
893 2311 934 2344 ut
953 2306 1120 2343 ordinem
1141 2306 1248 2343 illum
1269 2305 1434 2356 ipsorum
1454 2305 1698 2351 constituant,

171 2386 280 2423 quem
315 2373 372 2410 illi
408 2372 519 2410 nobis
547 2385 615 2423 pro
644 2372 795 2409 oraculo
824 2371 1045 2409 obtrudunt.
1101 2371 1182 2407 Iam
1212 2370 1310 2408 unde
1339 2370 1529 2407 docebunt
1555 2374 1697 2408 tantam

172 2452 251 2476 esse
288 2438 362 2476 vim
399 2437 661 2475 mandatorum
695 2436 797 2487 quod
834 2435 985 2487 quidem
1022 2435 1069 2472 ad
1097 2435 1255 2472 salutem
1284 2438 1452 2472 nostram
1480 2434 1626 2479 attinet,
1652 2437 1694 2472 ut

171 2504 218 2542 ab
253 2503 328 2541 illis
355 2503 622 2554 promissiones
650 2515 778 2540 omnes
806 2501 965 2552 pendere
994 2500 1191 2538 dicamus?
1246 2499 1343 2538 Quis
1371 2511 1535 2550 unquam
1565 2499 1694 2536 docuit

168 2569 208 2606 in
246 2567 454 2617 Euangelio
491 2567 666 2604 mandata.
701 2566 1017 2618 promissionibus
1054 2564 1315 2615 anteponenda
1350 2577 1441 2608 esse,
1470 2563 1576 2613 quasi
1605 2576 1691 2601 vero

169 2633 207 2670 in
245 2631 356 2670 nobis
396 2631 509 2669 situm
546 2631 606 2675 sit,
634 2634 676 2668 ut
704 2643 774 2669 nos
801 2630 946 2681 priores
974 2629 1117 2680 aliquid
1145 2642 1191 2666 ex
1218 2627 1330 2666 nobis
1355 2619 1585 2678 praestemus
1613 2627 1692 2665 Deo

169 2709 213 2733 ac
248 2696 312 2734 ille
348 2695 497 2733 demum
532 2696 666 2733 merita
702 2698 831 2733 nostra
859 2695 957 2733 vitae
984 2699 1154 2732 aeternae
1181 2693 1344 2744 praemio
1372 2692 1562 2742 rependat.
1616 2691 1693 2730 Lo-

168 2760 296 2812 quitur
331 2759 481 2810 quidem
509 2759 556 2795 ad
585 2760 684 2797 hunc
711 2759 863 2796 modum
894 2758 1090 2809 scriptura,
1118 2758 1180 2795 sed
1210 2771 1285 2795 non
1315 2769 1357 2794 eo
1386 2769 1508 2799 sensu,
1536 2760 1577 2794 ut
1604 2770 1690 2807 pro-

166 2817 362 2863 missiones
390 2838 410 2862 a
438 2824 625 2862 mandatis
654 2824 858 2875 dependere
886 2823 1154 2862 existimemus.
1183 2822 1340 2873 Alioqui
1366 2821 1550 2859 neminem
1571 2835 1692 2872 agno-
