1818 3178
201 108 274 143 432
702 117 920 145 Responslo
947 119 1042 147 ADV.
1075 120 1240 148 HOSIUM.

199 231 289 257 num
316 218 410 256 illud
439 218 605 265 verbum,
639 223 811 256 aeternus
848 219 1001 270 inquam
1038 224 1149 271 atque
1185 222 1319 260 unicus
1345 222 1409 260 ille
1437 222 1556 260 Patris
1585 222 1725 262 aeterni

198 285 457 335 proloquutor,
497 282 602 334 loqui
647 284 869 334 profitetur?
904 288 1015 336 atque
1051 298 1132 323 eam
1168 285 1208 324 in
1245 300 1393 325 sensum
1429 294 1466 325 et
1502 296 1725 326 consensum

200 361 287 386 suae
323 347 512 385 Ecclesiae
546 348 605 391 ita,
626 348 828 386 artificiose
854 349 1047 394 transfert,
1075 354 1116 387 ut
1143 350 1354 402 Scripturas
1381 351 1481 403 ipsas
1509 356 1620 402 neget
1648 365 1727 391 esse

199 411 354 449 verbum
391 411 473 456 Dei,
510 411 583 449 nisi
617 425 638 449 a
675 425 785 450 sensu
821 413 887 450 illo
924 417 960 450 et
989 426 1176 451 consensu
1204 427 1292 453 suae
1321 415 1509 454 Ecclesiae
1537 416 1658 454 lucem
1685 429 1729 454 ac

198 477 391 514 veritatem
430 489 534 514 suam
570 481 800 524 mutuentur,
837 491 921 515 cum
958 478 1107 516 interim
1144 491 1190 516 ne
1227 479 1421 517 Catholica
1458 480 1608 531 quidem
1635 480 1729 532 ipsa,

199 541 336 580 nedum
372 542 514 580 larvata
551 542 664 580 Hosii
698 547 734 581 et
763 556 916 581 suorum
944 543 1126 590 Ecclesia,
1152 544 1352 596 quicquam
1380 546 1535 583 omnino
1563 546 1657 583 lucis
1685 558 1729 583 ac

199 606 365 644 veritatis
402 607 537 645 habere
572 608 704 657 possit,
738 607 812 644 nisi
849 614 1029 658 quantum
1066 608 1112 645 ab
1151 608 1314 658 unigena
1357 609 1423 646 illo
1459 609 1586 656 verbo,
1614 609 1726 647 unico

198 671 371 710 videlicet
399 685 617 723 summoque
645 677 680 710 et
707 676 858 710 aeterno
889 673 1007 724 capite
1035 686 1078 710 ac
1105 673 1268 711 Doctore
1296 687 1376 718 suo,
1417 674 1565 712 Christo
1596 674 1728 712 Domi-

198 750 246 775 no
267 737 678 788 Scriptu-(109)rarum
696 737 910 776 testimonio
940 737 1122 776 donatum
1152 751 1444 790 concessumque
1468 738 1592 784 habet,
1611 760 1661 769 -ν
1687 743 1750 777 ut‘

197 801 374 840 adversus
409 801 622 839 Hosianum
659 802 759 839 hunc
796 800 962 839 sensum'
983 806 1018 839 et
1055 815 1278 840 consensum
1306 802 1496 840 Ecclesiae
1523 802 1731 841 rectissime

199 867 340 905 dictum
369 867 417 904 sit
442 867 489 904 ab
517 867 747 916 Augustino,
784 867 826 904 in
863 866 1070 918 scripturis,
1107 880 1183 904 non
1221 872 1343 905 autem
1370 867 1410 905 in
1438 881 1550 905 sensu
1576 871 1612 906 et
1641 880 1731 906 con-

199 944 311 970 sensu
348 931 548 978 Ecclesiae,
585 944 652 969 nos
690 931 864 969 didicisse
893 932 1084 970 Christum
1112 938 1147 970 et
1175 933 1379 972 Ecclesiam
1409 934 1541 984 ipsam,
1568 946 1612 971 ac
1639 947 1727 985 pro-

199 996 286 1034 inde
313 996 353 1034 in
379 996 512 1034 iisdem
538 997 629 1047 ipsis
659 996 862 1047 Scripturis
890 1001 926 1034 et
963 997 1154 1035 Christum
1182 1002 1217 1036 et
1248 998 1454 1036 Ecclesiam
1482 999 1730 1038 communiter

200 1061 433 1100 retinendam
453 1074 544 1107 esse,
562 1084 611 1091 —
633 1067 743 1113 atque
769 1062 859 1100 item
880 1063 1159 1113 ChrysostoinO,
1188 1063 1265 1114 qui,
1293 1067 1580 1101 commemorata
1608 1077 1728 1114 agno·

200 1126 357 1164 scendae
385 1140 491 1165 verae
529 1126 719 1165 Ecclesiae
747 1127 973 1174 difficultate,
1009 1128 1072 1178 qui
1108 1141 1210 1177 ergo,
1238 1128 1373 1179 inquit,
1411 1129 1488 1167 vult
1526 1143 1730 1179 cognosce-

199 1205 250 1237 re,
277 1205 371 1243 quae
399 1191 446 1229 sit
467 1205 550 1229 vera
570 1192 738 1230 Ecclesia
766 1192 919 1237 Christi,
946 1193 1046 1231 unde
1072 1193 1112 1230 id
1141 1199 1354 1243 cognoscet,
1375 1194 1448 1232 nisi
1469 1195 1729 1233 tantummodo

199 1271 263 1308 per
291 1257 529 1308 Scripturas?
582 1257 682 1295 Dum
708 1258 825 1307 igitur
860 1258 1004 1296 Hosius
1043 1259 1086 1296 de
1125 1272 1278 1297 suorum
1304 1260 1403 1297 inter
1440 1273 1518 1298 sese
1547 1273 1731 1299 consensu

199 1335 243 1359 ac
272 1322 471 1360 dilectione
497 1322 692 1371 gloriatur,
721 1327 849 1360 nostra
879 1336 964 1360 vero
991 1323 1088 1361 inter
1117 1337 1185 1361 nos
1215 1324 1371 1362 dissidia
1398 1338 1514 1375 usque
1541 1325 1632 1364 adeo
1661 1339 1726 1364 ex-

199 1392 365 1436 aggerat,
402 1386 574 1425 ostendat
618 1387 729 1425 nobis
775 1392 861 1425 ante
910 1388 1049 1433 omnia,
1094 1392 1261 1426 nostram
1307 1403 1327 1426 a
1370 1390 1519 1428 Christo
1566 1390 1730 1429 Domino

200 1452 517 1503 Propheticaeque
544 1455 654 1502 atque
681 1452 921 1503 Apostolicae
948 1452 1152 1491 Doctrinae
1180 1453 1426 1491 fundamento
1446 1453 1731 1501 dissensionem,

200 1531 306 1555 suam
342 1530 426 1554 vero
464 1529 506 1554 ac
542 1529 694 1554 suorum
730 1529 813 1553 cum
851 1516 979 1554 eodem
1015 1517 1095 1567 ipso
1134 1517 1285 1555 Christo
1321 1517 1586 1569 Ecclesiaeque
1613 1518 1729 1569 ipsius

200 1582 446 1621 fundamento
493 1581 790 1627 consensionem,
833 1594 944 1632 quam
987 1581 1113 1627 iactat,
1157 1586 1193 1619 et
1241 1582 1495 1629 concordiam,
1540 1585 1651 1631 (110)
1686 1587 1729 1621 ut

200 1661 284 1686 vere
321 1647 464 1689 doceat,
494 1646 591 1697 apud
619 1659 656 1683 se
684 1659 845 1697 suosque
873 1645 1056 1684 duntaxat
1084 1659 1163 1684 esse
1192 1659 1316 1683 veram
1342 1647 1447 1684 illam
1475 1659 1518 1683 ac
1547 1646 1730 1684 Christia-

200 1723 287 1748 nam
325 1709 575 1753 dilectionem,
611 1721 704 1759 quae
732 1708 801 1745 Dei
827 1708 970 1757 gloriae
998 1708 1146 1754 serviat,
1183 1708 1283 1759 apud
1311 1720 1380 1746 nos
1407 1721 1493 1745 vero
1523 1721 1600 1746 non
1627 1709 1730 1748 item.

199 1771 353 1822 Alioqui
388 1770 420 1808 si
455 1770 494 1808 in
530 1770 602 1807 hoc
637 1769 898 1807 tantummodo
934 1769 1031 1807 inter
1069 1783 1105 1807 se
1144 1782 1181 1807 se
1218 1773 1304 1806 sunt
1332 1770 1536 1807 concordes
1566 1770 1729 1808 Hosiani

200 1849 340 1881 omnes,
375 1839 418 1873 ut
452 1848 472 1872 a
509 1834 660 1872 Christo
697 1834 861 1872 Domino
890 1834 1153 1885 Ecclesiaeque
1181 1848 1268 1872 suae
1295 1833 1539 1872 fundamento
1569 1847 1727 1873 consen-

199 1902 334 1939 tienter
378 1906 413 1938 et
457 1899 643 1937 obstinate
689 1899 907 1945 dissideant,
943 1895 1198 1950 perfidamque
1245 1912 1350 1937 suam
1395 1899 1622 1950 apostasiam
1665 1913 1730 1951 per

201 1966 433 2003 coniuratam
470 1978 575 2003 suam
613 1964 926 2015 conspirationem
955 1964 1151 2002 stabiliant
1195 1968 1231 2001 et
1271 1968 1521 2015 propugnent,
1558 1964 1730 2015 equidem

200 2045 269 2070 nos
297 2031 470 2068 rebellem
499 2030 597 2068 hanc
622 2030 732 2068 talem
761 2029 938 2068 adversus
967 2029 1155 2068 Christum
1185 2029 1390 2067 Dominum
1431 2032 1466 2067 et
1493 2029 1571 2067 eius
1598 2029 1734 2067 Eccle‹

201 2099 293 2136 siam
330 2096 443 2134 Hosii
470 2100 506 2133 et
533 2108 685 2133 suorum
713 2094 881 2132 omnium
911 2094 1150 2132 concordiam
1177 2095 1275 2131 tanti
1304 2106 1381 2131 non
1408 2093 1581 2139 facimus,
1609 2106 1729 2144 neque

198 2175 264 2213 per
300 2161 370 2199 Dei
403 2160 563 2210 gratiam
600 2159 737 2197 facturi
774 2172 942 2210 unquam
978 2172 1118 2205 sumus,
1148 2163 1187 2197 ut
1215 2162 1345 2197 nostra
1372 2158 1471 2196 inter
1499 2171 1568 2196 nos
1596 2171 1727 2209 quam-

198 2227 291 2264 libet
327 2225 467 2263 atrocia
505 2224 621 2262 videri
647 2224 794 2275 possint
823 2223 991 2269 dissidia,
1018 2224 1057 2261 in
1086 2223 1224 2274 quibus
1252 2223 1403 2261 interim
1432 2235 1560 2260 omnes
1587 2222 1727 2274 pariter

199 2303 266 2342 pro
314 2295 424 2342 captu
469 2293 611 2335 nostro,
660 2293 698 2326 ut
743 2289 876 2339 cuique
914 2288 1099 2326 Dominus
1145 2288 1260 2334 dedit,
1297 2287 1457 2337 gloriam
1493 2300 1536 2325 ac
1571 2300 1728 2337 regnum

202 2356 342 2394 Christi
385 2368 603 2407 promovere
639 2355 990 2405 Scripturarumque
1025 2354 1265 2392 autoritatem
1301 2353 1524 2391 inviolatam
1569 2352 1728 2390 retinere

201 2433 392 2464 conamur,
429 2433 513 2457 cum
549 2419 725 2457 scelerata
761 2419 834 2456 ista
862 2418 1121 2456 Hosianorum
1150 2417 1351 2456 concordia
1393 2417 1609 2467 nefariaque
1638 2429 1726 2454 con-

200 2485 387 2522 iuratione
413 2490 623 2535 permutare
650 2483 916 2535 quoquomodo
946 2483 1114 2528 velimus,
1141 2505 1191 2512 —
1219 2488 1254 2521 et
1282 2482 1402 2520 Deum
1420 2482 1666 2533 precabimur,
1685 2490 1726 2520 ut

200 2552 311 2599 (111)
347 2562 416 2587 nos
451 2550 498 2587 ab
537 2549 777 2600 Apostolicae
815 2549 1063 2587 confessionis
1099 2549 1360 2593 fundamento,
1386 2548 1425 2585 in
1454 2547 1628 2585 omnibus
1657 2561 1726 2586 no-

200 2614 287 2652 stris
324 2613 488 2651 dissidiis
526 2613 730 2651 desciscere
767 2627 813 2651 ne
848 2613 1024 2664 patiatur,
1060 2613 1124 2651 sed
1152 2626 1193 2651 ea
1220 2626 1288 2664 pro
1318 2613 1418 2650 bona
1447 2624 1513 2649 sua
1541 2625 1629 2661 erga
1657 2627 1726 2650 nos

200 2679 238 2717 in
268 2678 419 2717 Christo
447 2677 610 2715 Domino
639 2678 832 2716 voluntate
860 2678 973 2715 semel
1009 2677 1214 2729 aliquando
1252 2676 1298 2714 ad
1325 2675 1487 2725 gloriam
1517 2675 1573 2713 sui
1603 2677 1725 2714 nomi-

200 2744 258 2782 nis
288 2747 501 2794 componat,
537 2743 627 2780 certi
663 2743 805 2794 alioqui
838 2743 944 2780 iuxta
983 2742 1205 2780 Doctrinam
1241 2740 1514 2792 Apostolicam,
1543 2753 1619 2778 non
1647 2741 1727 2780 fore

199 2809 311 2847 nobis
346 2807 511 2846 exitialia
538 2812 665 2845 nostra
692 2808 790 2846 inter
818 2821 887 2846 nos
916 2807 1070 2845 dissidia
1105 2810 1256 2858 propter
1289 2809 1436 2843 nostras
1465 2805 1620 2856 stipulas
1656 2819 1726 2844 no-

200 2877 349 2923 straque
375 2871 480 2921 ligna
519 2884 562 2908 ac
590 2871 755 2918 foenum,
782 2871 963 2922 tantisper
991 2871 1078 2908 dum
1109 2870 1355 2908 confessionis
1383 2870 1624 2920 Apostolicae
1638 2871 1725 2908 fun-
