<?xml version="1.0" encoding="UTF-8"?>
<!DOCTYPE html PUBLIC "-//W3C//DTD XHTML 1.0 Transitional//EN"
    "http://www.w3.org/TR/xhtml1/DTD/xhtml1-transitional.dtd">
<html xmlns="http://www.w3.org/1999/xhtml" xml:lang="en" lang="en">
 <head>
  <title>
</title>
<meta http-equiv="Content-Type" content="text/html;charset=utf-8" />
  <meta name='ocr-system' content='tesseract 3.04.00' />
  <meta name='ocr-capabilities' content='ocr_page ocr_carea ocr_par ocr_line ocrx_word'/>
</head>
<body>
  <div class='ocr_page' id='page_1' title='image "./operatameditaqua01lask_0127.png"; bbox 0 0 1818 3178; ppageno 0'>
   <div class='ocr_carea' id='block_1_1' title="bbox 764 121 1649 151">
    <p class='ocr_par' dir='ltr' id='par_1_1' title="bbox 764 121 1649 151">
     <span class='ocr_line' id='line_1_1' title="bbox 764 121 1649 151; baseline 0 -1"><span class='ocrx_word' id='word_1_1' title='bbox 764 121 1007 150; x_wconf 76' lang='lat' dir='ltr'>PRAEFATIO.</span> <span class='ocrx_word' id='word_1_2' title='bbox 1547 122 1649 151; x_wconf 80' lang='lat' dir='ltr'>cxlx</span> 
     </span>
    </p>
   </div>
   <div class='ocr_carea' id='block_1_2' title="bbox 290 239 1475 300">
    <p class='ocr_par' dir='ltr' id='par_1_2' title="bbox 290 239 1475 300">
     <span class='ocr_line' id='line_1_2' title="bbox 290 239 1475 300; baseline 0.003 -17"><span class='ocrx_word' id='word_1_3' title='bbox 290 242 357 284; x_wconf 82' lang='lat'>32.</span> <span class='ocrx_word' id='word_1_4' title='bbox 421 239 588 281; x_wconf 67' lang='lat' dir='ltr'>Vssnsm</span> <span class='ocrx_word' id='word_1_5' title='bbox 619 253 826 282; x_wconf 74' lang='lat' dir='ltr'>POLoch</span> <span class='ocrx_word' id='word_1_6' title='bbox 857 254 890 284; x_wconf 80' lang='lat' dir='ltr'>s,</span> <span class='ocrx_word' id='word_1_7' title='bbox 923 254 1179 284; x_wconf 77' lang='lat' dir='ltr'><strong>SCRIPTURAE</strong></span> <span class='ocrx_word' id='word_1_8' title='bbox 1213 241 1294 300; x_wconf 86' lang='lat' dir='ltr'>(ed.</span> <span class='ocrx_word' id='word_1_9' title='bbox 1330 242 1475 299; x_wconf 85' lang='lat'>1563).</span> 
     </span>
    </p>
   </div>
   <div class='ocr_carea' id='block_1_3' title="bbox 106 368 1643 1282">
    <p class='ocr_par' dir='ltr' id='par_1_3' title="bbox 111 368 1642 768">
     <span class='ocr_line' id='line_1_3' title="bbox 122 368 1642 426; baseline 0.003 -15"><span class='ocrx_word' id='word_1_10' title='bbox 122 398 124 401; x_wconf 94' lang='lat'>-</span> <span class='ocrx_word' id='word_1_11' title='bbox 173 369 271 426; x_wconf 87' lang='lat' dir='ltr'>Ipse</span> <span class='ocrx_word' id='word_1_12' title='bbox 316 376 463 411; x_wconf 89' lang='lat' dir='ltr'>contra</span> <span class='ocrx_word' id='word_1_13' title='bbox 493 383 580 411; x_wconf 87' lang='lat' dir='ltr'>una</span> <span class='ocrx_word' id='word_1_14' title='bbox 611 384 705 413; x_wconf 87' lang='lat' dir='ltr'>curn</span> <span class='ocrx_word' id='word_1_15' title='bbox 740 368 914 414; x_wconf 89' lang='lat' dir='ltr'>Simone</span> <span class='ocrx_word' id='word_1_16' title='bbox 944 369 1084 422; x_wconf 84' lang='lat' dir='ltr'>Zacio,</span> <span class='ocrx_word' id='word_1_17' title='bbox 1115 370 1274 413; x_wconf 87' lang='lat' dir='ltr'>Franc.</span> <span class='ocrx_word' id='word_1_18' title='bbox 1307 369 1529 422; x_wconf 83' lang='lat' dir='ltr'>Stanearo,</span> <span class='ocrx_word' id='word_1_19' title='bbox 1559 372 1642 416; x_wconf 85' lang='lat' dir='ltr'>Pe-</span> 
     </span>
     <span class='ocr_line' id='line_1_4' title="bbox 113 439 1640 494; baseline 0.003 -12"><span class='ocrx_word' id='word_1_20' title='bbox 113 446 185 483; x_wconf 90' lang='lat' dir='ltr'>tro</span> <span class='ocrx_word' id='word_1_21' title='bbox 215 439 416 492; x_wconf 84' lang='lat' dir='ltr'>Statorio,</span> <span class='ocrx_word' id='word_1_22' title='bbox 448 440 711 493; x_wconf 86' lang='lat' dir='ltr'>Lismanino,</span> <span class='ocrx_word' id='word_1_23' title='bbox 745 441 928 492; x_wconf 87' lang='lat' dir='ltr'>Ochino,</span> <span class='ocrx_word' id='word_1_24' title='bbox 963 440 1019 484; x_wconf 86' lang='lat' dir='ltr'>G.</span> <span class='ocrx_word' id='word_1_25' title='bbox 1042 441 1287 494; x_wconf 81' lang='lat' dir='ltr'>Blandrata,</span> <span class='ocrx_word' id='word_1_26' title='bbox 1308 440 1448 485; x_wconf 87' lang='lat' dir='ltr'>Paulo</span> <span class='ocrx_word' id='word_1_27' title='bbox 1469 442 1640 486; x_wconf 84' lang='lat' dir='ltr'>Alciate</span> 
     </span>
     <span class='ocr_line' id='line_1_5' title="bbox 114 510 1638 560; baseline 0.002 -6"><span class='ocrx_word' id='word_1_28' title='bbox 114 519 155 554; x_wconf 90' lang='lat' dir='ltr'>et</span> <span class='ocrx_word' id='word_1_29' title='bbox 185 512 377 554; x_wconf 83' lang='lat' dir='ltr'>Martino</span> <span class='ocrx_word' id='word_1_30' title='bbox 410 510 618 560; x_wconf 80' lang='lat' dir='ltr'>Cmvicio,</span> <span class='ocrx_word' id='word_1_31' title='bbox 651 529 733 555; x_wconf 87' lang='lat' dir='ltr'>non</span> <span class='ocrx_word' id='word_1_32' title='bbox 757 512 1036 555; x_wconf 88' lang='lat' dir='ltr'>emendatoris</span> <span class='ocrx_word' id='word_1_33' title='bbox 1057 515 1358 556; x_wconf 87' lang='lat' dir='ltr'>correctorisve</span> <span class='ocrx_word' id='word_1_34' title='bbox 1380 521 1544 556; x_wconf 89' lang='lat' dir='ltr'>tantum</span> <span class='ocrx_word' id='word_1_35' title='bbox 1567 515 1638 557; x_wconf 87' lang='lat' dir='ltr'>sed</span> 
     </span>
     <span class='ocr_line' id='line_1_6' title="bbox 113 583 1640 641; baseline 0.003 -17"><span class='ocrx_word' id='word_1_36' title='bbox 113 598 215 625; x_wconf 88' lang='lat' dir='ltr'>vero</span> <span class='ocrx_word' id='word_1_37' title='bbox 261 583 349 625; x_wconf 90' lang='lat' dir='ltr'>veri</span> <span class='ocrx_word' id='word_1_38' title='bbox 379 584 620 640; x_wconf 82' lang='lat' dir='ltr'>interpretis</span> <span class='ocrx_word' id='word_1_39' title='bbox 651 584 787 626; x_wconf 86' lang='lat' dir='ltr'>officio</span> <span class='ocrx_word' id='word_1_40' title='bbox 817 584 988 626; x_wconf 89' lang='lat' dir='ltr'>functus</span> <span class='ocrx_word' id='word_1_41' title='bbox 1018 591 1079 626; x_wconf 88' lang='lat' dir='ltr'>est</span> <span class='ocrx_word' id='word_1_42' title='bbox 1110 592 1251 629; x_wconf 89' lang='lat' dir='ltr'>noster</span> <span class='ocrx_word' id='word_1_43' title='bbox 1271 585 1314 627; x_wconf 91' lang='lat' dir='ltr'>in</span> <span class='ocrx_word' id='word_1_44' title='bbox 1348 584 1640 641; x_wconf 86' lang='lat' dir='ltr'>praeparanda</span> 
     </span>
     <span class='ocr_line' id='line_1_7' title="bbox 111 652 1642 712; baseline 0.001 -16"><span class='ocrx_word' id='word_1_45' title='bbox 111 655 238 697; x_wconf 89' lang='lat' dir='ltr'>totius</span> <span class='ocrx_word' id='word_1_46' title='bbox 268 652 424 697; x_wconf 82' lang='lat' dir='ltr'>Sacrae</span> <span class='ocrx_word' id='word_1_47' title='bbox 455 653 702 712; x_wconf 83' lang='lat' dir='ltr'>Scripturae</span> <span class='ocrx_word' id='word_1_48' title='bbox 732 654 927 712; x_wconf 87' lang='lat' dir='ltr'>polonica</span> <span class='ocrx_word' id='word_1_49' title='bbox 957 655 1163 707; x_wconf 82' lang='lat' dir='ltr'>versione,</span> <span class='ocrx_word' id='word_1_50' title='bbox 1197 670 1305 710; x_wconf 89' lang='lat' dir='ltr'>quae</span> <span class='ocrx_word' id='word_1_51' title='bbox 1337 671 1374 699; x_wconf 89' lang='lat' dir='ltr'>a.</span> <span class='ocrx_word' id='word_1_52' title='bbox 1404 656 1518 700; x_wconf 88' lang='lat'>1563</span> <span class='ocrx_word' id='word_1_53' title='bbox 1539 657 1642 699; x_wconf 79' lang='lat' dir='ltr'>exiit</span> 
     </span>
     <span class='ocr_line' id='line_1_8' title="bbox 111 725 470 768; baseline 0 -1"><span class='ocrx_word' id='word_1_54' title='bbox 111 725 189 768; x_wconf 85' lang='lat' dir='ltr'>sub</span> <span class='ocrx_word' id='word_1_55' title='bbox 219 725 300 768; x_wconf 88' lang='lat' dir='ltr'>hoc</span> <span class='ocrx_word' id='word_1_56' title='bbox 329 725 470 768; x_wconf 90' lang='lat' dir='ltr'>titulo:</span> 
     </span>
    </p>

    <p class='ocr_par' dir='ltr' id='par_1_4' title="bbox 110 797 1643 1055">
     <span class='ocr_line' id='line_1_9' title="bbox 168 797 1640 852; baseline 0.001 -12"><span class='ocrx_word' id='word_1_57' title='bbox 168 798 308 840; x_wconf 73' lang='lat' dir='ltr'>Biblia</span> <span class='ocrx_word' id='word_1_58' title='bbox 336 799 491 851; x_wconf 63' lang='lat' dir='ltr'>Swiaegca.</span> <span class='ocrx_word' id='word_1_59' title='bbox 531 798 582 839; x_wconf 78' lang='lat' dir='ltr'>To</span> <span class='ocrx_word' id='word_1_60' title='bbox 612 798 690 841; x_wconf 71' lang='lat' dir='ltr'>iest</span> <span class='ocrx_word' id='word_1_61' title='bbox 720 798 858 850; x_wconf 64' lang='lat' dir='ltr'>Ksiqqz‘</span> <span class='ocrx_word' id='word_1_62' title='bbox 886 797 1049 850; x_wconf 66' lang='lat' dir='ltr'>Stareqo</span> <span class='ocrx_word' id='word_1_63' title='bbox 1075 813 1105 852; x_wconf 63' lang='lat' dir='ltr'>ps</span> <span class='ocrx_word' id='word_1_64' title='bbox 1136 797 1304 851; x_wconf 63' lang='lat' dir='ltr'><em>Noweqo</em></span> <span class='ocrx_word' id='word_1_65' title='bbox 1320 799 1483 840; x_wconf 68' lang='lat' dir='ltr'>Zaleonu</span> <span class='ocrx_word' id='word_1_66' title='bbox 1511 800 1563 841; x_wconf 88' lang='lat' dir='ltr'><em>W</em></span> <span class='ocrx_word' id='word_1_67' title='bbox 1561 801 1640 841; x_wconf 77' lang='lat' dir='ltr'>las-</span> 
     </span>
     <span class='ocr_line' id='line_1_10' title="bbox 110 868 1643 927; baseline 0.001 -16"><span class='ocrx_word' id='word_1_68' title='bbox 110 871 175 912; x_wconf 79' lang='lat' dir='ltr'>nie</span> <span class='ocrx_word' id='word_1_69' title='bbox 219 874 238 911; x_wconf 70' lang='lat' dir='ltr'><em>i</em></span> <span class='ocrx_word' id='word_1_70' title='bbox 279 871 431 927; x_wconf 71' lang='lat' dir='ltr'>zydows</span> <span class='ocrx_word' id='word_1_71' title='bbox 472 870 595 923; x_wconf 70' lang='lat' dir='ltr'>kie90,</span> <span class='ocrx_word' id='word_1_72' title='bbox 637 868 851 922; x_wconf 72' lang='lat' dir='ltr'>Greckieqo</span> <span class='ocrx_word' id='word_1_73' title='bbox 889 884 917 924; x_wconf 75' lang='lat' dir='ltr'><strong><em>y</em></strong></span> <span class='ocrx_word' id='word_1_74' title='bbox 957 869 1226 922; x_wconf 65' lang='lat' dir='ltr'>Lac‘ivislcieyo,</span> <span class='ocrx_word' id='word_1_75' title='bbox 1272 885 1377 912; x_wconf 78' lang='lat' dir='ltr'>nowo</span> <span class='ocrx_word' id='word_1_76' title='bbox 1407 885 1461 912; x_wconf 75' lang='lat' dir='ltr'>na</span> <span class='ocrx_word' id='word_1_77' title='bbox 1498 870 1643 912; x_wconf 69' lang='lat' dir='ltr'>Polska·</span> 
     </span>
     <span class='ocr_line' id='line_1_11' title="bbox 110 941 1640 998; baseline 0 -14"><span class='ocrx_word' id='word_1_78' title='bbox 110 942 228 996; x_wconf 62' lang='lat' dir='ltr'>quyk</span> <span class='ocrx_word' id='word_1_79' title='bbox 277 957 299 983; x_wconf 69' lang='grc' dir='ltr'><strong>ε</strong></span> <span class='ocrx_word' id='word_1_80' title='bbox 334 941 535 998; x_wconf 76' lang='lat' dir='ltr'>pilnos&#39;c&#39;ia</span> <span class='ocrx_word' id='word_1_81' title='bbox 562 956 590 996; x_wconf 70' lang='lat'>3!</span> <span class='ocrx_word' id='word_1_82' title='bbox 621 942 780 983; x_wconf 73' lang='lat' dir='ltr'>wiernie</span> <span class='ocrx_word' id='word_1_83' title='bbox 809 945 1015 994; x_wconf 69' lang='lat' dir='ltr'>wytozfone.</span> <span class='ocrx_word' id='word_1_84' title='bbox 1046 956 1079 982; x_wconf 87' lang='lat' dir='ltr'><em>w</em></span> <span class='ocrx_word' id='word_1_85' title='bbox 1110 941 1300 983; x_wconf 70' lang='lat' dir='ltr'>Brzes‘c‘in</span> <span class='ocrx_word' id='word_1_86' title='bbox 1328 942 1371 983; x_wconf 78' lang='lat' dir='ltr'>in</span> <span class='ocrx_word' id='word_1_87' title='bbox 1401 942 1640 984; x_wconf 58' lang='lat' dir='ltr'>Lifiewskim.</span> 
     </span>
     <span class='ocr_line' id='line_1_12' title="bbox 112 1011 346 1055; baseline -0.013 0"><span class='ocrx_word' id='word_1_88' title='bbox 112 1011 238 1055; x_wconf 85' lang='lat'>1563.</span> <span class='ocrx_word' id='word_1_89' title='bbox 273 1011 346 1053; x_wconf 89' lang='lat' dir='ltr'>fol.</span> 
     </span>
    </p>

    <p class='ocr_par' dir='ltr' id='par_1_5' title="bbox 106 1081 1641 1282">
     <span class='ocr_line' id='line_1_13' title="bbox 169 1081 1641 1139; baseline 0.002 -15"><span class='ocrx_word' id='word_1_90' title='bbox 169 1082 288 1135; x_wconf 81' lang='lat' dir='ltr'>Quid</span> <span class='ocrx_word' id='word_1_91' title='bbox 331 1097 431 1124; x_wconf 90' lang='lat' dir='ltr'>vero</span> <span class='ocrx_word' id='word_1_92' title='bbox 473 1082 562 1138; x_wconf 90' lang='lat' dir='ltr'>ipse</span> <span class='ocrx_word' id='word_1_93' title='bbox 607 1082 631 1124; x_wconf 74' lang='grc' dir='ltr'>ὲ,</span> <span class='ocrx_word' id='word_1_94' title='bbox 659 1081 812 1134; x_wconf 87' lang='lat' dir='ltr'>Lasco,</span> <span class='ocrx_word' id='word_1_95' title='bbox 854 1082 954 1138; x_wconf 90' lang='lat' dir='ltr'>quid</span> <span class='ocrx_word' id='word_1_96' title='bbox 983 1081 1138 1137; x_wconf 85' lang='lat' dir='ltr'>reliqui</span> <span class='ocrx_word' id='word_1_97' title='bbox 1168 1083 1419 1139; x_wconf 80' lang='lat' dir='ltr'>interpretes</span> <span class='ocrx_word' id='word_1_98' title='bbox 1450 1084 1493 1126; x_wconf 91' lang='lat' dir='ltr'>in</span> <span class='ocrx_word' id='word_1_99' title='bbox 1526 1083 1641 1127; x_wconf 88' lang='lat' dir='ltr'>hisce</span> 
     </span>
     <span class='ocr_line' id='line_1_14' title="bbox 108 1154 1640 1212; baseline 0.001 -15"><span class='ocrx_word' id='word_1_100' title='bbox 108 1154 408 1212; x_wconf 85' lang='lat' dir='ltr'>praestiterint,</span> <span class='ocrx_word' id='word_1_101' title='bbox 450 1154 633 1210; x_wconf 86' lang='lat' dir='ltr'>penitius</span> <span class='ocrx_word' id='word_1_102' title='bbox 673 1154 928 1210; x_wconf 84' lang='lat' dir='ltr'>investigare</span> <span class='ocrx_word' id='word_1_103' title='bbox 969 1154 1097 1197; x_wconf 88' lang='lat' dir='ltr'>huius</span> <span class='ocrx_word' id='word_1_104' title='bbox 1137 1154 1219 1196; x_wconf 91' lang='lat' dir='ltr'>loci</span> <span class='ocrx_word' id='word_1_105' title='bbox 1259 1170 1343 1197; x_wconf 91' lang='lat' dir='ltr'>non</span> <span class='ocrx_word' id='word_1_106' title='bbox 1376 1163 1494 1206; x_wconf 91' lang='lat' dir='ltr'>esset,</span> <span class='ocrx_word' id='word_1_107' title='bbox 1527 1163 1569 1198; x_wconf 88' lang='lat' dir='ltr'>et</span> <span class='ocrx_word' id='word_1_108' title='bbox 1595 1156 1640 1199; x_wconf 90' lang='lat' dir='ltr'>in</span> 
     </span>
     <span class='ocr_line' id='line_1_15' title="bbox 106 1225 1276 1282; baseline -0.001 -13"><span class='ocrx_word' id='word_1_109' title='bbox 106 1227 215 1269; x_wconf 86' lang='lat' dir='ltr'>vitae</span> <span class='ocrx_word' id='word_1_110' title='bbox 244 1226 375 1282; x_wconf 89' lang='lat' dir='ltr'>ipsius</span> <span class='ocrx_word' id='word_1_111' title='bbox 405 1226 646 1267; x_wconf 84' lang='lat' dir='ltr'>narratione</span> <span class='ocrx_word' id='word_1_112' title='bbox 678 1225 916 1267; x_wconf 84' lang='lat' dir='ltr'>accuratius</span> <span class='ocrx_word' id='word_1_113' title='bbox 946 1225 1209 1282; x_wconf 86' lang='lat' dir='ltr'>expendetur</span> <span class='ocrx_word' id='word_1_114' title='bbox 1234 1228 1276 1281; x_wconf 81' lang='lat'>²).</span> 
     </span>
    </p>
   </div>
   <div class='ocr_carea' id='block_1_4' title="bbox 776 1351 986 1359">
    <p class='ocr_par' dir='ltr' id='par_1_6' title="bbox 776 1351 986 1359">
     <span class='ocr_line' id='line_1_16' title="bbox 776 1351 986 1359; baseline 0 1819"><span class='ocrx_word' id='word_1_115' title='bbox 776 1351 986 1359; x_wconf 95' lang='lat' dir='ltr'> </span> 
     </span>
    </p>
   </div>
   <div class='ocr_carea' id='block_1_5' title="bbox 100 1434 1641 2704">
    <p class='ocr_par' dir='ltr' id='par_1_7' title="bbox 107 1434 1639 1564">
     <span class='ocr_line' id='line_1_17' title="bbox 166 1434 1639 1495; baseline -0.003 -15"><span class='ocrx_word' id='word_1_116' title='bbox 166 1437 233 1480; x_wconf 87' lang='lat' dir='ltr'>Ex</span> <span class='ocrx_word' id='word_1_117' title='bbox 263 1436 611 1495; x_wconf 87' lang='lat' dir='ltr'>praecedentibus</span> <span class='ocrx_word' id='word_1_118' title='bbox 642 1436 774 1493; x_wconf 89' lang='lat' dir='ltr'>igitur</span> <span class='ocrx_word' id='word_1_119' title='bbox 805 1442 920 1492; x_wconf 86' lang='lat' dir='ltr'>patet</span> <span class='ocrx_word' id='word_1_120' title='bbox 950 1434 1192 1486; x_wconf 89' lang='lat' dir='ltr'>editionem,</span> <span class='ocrx_word' id='word_1_121' title='bbox 1225 1449 1351 1489; x_wconf 87' lang='lat' dir='ltr'>quam</span> <span class='ocrx_word' id='word_1_122' title='bbox 1384 1435 1639 1483; x_wconf 81' lang='lat' dir='ltr'>curavimus,</span> 
     </span>
     <span class='ocr_line' id='line_1_18' title="bbox 107 1504 1388 1564; baseline -0.004 -12"><span class='ocrx_word' id='word_1_123' title='bbox 107 1509 220 1552; x_wconf 90' lang='lat' dir='ltr'>hisce</span> <span class='ocrx_word' id='word_1_124' title='bbox 248 1507 489 1552; x_wconf 88' lang='lat' dir='ltr'>nominibus</span> <span class='ocrx_word' id='word_1_125' title='bbox 519 1507 649 1551; x_wconf 87' lang='lat' dir='ltr'>Lasci</span> <span class='ocrx_word' id='word_1_126' title='bbox 680 1522 858 1563; x_wconf 88' lang='lat' dir='ltr'>operum</span> <span class='ocrx_word' id='word_1_127' title='bbox 889 1512 1115 1564; x_wconf 83' lang='lat' dir='ltr'>syntagma</span> <span class='ocrx_word' id='word_1_128' title='bbox 1145 1504 1388 1547; x_wconf 88' lang='lat' dir='ltr'>illustrare:</span> 
     </span>
    </p>

    <p class='ocr_par' dir='ltr' id='par_1_8' title="bbox 106 1577 1639 1710">
     <span class='ocr_line' id='line_1_19' title="bbox 166 1577 1639 1636; baseline -0.003 -12"><span class='ocrx_word' id='word_1_129' title='bbox 166 1583 226 1624; x_wconf 84' lang='lat'>10.</span> <span class='ocrx_word' id='word_1_130' title='bbox 259 1579 436 1624; x_wconf 87' lang='lat' dir='ltr'>Certum</span> <span class='ocrx_word' id='word_1_131' title='bbox 468 1581 558 1622; x_wconf 90' lang='lat' dir='ltr'>eius</span> <span class='ocrx_word' id='word_1_132' title='bbox 589 1594 768 1636; x_wconf 88' lang='lat' dir='ltr'>operum</span> <span class='ocrx_word' id='word_1_133' title='bbox 801 1577 1061 1635; x_wconf 87' lang='lat' dir='ltr'>Catalogum</span> <span class='ocrx_word' id='word_1_134' title='bbox 1091 1577 1401 1629; x_wconf 87' lang='lat' dir='ltr'>constituimus,</span> <span class='ocrx_word' id='word_1_135' title='bbox 1435 1577 1507 1632; x_wconf 89' lang='lat' dir='ltr'>qui</span> <span class='ocrx_word' id='word_1_136' title='bbox 1541 1577 1639 1620; x_wconf 89' lang='lat' dir='ltr'>huc-</span> 
     </span>
     <span class='ocr_line' id='line_1_20' title="bbox 106 1651 605 1710; baseline -0.006 -14"><span class='ocrx_word' id='word_1_137' title='bbox 106 1668 241 1710; x_wconf 87' lang='lat' dir='ltr'>usque</span> <span class='ocrx_word' id='word_1_138' title='bbox 272 1651 605 1695; x_wconf 80' lang='lat' dir='ltr'>desiderabatur.</span> 
     </span>
    </p>

    <p class='ocr_par' dir='ltr' id='par_1_9' title="bbox 105 1717 1638 1851">
     <span class='ocr_line' id='line_1_21' title="bbox 165 1717 1638 1775; baseline -0.003 -11"><span class='ocrx_word' id='word_1_139' title='bbox 165 1725 225 1765; x_wconf 81' lang='lat'>20.</span> <span class='ocrx_word' id='word_1_140' title='bbox 257 1721 466 1764; x_wconf 86' lang='lat' dir='ltr'>Ineditam</span> <span class='ocrx_word' id='word_1_141' title='bbox 500 1723 548 1764; x_wconf 82' lang='lat' dir='ltr'>de</span> <span class='ocrx_word' id='word_1_142' title='bbox 577 1738 608 1764; x_wconf 83' lang='lat' dir='ltr'>s.</span> <span class='ocrx_word' id='word_1_143' title='bbox 640 1736 759 1763; x_wconf 79' lang='lat' dir='ltr'>coena</span> <span class='ocrx_word' id='word_1_144' title='bbox 789 1719 1150 1770; x_wconf 68' lang='lat' dir='ltr'>considerationem,</span> <span class='ocrx_word' id='word_1_145' title='bbox 1184 1733 1311 1775; x_wconf 90' lang='lat' dir='ltr'>quam</span> <span class='ocrx_word' id='word_1_146' title='bbox 1344 1733 1382 1762; x_wconf 87' lang='lat' dir='ltr'>a.</span> <span class='ocrx_word' id='word_1_147' title='bbox 1417 1718 1531 1761; x_wconf 81' lang='lat'>1544</span> <span class='ocrx_word' id='word_1_148' title='bbox 1561 1717 1638 1760; x_wconf 89' lang='lat' dir='ltr'>sub</span> 
     </span>
     <span class='ocr_line' id='line_1_22' title="bbox 105 1789 1587 1851; baseline -0.003 -15"><span class='ocrx_word' id='word_1_149' title='bbox 105 1794 305 1851; x_wconf 89' lang='lat' dir='ltr'>epistolae</span> <span class='ocrx_word' id='word_1_150' title='bbox 337 1794 473 1836; x_wconf 88' lang='lat' dir='ltr'>forma</span> <span class='ocrx_word' id='word_1_151' title='bbox 504 1793 752 1849; x_wconf 88' lang='lat' dir='ltr'>divulgavit,</span> <span class='ocrx_word' id='word_1_152' title='bbox 786 1808 808 1833; x_wconf 89' lang='lat' dir='ltr'>e</span> <span class='ocrx_word' id='word_1_153' title='bbox 841 1806 971 1833; x_wconf 87' lang='lat' dir='ltr'>manu</span> <span class='ocrx_word' id='word_1_154' title='bbox 1002 1791 1161 1847; x_wconf 89' lang='lat' dir='ltr'>scripto</span> <span class='ocrx_word' id='word_1_155' title='bbox 1193 1790 1335 1833; x_wconf 89' lang='lat' dir='ltr'>codice</span> <span class='ocrx_word' id='word_1_156' title='bbox 1366 1789 1587 1834; x_wconf 88' lang='lat' dir='ltr'>edidimus.</span> 
     </span>
    </p>

    <p class='ocr_par' dir='ltr' id='par_1_10' title="bbox 106 1863 1640 2052">
     <span class='ocr_line' id='line_1_23' title="bbox 165 1863 1640 1919; baseline -0.003 -11"><span class='ocrx_word' id='word_1_157' title='bbox 165 1865 226 1909; x_wconf 86' lang='lat'>30.</span> <span class='ocrx_word' id='word_1_158' title='bbox 258 1866 464 1919; x_wconf 70' lang='lat' dir='ltr'>Epitomen</span> <span class='ocrx_word' id='word_1_159' title='bbox 510 1865 734 1907; x_wconf 71' lang='lat' dir='ltr'>‚Doctrinae</span> <span class='ocrx_word' id='word_1_160' title='bbox 774 1864 978 1906; x_wconf 76' lang='lat' dir='ltr'>Ecclesiae</span> <span class='ocrx_word' id='word_1_161' title='bbox 1024 1863 1182 1905; x_wconf 70' lang='lat' dir='ltr'>Frisz&#39;ae</span> <span class='ocrx_word' id='word_1_162' title='bbox 1230 1863 1462 1914; x_wconf 70' lang='lat' dir='ltr'>Orientalis,</span> <span class='ocrx_word' id='word_1_163' title='bbox 1511 1877 1640 1919; x_wconf 90' lang='lat' dir='ltr'>quam</span> 
     </span>
     <span class='ocr_line' id='line_1_24' title="bbox 106 1933 1639 1993; baseline -0.002 -14"><span class='ocrx_word' id='word_1_164' title='bbox 106 1937 272 1993; x_wconf 87' lang='lat' dir='ltr'>saepius</span> <span class='ocrx_word' id='word_1_165' title='bbox 312 1937 395 1979; x_wconf 85' lang='lat' dir='ltr'>iam</span> <span class='ocrx_word' id='word_1_166' title='bbox 439 1936 811 1979; x_wconf 86' lang='lat' dir='ltr'>conclamaverant</span> <span class='ocrx_word' id='word_1_167' title='bbox 850 1936 930 1978; x_wconf 86' lang='lat' dir='ltr'>viri</span> <span class='ocrx_word' id='word_1_168' title='bbox 971 1934 1097 1987; x_wconf 86' lang='lat' dir='ltr'>docti,</span> <span class='ocrx_word' id='word_1_169' title='bbox 1130 1935 1171 1977; x_wconf 91' lang='lat' dir='ltr'>in</span> <span class='ocrx_word' id='word_1_170' title='bbox 1203 1935 1286 1978; x_wconf 89' lang='lat' dir='ltr'>fine</span> <span class='ocrx_word' id='word_1_171' title='bbox 1316 1933 1489 1977; x_wconf 82' lang='lat' dir='ltr'>secundi</span> <span class='ocrx_word' id='word_1_172' title='bbox 1519 1934 1639 1977; x_wconf 88' lang='lat' dir='ltr'>volu-</span> 
     </span>
     <span class='ocr_line' id='line_1_25' title="bbox 106 2007 779 2052; baseline -0.003 0"><span class='ocrx_word' id='word_1_173' title='bbox 106 2009 232 2052; x_wconf 88' lang='lat' dir='ltr'>minis</span> <span class='ocrx_word' id='word_1_174' title='bbox 261 2008 389 2050; x_wconf 80' lang='lat' dir='ltr'>editio</span> <span class='ocrx_word' id='word_1_175' title='bbox 422 2015 564 2051; x_wconf 88' lang='lat' dir='ltr'>nostra</span> <span class='ocrx_word' id='word_1_176' title='bbox 596 2007 779 2051; x_wconf 88' lang='lat' dir='ltr'>exhibet.</span> 
     </span>
    </p>

    <p class='ocr_par' dir='ltr' id='par_1_11' title="bbox 163 2075 1451 2133">
     <span class='ocr_line' id='line_1_26' title="bbox 163 2075 1451 2133; baseline -0.004 -11"><span class='ocrx_word' id='word_1_177' title='bbox 163 2080 226 2123; x_wconf 85' lang='lat'>40.</span> <span class='ocrx_word' id='word_1_178' title='bbox 259 2079 562 2133; x_wconf 70' lang='lat' dir='ltr'>Disputationis</span> <span class='ocrx_word' id='word_1_179' title='bbox 590 2093 678 2120; x_wconf 82' lang='lat' dir='ltr'>cum</span> <span class='ocrx_word' id='word_1_180' title='bbox 708 2078 863 2119; x_wconf 78' lang='lat' dir='ltr'>Bueero</span> <span class='ocrx_word' id='word_1_181' title='bbox 894 2075 1062 2118; x_wconf 89' lang='lat' dir='ltr'>schema</span> <span class='ocrx_word' id='word_1_182' title='bbox 1095 2077 1451 2132; x_wconf 86' lang='lat' dir='ltr'>exprompsimus.</span> 
     </span>
    </p>

    <p class='ocr_par' dir='ltr' id='par_1_12' title="bbox 100 2145 1641 2335">
     <span class='ocr_line' id='line_1_27' title="bbox 164 2145 1641 2206; baseline -0.001 -14"><span class='ocrx_word' id='word_1_183' title='bbox 164 2150 225 2192; x_wconf 84' lang='lat'>50.</span> <span class='ocrx_word' id='word_1_184' title='bbox 256 2149 450 2193; x_wconf 89' lang='lat' dir='ltr'>Priorem</span> <span class='ocrx_word' id='word_1_185' title='bbox 484 2156 645 2206; x_wconf 87' lang='lat' dir='ltr'>partem</span> <span class='ocrx_word' id='word_1_186' title='bbox 679 2148 768 2190; x_wconf 90' lang='lat' dir='ltr'>eius</span> <span class='ocrx_word' id='word_1_187' title='bbox 800 2146 944 2200; x_wconf 88' lang='lat' dir='ltr'>libelli,</span> <span class='ocrx_word' id='word_1_188' title='bbox 975 2162 1104 2203; x_wconf 88' lang='lat' dir='ltr'>quam</span> <span class='ocrx_word' id='word_1_189' title='bbox 1136 2146 1213 2189; x_wconf 88' lang='lat' dir='ltr'>sub</span> <span class='ocrx_word' id='word_1_190' title='bbox 1244 2145 1370 2189; x_wconf 92' lang='lat' dir='ltr'>titulo</span> <span class='ocrx_word' id='word_1_191' title='bbox 1400 2147 1572 2201; x_wconf 69' lang='lat' dir='ltr'>Simplex</span> <span class='ocrx_word' id='word_1_192' title='bbox 1593 2162 1641 2190; x_wconf 78' lang='grc' dir='ltr'>ασ</span> 
     </span>
     <span class='ocr_line' id='line_1_28' title="bbox 100 2217 1638 2278; baseline -0.003 -14"><span class='ocrx_word' id='word_1_193' title='bbox 100 2222 244 2278; x_wconf 52' lang='lat' dir='ltr'>fidelis*</span> <span class='ocrx_word' id='word_1_194' title='bbox 283 2222 462 2273; x_wconf 56' lang='lat' dir='ltr'>naratio</span> <span class='ocrx_word' id='word_1_195' title='bbox 493 2219 621 2262; x_wconf 85' lang='lat' dir='ltr'>edidit</span> <span class='ocrx_word' id='word_1_196' title='bbox 651 2219 934 2268; x_wconf 83' lang='lat' dir='ltr'>Utenhovius,</span> <span class='ocrx_word' id='word_1_197' title='bbox 964 2217 1105 2261; x_wconf 87' lang='lat' dir='ltr'>Lasco</span> <span class='ocrx_word' id='word_1_198' title='bbox 1140 2217 1419 2260; x_wconf 84' lang='lat' dir='ltr'>verisimiliter</span> <span class='ocrx_word' id='word_1_199' title='bbox 1448 2217 1638 2260; x_wconf 85' lang='lat' dir='ltr'>tribuen-</span> 
     </span>
     <span class='ocr_line' id='line_1_29' title="bbox 105 2292 623 2335; baseline -0.004 0"><span class='ocrx_word' id='word_1_200' title='bbox 105 2292 201 2335; x_wconf 90' lang='lat' dir='ltr'>dam</span> <span class='ocrx_word' id='word_1_201' title='bbox 234 2308 322 2334; x_wconf 88' lang='lat' dir='ltr'>esse</span> <span class='ocrx_word' id='word_1_202' title='bbox 353 2292 623 2334; x_wconf 89' lang='lat' dir='ltr'>ostendimus.</span> 
     </span>
    </p>

    <p class='ocr_par' dir='ltr' id='par_1_13' title="bbox 104 2359 1638 2479">
     <span class='ocr_line' id='line_1_30' title="bbox 165 2359 1638 2421; baseline -0.002 -13"><span class='ocrx_word' id='word_1_203' title='bbox 165 2366 226 2409; x_wconf 86' lang='lat'>60.</span> <span class='ocrx_word' id='word_1_204' title='bbox 258 2363 586 2421; x_wconf 80' lang='lat' dir='ltr'>Quinquaginta</span> <span class='ocrx_word' id='word_1_205' title='bbox 625 2369 665 2405; x_wconf 90' lang='lat' dir='ltr'>et</span> <span class='ocrx_word' id='word_1_206' title='bbox 700 2362 812 2418; x_wconf 90' lang='lat' dir='ltr'>quod</span> <span class='ocrx_word' id='word_1_207' title='bbox 842 2361 1032 2405; x_wconf 86' lang='lat' dir='ltr'>excurrit</span> <span class='ocrx_word' id='word_1_208' title='bbox 1060 2362 1242 2417; x_wconf 70' lang='lat' dir='ltr'>epistolis</span> <span class='ocrx_word' id='word_1_209' title='bbox 1281 2359 1479 2405; x_wconf 88' lang='lat' dir='ltr'>Gerdesii</span> <span class='ocrx_word' id='word_1_210' title='bbox 1509 2361 1638 2421; x_wconf 85' lang='lat' dir='ltr'>sylla·</span> 
     </span>
     <span class='ocr_line' id='line_1_31' title="bbox 104 2435 502 2479; baseline -0.005 -1"><span class='ocrx_word' id='word_1_211' title='bbox 104 2435 208 2478; x_wconf 89' lang='lat' dir='ltr'>bum</span> <span class='ocrx_word' id='word_1_212' title='bbox 238 2436 502 2479; x_wconf 85' lang='lat' dir='ltr'>adauximus.</span> 
     </span>
    </p>

    <p class='ocr_par' dir='ltr' id='par_1_14' title="bbox 104 2494 1637 2704">
     <span class='ocr_line' id='line_1_32' title="bbox 165 2494 1637 2563; baseline -0.003 -12"><span class='ocrx_word' id='word_1_213' title='bbox 165 2509 225 2551; x_wconf 82' lang='lat'>70.</span> <span class='ocrx_word' id='word_1_214' title='bbox 257 2494 476 2563; x_wconf 65' lang='lat' dir='ltr'>Belgicam</span> <span class='ocrx_word' id='word_1_215' title='bbox 499 2505 788 2548; x_wconf 87' lang='lat' dir='ltr'>recensionem</span> <span class='ocrx_word' id='word_1_216' title='bbox 811 2503 991 2561; x_wconf 86' lang='lat' dir='ltr'>pagellis</span> <span class='ocrx_word' id='word_1_217' title='bbox 1011 2503 1168 2547; x_wconf 87' lang='lat' dir='ltr'>nostris</span> <span class='ocrx_word' id='word_1_218' title='bbox 1189 2502 1382 2547; x_wconf 89' lang='lat' dir='ltr'>dedimus</span> <span class='ocrx_word' id='word_1_219' title='bbox 1403 2503 1493 2546; x_wconf 90' lang='lat' dir='ltr'>eius</span> <span class='ocrx_word' id='word_1_220' title='bbox 1515 2517 1637 2560; x_wconf 87' lang='lat' dir='ltr'>opus-</span> 
     </span>
     <span class='ocr_line' id='line_1_33' title="bbox 105 2576 1636 2636; baseline -0.003 -14"><span class='ocrx_word' id='word_1_221' title='bbox 105 2579 204 2629; x_wconf 87' lang='lat' dir='ltr'>culi,</span> <span class='ocrx_word' id='word_1_222' title='bbox 236 2578 345 2636; x_wconf 87' lang='lat' dir='ltr'>quod</span> <span class='ocrx_word' id='word_1_223' title='bbox 377 2581 424 2621; x_wconf 81' lang='lat' dir='ltr'>de</span> <span class='ocrx_word' id='word_1_224' title='bbox 447 2579 542 2636; x_wconf 71' lang='lat' dir='ltr'>fuy.</span> <span class='ocrx_word' id='word_1_225' title='bbox 568 2593 669 2635; x_wconf 78' lang='lat' dir='ltr'>pap.</span> <span class='ocrx_word' id='word_1_226' title='bbox 701 2578 799 2620; x_wconf 74' lang='lat' dir='ltr'>illic.</span> <span class='ocrx_word' id='word_1_227' title='bbox 831 2592 933 2619; x_wconf 73' lang='lat' dir='ltr'>sacr.</span> <span class='ocrx_word' id='word_1_228' title='bbox 964 2576 1225 2632; x_wconf 87' lang='lat' dir='ltr'>conscripsit,</span> <span class='ocrx_word' id='word_1_229' title='bbox 1256 2581 1298 2618; x_wconf 90' lang='lat' dir='ltr'>et</span> <span class='ocrx_word' id='word_1_230' title='bbox 1328 2576 1446 2618; x_wconf 88' lang='lat' dir='ltr'>cuius</span> <span class='ocrx_word' id='word_1_231' title='bbox 1467 2591 1636 2634; x_wconf 89' lang='lat' dir='ltr'>germa-</span> 
     </span>
     <span class='ocr_line' id='line_1_34' title="bbox 104 2646 1516 2704; baseline -0.001 -11"><span class='ocrx_word' id='word_1_232' title='bbox 104 2651 201 2693; x_wconf 89' lang='lat' dir='ltr'>nica</span> <span class='ocrx_word' id='word_1_233' title='bbox 232 2650 526 2693; x_wconf 86' lang='lat' dir='ltr'>tantummodo</span> <span class='ocrx_word' id='word_1_234' title='bbox 559 2649 695 2691; x_wconf 86' lang='lat' dir='ltr'>versio</span> <span class='ocrx_word' id='word_1_235' title='bbox 725 2647 850 2691; x_wconf 88' lang='lat' dir='ltr'>Lasci</span> <span class='ocrx_word' id='word_1_236' title='bbox 881 2646 1130 2704; x_wconf 90' lang='lat' dir='ltr'>biographis</span> <span class='ocrx_word' id='word_1_237' title='bbox 1160 2653 1330 2704; x_wconf 89' lang='lat' dir='ltr'>praesto</span> <span class='ocrx_word' id='word_1_238' title='bbox 1361 2647 1516 2691; x_wconf 88' lang='lat' dir='ltr'>fuerat.</span> 
     </span>
    </p>
   </div>
   <div class='ocr_carea' id='block_1_6' title="bbox 106 2734 316 2742">
    <p class='ocr_par' dir='ltr' id='par_1_15' title="bbox 106 2734 316 2742">
     <span class='ocr_line' id='line_1_35' title="bbox 106 2734 316 2742; baseline 0 436"><span class='ocrx_word' id='word_1_239' title='bbox 106 2734 316 2742; x_wconf 95' lang='lat' dir='ltr'> </span> 
     </span>
    </p>
   </div>
   <div class='ocr_carea' id='block_1_7' title="bbox 104 2765 1636 2918">
    <p class='ocr_par' dir='ltr' id='par_1_16' title="bbox 104 2765 1636 2918">
     <span class='ocr_line' id='line_1_36' title="bbox 149 2765 1635 2808; baseline -0.001 -9"><span class='ocrx_word' id='word_1_240' title='bbox 149 2768 175 2808; x_wconf 92' lang='lat'>¹)</span> <span class='ocrx_word' id='word_1_241' title='bbox 198 2767 484 2804; x_wconf 69' lang='lat' dir='ltr'>RINGELTAunnn,</span> <span class='ocrx_word' id='word_1_242' title='bbox 517 2767 690 2798; x_wconf 74' lang='lat' dir='ltr'>Nachrickc</span> <span class='ocrx_word' id='word_1_243' title='bbox 714 2777 769 2798; x_wconf 78' lang='lat' dir='ltr'>von</span> <span class='ocrx_word' id='word_1_244' title='bbox 795 2766 980 2799; x_wconf 77' lang='lat' dir='ltr'>Polnischen</span> <span class='ocrx_word' id='word_1_245' title='bbox 1003 2766 1364 2808; x_wconf 70' lang='lat' dir='ltr'>Bibeluebersetzunqen.</span> <span class='ocrx_word' id='word_1_246' title='bbox 1397 2765 1515 2797; x_wconf 81' lang='lat' dir='ltr'>Dantz.</span> <span class='ocrx_word' id='word_1_247' title='bbox 1544 2766 1635 2798; x_wconf 74' lang='lat'>1744.</span> 
     </span>
     <span class='ocr_line' id='line_1_37' title="bbox 104 2820 1636 2864; baseline 0.001 -12"><span class='ocrx_word' id='word_1_248' title='bbox 104 2833 136 2864; x_wconf 87' lang='lat' dir='ltr'>p.</span> <span class='ocrx_word' id='word_1_249' title='bbox 159 2821 314 2854; x_wconf 82' lang='lat'>83—114.</span> <span class='ocrx_word' id='word_1_250' title='bbox 359 2823 495 2859; x_wconf 69' lang='lat' dir='ltr'>GmiSSE,</span> <span class='ocrx_word' id='word_1_251' title='bbox 519 2822 652 2863; x_wconf 68' lang='lat' dir='ltr'>Allyem.</span> <span class='ocrx_word' id='word_1_252' title='bbox 678 2821 809 2853; x_wconf 75' lang='lat' dir='ltr'>Lz&#39;terat.</span> <span class='ocrx_word' id='word_1_253' title='bbox 837 2821 943 2852; x_wconf 70' lang='lat' dir='ltr'>Gesch.</span> <span class='ocrx_word' id='word_1_254' title='bbox 966 2820 1058 2854; x_wconf 86' lang='lat' dir='ltr'>Tom.</span> <span class='ocrx_word' id='word_1_255' title='bbox 1079 2821 1117 2854; x_wconf 87' lang='lat' dir='ltr'>V.</span> <span class='ocrx_word' id='word_1_256' title='bbox 1140 2822 1212 2853; x_wconf 79' lang='lat'>860.</span> <span class='ocrx_word' id='word_1_257' title='bbox 1249 2822 1505 2858; x_wconf 67' lang='lat' dir='ltr'>Rssssnsussmus,</span> <span class='ocrx_word' id='word_1_258' title='bbox 1533 2821 1636 2863; x_wconf 77' lang='lat' dir='ltr'>Oetsr.</span> 
     </span>
     <span class='ocr_line' id='line_1_38' title="bbox 104 2875 593 2918; baseline 0.002 -12"><span class='ocrx_word' id='word_1_259' title='bbox 104 2875 255 2917; x_wconf 70' lang='lat' dir='ltr'>Prediyer</span> <span class='ocrx_word' id='word_1_260' title='bbox 278 2877 466 2914; x_wconf 75' lang='lat' dir='ltr'>Denkmahl,</span> <span class='ocrx_word' id='word_1_261' title='bbox 490 2887 521 2918; x_wconf 89' lang='lat' dir='ltr'>p.</span> <span class='ocrx_word' id='word_1_262' title='bbox 544 2877 593 2907; x_wconf 81' lang='lat'>21.</span> 
     </span>
    </p>
   </div>
  </div>
 </body>
</html>
