1818 3178
1544 110 1615 146 361

87 223 168 260 silia
212 225 484 273 apparatusque
520 221 600 258 fieri
640 220 820 260 videmus.
877 221 1067 259 Describit
1103 225 1289 273 praeterea
1317 221 1394 259 irae
1421 219 1532 258 huius
1559 219 1616 258 di·

88 287 197 326 vinae
223 299 266 324 ae
292 286 486 338 plagarum
514 285 814 335 magnitudinem
842 286 1041 337 Propheta,
1068 299 1160 337 quas
1188 286 1326 324 talibus
1356 285 1523 335 Regibus
1551 298 1616 323 ex-

87 350 301 402 pectandas-
332 348 486 387 omnino
531 362 610 387 esse
643 349 837 400 praedicit,
880 363 1011 401 nempe
1046 351 1097 388 ita
1135 363 1333 388 accensum
1367 350 1415 388 iri
1451 350 1615 388 furorem

87 415 242 453 Domini
277 414 322 452 ad
353 413 619 452 disturbandos
648 414 861 453 istiusmodi
889 415 1011 464 Reges
1039 415 1078 452 in
1106 415 1283 452 omnibus
1311 414 1479 452 consiliis
1507 418 1617 465 atque

87 478 326 530 apparatibus
361 477 541 528 ipsorum,
579 482 618 516 ut
646 479 742 516 ferro
772 479 820 517 sit
846 479 948 530 ipsos
975 479 1185 524 invasurus,
1213 483 1324 529 atque
1349 478 1389 516 in
1416 478 1618 530 pulverem,

87 542 202 580 veluti
238 542 380 583 fictilia.
409 544 494 590 (33)
532 543 703 581 redactos
740 543 897 594 pedibus
925 543 1094 580 omnium
1123 543 1371 588 subiecturus,
1398 543 1525 594 sicque
1553 543 1616 580 de-

88 620 190 646 mum
224 619 373 644 omnem
406 607 501 644 viam
532 620 656 644 eorum
686 608 731 645 ad
760 607 953 645 interitum
981 612 1189 644 extremum
1218 607 1458 644 deducturus.
1513 605 1618 644 Haec

87 684 174 709 vero
211 670 337 708 omnia
374 676 524 722 repente
554 684 662 722 super
689 672 774 709 illos
803 675 961 709 ventura
988 685 1080 717 esse,
1107 685 1154 709 ne
1181 685 1219 710 se
1245 673 1359 721 longa
1386 671 1508 710 adhuc
1534 685 1616 710 ma·

87 737 209 773 lorum
235 735 450 773 istiusmodi
477 735 735 787 expectatione
762 736 876 773 solari
901 736 979 773 ullo
1008 736 1119 773 modo
1139 736 1297 787 possint.
1335 737 1501 787 Repente
1518 737 1618 774 enim

86 805 123 837 et
159 799 238 837 sine
275 812 338 850 spe
375 800 503 837 veniae
539 800 616 837 ulla
652 813 868 838 exarsuram
910 812 990 837 esse
1018 799 1136 837 divini
1162 800 1340 838 adversus
1368 801 1454 838 illos
1481 801 1618 838 furoris

89 863 374 910 vehementiam,
420 864 519 902 haud
555 865 664 903 aliter
699 878 810 915 quam
847 865 1106 914 gravissimam
1134 865 1292 903 alicuius
1319 866 1486 905 incendii
1512 867 1618 905 flam-

87 941 199 973 mam,
231 941 326 979 quae
363 928 472 966 unico
508 929 778 979 propemodum
814 929 992 980 temporis
1028 934 1217 967 momento
1246 933 1281 968 et
1308 931 1470 982 erumpit
1494 931 1619 982 inopi-

87 995 175 1029 nato
212 997 248 1029 et
284 992 395 1030 obvia
431 993 542 1030 simul
580 993 706 1030 omnia
733 993 943 1044 depascitur
971 998 1082 1044 atque
1109 993 1284 1032 absumit.
1337 996 1398 1032 An
1427 1008 1512 1033 vero
1542 1008 1618 1033 non

86 1060 141 1093 est
178 1056 369 1094 horribilis
399 1056 487 1094 haee
515 1057 601 1095 talis
630 1056 779 1095 divinae
807 1057 1014 1095 severit-atis
1043 1057 1273 1108 descriptio?
1326 1058 1511 1109 Equidem
1538 1059 1620 1097 fieri

87 1133 164 1158 non
201 1124 336 1171 potest,
371 1121 463 1172 quin
499 1121 564 1158 illa
593 1125 798 1166 moveatur,
825 1121 995 1172 quisquis
1025 1121 1235 1159 doctrinam
1261 1123 1524 1174 Propheticam
1551 1137 1616 1161 ve-

87 1198 168 1223 ram
212 1198 291 1223 esse
337 1189 447 1236 atque
482 1199 504 1223 a
541 1185 668 1222 divino
706 1186 770 1223 illo
807 1185 1075 1237 adorandoque
1113 1186 1254 1236 Spiritu
1291 1186 1414 1224 omnis
1450 1187 1618 1225 veritatis

85 1251 290 1301 profectam
316 1263 397 1288 esse
423 1263 468 1288 ex
495 1249 621 1288 animo
647 1251 781 1289 credit.
820 1253 876 1288 Ac
903 1264 1052 1288 rursum
1079 1252 1160 1289 fieri
1188 1264 1266 1289 non
1292 1255 1428 1303 potest,
1449 1256 1488 1290 ut
1511 1251 1616 1303 quis-

88 1327 200 1365 quam
236 1313 314 1351 Deo
344 1314 490 1365 spiritui
517 1318 659 1359 sancto,
685 1328 750 1365 per
777 1315 982 1366 Prophetas
1007 1315 1189 1366 loquenti,
1219 1316 1356 1363 credat,
1383 1316 1448 1367 qui
1476 1329 1553 1354 non
1581 1330 1619 1355 se

87 1379 128 1416 in
164 1379 274 1417 corde
310 1392 376 1417 suo
411 1379 555 1416 moveri
583 1378 718 1417 sentiat
746 1383 820 1417 tam
849 1380 1022 1419 horribili
1050 1380 1258 1418 severitatis
1282 1380 1530 1432 descriptione
1553 1381 1619 1418 ad-

87 1445 304 1492 (34)versus
342 1443 481 1481 Christi
516 1442 672 1481 Domini
706 1443 886 1495 regnique
922 1444 978 1482 sui
1005 1457 1071 1496 per
1098 1444 1306 1482 doctrinam
1333 1444 1534 1493 Euangelii
1560 1444 1619 1482 in-

90 1507 326 1545 clarescentis
361 1507 594 1545 adversarios
630 1511 665 1546 et
702 1512 987 1559 contemptores.
1036 1509 1142 1546 Certe
1168 1508 1354 1560 Propheta
1381 1508 1535 1560 ipsemet
1563 1512 1620 1546 at-

89 1585 161 1623 que
193 1572 294 1610 idem
321 1572 401 1610 Rex
429 1572 554 1618 etiam,
582 1572 671 1610 dum
699 1573 795 1610 hanc
821 1573 872 1610 ita
902 1573 1118 1611 horribilem
1147 1586 1190 1610 ac
1216 1573 1447 1624 repentinam
1475 1572 1620 1611 vindic·

89 1641 148 1673 tae
183 1635 331 1673 divinae
367 1636 615 1680 severitatem,
651 1641 830 1687 tanquam
866 1640 1113 1687 praesentem,
1150 1636 1282 1687 spiritu
1308 1637 1532 1688 Prophetico
1559 1637 1620 1673 in-

89 1703 225 1746 tuetur,
259 1700 425 1751 adeoque
456 1701 522 1738 illa
560 1706 826 1744 commovetur,
860 1705 903 1739 ut
938 1714 1043 1739 versa
1078 1702 1250 1752 protinus
1286 1701 1332 1738 ad
1366 1702 1460 1739 alios
1488 1702 1622 1751 Reges,

92 1763 298 1802 functionis
333 1764 506 1802 videlieet
544 1778 632 1802 suae
661 1765 835 1815 collegas,
879 1765 1061 1811 oratione,
1088 1770 1198 1817 atque
1226 1765 1295 1803 sub
1324 1766 1470 1816 Regum
1498 1766 1621 1804 nomi-

95 1841 142 1866 ne
168 1828 214 1865 ad
241 1841 304 1866 eos
331 1842 473 1872 omnes,
499 1830 565 1880 qui
591 1830 631 1867 in
658 1830 943 1879 gubernationis
969 1831 1142 1882 politicae
1169 1835 1273 1882 parte
1299 1831 1422 1881 aliqua
1451 1844 1620 1881 quoquo-

93 1893 205 1930 modo
241 1899 448 1938 versantur,
481 1894 646 1944 graviter
681 1895 766 1932 illos
794 1895 961 1946 ipsorum
990 1895 1100 1933 officii
1128 1895 1346 1942 admoneat,
1374 1895 1622 1933 certissimum

91 1958 168 1995 illis
204 1971 431 2009 prorsusque
467 1958 744 2001 formidabilem
779 1959 974 1997 interitum
1011 1960 1256 2006 denuncians,
1301 1959 1373 1997 nisi
1409 1959 1624 2010 resipiscere

95 2023 222 2061 velint.
276 2023 408 2061 Quid?
461 2023 562 2074 quod
609 2024 780 2061 Christus
826 2024 981 2074 ipsemet
1026 2023 1211 2062 Dominus
1247 2024 1319 2061 hoc
1354 2024 1476 2075 ipsum
1512 2023 1623 2062 nobis

94 2087 205 2125 etiam
232 2086 447 2138 parabolica
476 2087 720 2126 similitudine
747 2088 979 2139 apertissime
1008 2089 1216 2133 confirmat,
1244 2088 1332 2126 dum
1361 2101 1423 2126 eos
1452 2088 1531 2125 sine
1549 2088 1624 2125 dis-

95 2152 250 2190 crimine
286 2165 427 2198 omnes,
462 2152 526 2203 qui
561 2152 684 2203 ipsum
723 2166 832 2204 super
869 2166 906 2191 se
943 2166 1098 2202 regnare
1125 2153 1339 2198 noluerunt,
1376 2153 1415 2190 in
1446 2166 1624 2204 eonspec-

94 2222 172 2254 tum
212 2221 318 2254 suum
353 2216 605 2263 adducendos,
640 2217 708 2254 ubi
743 2232 762 2255 e
798 2218 1006 2269 longinqua
1041 2218 1195 2267 regione
1232 2231 1296 2256 sua
1325 2218 1489 2263 redierit,
1516 2224 1627 2269 atque

97 2294 221 2319 coram
267 2294 332 2318 sua
378 2281 474 2319 facie
519 2281 598 2319 sine
634 2295 698 2332 spe
735 2282 863 2319 veniae
900 2282 974 2320 nlla
1011 2283 1292 2320 obtruncandos
1328 2296 1407 2320 esse
1444 2283 1627 2320 affirmat?

98 2346 191 2383 Cum
219 2345 318 2383 enim
348 2345 395 2383 sit
421 2347 507 2394 (35)
535 2346 750 2396 parabolica
778 2351 858 2384 tota
884 2347 948 2384 illa
979 2346 1118 2384 Christi
1147 2346 1302 2384 Domini
1329 2347 1507 2391 narratio,
1533 2347 1630 2384 nihil

98 2423 186 2448 sane
231 2410 379 2447 obstare
414 2414 549 2460 potest,
593 2410 794 2460 quominus
832 2411 989 2448 reditum
1027 2411 1134 2448 illum
1169 2424 1189 2448 e
1226 2411 1433 2462 longinqua
1477 2411 1630 2460 regione

97 2473 310 2525 parabolice
343 2474 454 2511 etiam
491 2474 790 2524 interpretemur,
833 2475 910 2512 sive
945 2475 1054 2512 illum
1092 2475 1135 2512 de
1173 2480 1337 2512 extremo
1374 2476 1440 2513 illo
1479 2489 1545 2513 suo
1582 2476 1629 2513 ad

96 2538 277 2577 iudicium
314 2538 436 2576 reditu
463 2538 502 2576 in
529 2539 697 2587 glorioso
726 2539 874 2577 demum
904 2553 1059 2590 corpore
1087 2553 1167 2585 su0‚
1204 2540 1281 2578 sive
1308 2541 1418 2578 etiam
1449 2540 1493 2578 de
1521 2540 1630 2578 resti-

98 2603 249 2648 tuendo,
285 2604 399 2640 veluti
435 2603 681 2654 postliminio,
718 2603 910 2641 doetrinae
949 2617 1036 2641 suae
1077 2604 1275 2655 splendore
1309 2617 1375 2656 per
1403 2605 1632 2654 singularem

102 2667 263 2717 Spiritus
299 2667 357 2705 sui
394 2667 568 2704 virtutem
596 2680 638 2704 ae
665 2667 872 2717 potentiam
900 2671 935 2705 et
962 2668 1119 2719 proinde
1147 2668 1261 2706 veluti
1286 2682 1351 2720 per
1380 2682 1484 2706 suam
1512 2682 1632 2719 quan-

102 2730 187 2768 dam
229 2731 477 2782 praesentiam
518 2731 790 2781 intelligamus,
825 2737 937 2783 atque
973 2732 1025 2770 ita
1061 2733 1274 2770 confirmari
1307 2733 1417 2784 plane
1454 2733 1634 2777 dicamus,

102 2796 326 2834 horrendam
360 2797 463 2834 illam
499 2796 706 2834 severitatis
744 2796 894 2836 divinae
929 2811 950 2834 a
987 2797 1173 2848 Propheta
1210 2798 1469 2835 adumbratam
1499 2797 1631 2834 faciem

102 2860 278 2899 adversus
307 2875 369 2899 eos
398 2874 539 2908 OlnnCS,
566 2862 630 2913 qui
657 2862 697 2899 in
726 2862 797 2900 hoc
826 2862 980 2900 consilia
1011 2875 1074 2901 sua
1104 2863 1248 2912 agitant
1276 2863 1414 2909 omnia,
1430 2866 1471 2901 ut
1497 2862 1636 2901 Christi
