1818 3178
255 137 300 170 20
700 133 749 160 nn
778 130 940 158 camsr1
967 124 1284 154 JNCARNAUONE.

257 248 402 281 nostrae
429 234 768 289 participationem),
795 236 900 279 atque
927 227 1016 265 adeo
1040 229 1201 263 tentatus
1221 225 1342 269 etiam,
1363 225 1484 272 potest
1506 220 1578 257 iam
1600 221 1744 258 demum

261 304 441 346 omnibus,
475 300 536 350 qui
573 299 759 334 tentantur
794 293 890 330 velut
926 289 1103 328 fratribus
1132 299 1353 332 succurrere,
1379 288 1426 331 et,
1451 287 1494 321 ut
1519 296 1601 321 vere
1626 284 1747 322 fidelis

262 367 440 407 Pontifex,
476 374 538 399 suo
566 360 678 410 ipsius
705 358 823 404 (iuxta
851 354 1001 392 eandem
1030 353 1192 398 carnem)
1220 352 1348 388 merito
1376 348 1422 386 ad
1450 347 1506 384 sui
1532 347 1616 384 illos
1643 348 1748 395 regni

258 430 409 477 gloriam
437 437 595 462 evocare.
623 422 761 471 Estque
789 420 847 455 hic
875 416 1142 455 observandum
1171 415 1379 463 diligenter,
1405 411 1504 462 quod
1524 411 1659 448 Paulus
1678 411 1749 448 hoc

259 492 485 542 potissimum
514 486 671 530 nominc,
698 484 883 521 Christum
910 481 1053 518 fidelem
1080 479 1299 516 Pontificem
1326 489 1404 514 esse
1431 475 1569 519 statuit,
1595 474 1692 526 quod
1712 487 1750 512 se

259 554 373 600 ob-(C
409 548 616 598 v¹’)noxium
651 548 776 585 fecerit
802 545 1066 584 tentationibus
1094 542 1242 580 nostris.
1296 541 1391 578 Inde
1416 539 1514 577 enim
1540 538 1577 576 id
1605 551 1752 589 quoque

262 617 455 664 colligitur,
491 613 624 650 Filium
660 611 729 647 Dei
765 614 926 648 nostram
965 612 998 645 et
1025 607 1161 643 nullam
1191 606 1299 642 aliam
1328 616 1474 641 carnem
1500 602 1751 653 assumpsisse,

259 692 349 729 quae
386 678 459 714 sola
496 676 578 712 talis
615 678 732 711 creata
769 677 833 716 est,
867 676 908 708 ut
942 670 1074 708 tentari
1110 673 1145 706 et
1180 667 1335 718 proinde
1361 679 1510 717 peccare
1537 679 1683 716 quoque
1709 677 1752 702 ac

262 742 353 779 mori
380 743 511 790 posset.
548 738 710 787 Alioqui,
745 735 841 786 quod
879 734 1031 771 coeleste
1064 732 1313 781 Divinumque
1347 734 1415 776 est,
1448 730 1487 767 id
1520 742 1671 780 prorsus
1698 732 1753 766 est

259 808 475 853 ἀπείρατον,
502 800 806 851 quemadmodum
833 798 990 835 Iacobus
1019 796 1136 834 docet.
1167 794 1313 832 Quodsi
1338 793 1441 831 iuxta
1469 806 1614 830 carnem
1634 792 1752 829 Filius

259 869 325 907 Dei
361 867 477 903 factus
511 868 563 901 est
600 862 794 900 tentationi
822 860 1016 904 obnoxius,
1041 864 1081 896 ut
1108 872 1145 896 se
1171 858 1315 895 fidelem
1341 857 1558 894 Pontificem
1585 860 1752 893 nostrum

257 944 333 969 csse
369 929 578 972 declararet,
612 926 841 976 perspicuum
877 928 942 968 est,
978 936 1059 960 eum
1088 935 1162 960 non
1190 922 1299 959 aliam
1329 934 1474 958 carnem
1502 920 1756 970 assumpsisse,

258 1007 363 1044 quam
393 996 566 1033 nostram,
592 993 632 1026 ut
658 990 696 1025 in
723 1002 763 1026 ea
793 987 924 1024 tentari
951 990 985 1024 et
1012 985 1167 1036 proinde
1193 985 1287 1022 mori
1312 998 1457 1035 quoque
1471 987 1607 1035 posset,
1625 982 1754 1020 nobis-

258 1071 325 1108 que
351 1056 476 1093 mcrito
504 1067 567 1091 suo
595 1065 813 1094 succurrere,
840 1051 901 1101 qui
928 1055 963 1088 et
990 1050 1187 1088 tentationi
1212 1054 1247 1088 et
1273 1053 1421 1100 peccato
1441 1054 1475 1086 et
1492 1048 1603 1086 morti
1619 1049 1756 1098 (quan-

261 1126 337 1157 tum
373 1119 410 1154 in
447 1117 552 1154 nobis
588 1118 657 1163 est)
694 1115 847 1152 subiecti
883 1127 1019 1151 sumus.
1073 1114 1171 1150 Nam
1199 1113 1237 1150 in
1265 1126 1307 1150 eo
1334 1114 1428 1163 ipso,
1463 1112 1584 1162 inquit
1610 1112 1757 1158 Paulus,

263 1182 358 1231 quod
393 1184 549 1218 tentatus
584 1183 650 1223 est,
684 1183 803 1227 potest
831 1182 866 1215 et
898 1178 943 1214 iis
979 1177 1042 1228 qui
1067 1181 1256 1215 tentantur
1283 1190 1504 1215 succurrere.
1558 1177 1757 1227 Utcunque

260 1244 371 1290 igitur
412 1242 560 1278 Paulum
596 1240 656 1276 hic
690 1240 950 1290 interpreteris,
994 1245 1116 1276 manet
1151 1239 1369 1276 inconcussa
1407 1239 1575 1276 doctrina
1619 1244 1758 1283 nostra,

262 1307 394 1344 Filium
421 1305 488 1342 Dei
516 1309 678 1342 nostram
705 1308 738 1341 et
766 1317 839 1340 non
867 1304 976 1340 aliam
1007 1316 1150 1340 carnem
1179 1303 1431 1353 assumpsisse,
1450 1303 1559 1353 idque
1576 1316 1639 1353 per
1657 1303 1757 1340 illius
1795 1311 1797 1314 ⁴

260 1369 581 1420 participationem.
634 1368 687 1405 Ut
714 1367 860 1404 interim
888 1371 1040 1413 taceam,
1066 1367 1164 1417 quod
1191 1367 1324 1404 Paulus
1353 1367 1537 1404 Christum
1556 1367 1758 1404 Dominum

263 1438 457 1483 (quatenus
490 1432 673 1468 hominem
709 1431 937 1478 hauddubie)
972 1432 1010 1468 in
1039 1434 1147 1481 caput
1173 1423 1257 1467 suae
1285 1430 1449 1468 Ecclesie
1478 1431 1602 1467 datum
1630 1444 1651 1468 a
1679 1430 1756 1467 Deo

260 1499 365 1535 Patre
391 1510 467 1534 csse
492 1500 656 1533 testatur.
686 1496 783 1532 Fieri
810 1508 895 1532 sane
922 1508 996 1532 non
1022 1499 1154 1544 potest,
1181 1495 1270 1544 quin
1290 1498 1397 1545 caput
1421 1507 1502 1531 cum
1522 1507 1587 1532 suo
1608 1506 1760 1544 corpore

262 1562 551 1598 communionem
578 1560 738 1597 eiusdem
768 1559 887 1596 carnis
914 1559 1057 1596 habeat.
1079 1559 1127 1606 (C
1155 1560 1222 1607 via)
1250 1559 1299 1596 Et
1327 1572 1407 1595 cum
1436 1558 1537 1608 prior
1564 1558 1610 1595 sit
1628 1557 1758 1595 Eccle-

264 1626 314 1662 sia
343 1625 478 1661 Christi
504 1624 767 1668 incarnatione,
796 1623 852 1659 cui
880 1623 1027 1672 quidem
1054 1623 1093 1659 in
1123 1629 1230 1672 caput
1257 1636 1298 1659 ac
1323 1622 1538 1659 Pontificem
1569 1626 1758 1659 aeternum

263 1689 366 1724 datus
393 1689 439 1725 sit
467 1688 644 1733 Christus,
670 1688 734 1724 ubi
761 1688 936 1737 temporis
963 1686 1154 1737 plenitudo
1183 1687 1402 1732 advenisset,
1429 1687 1664 1724 manifestum
1691 1690 1760 1733 est,

266 1752 447 1789 Christum
474 1757 618 1790 nostrae
645 1752 745 1788 carni
771 1751 988 1801 participare
1015 1751 1231 1801 oportuisse,
1259 1754 1299 1787 ut
1326 1754 1434 1801 caput
1462 1756 1629 1788 nostrum
1652 1755 1759 1796 esset,

265 1820 299 1852 ct
333 1829 398 1853 nos
435 1816 594 1853 membra
621 1816 719 1852 illius
746 1815 919 1853 vicissim.
977 1815 1104 1853 Manet
1131 1815 1245 1863 igitur
1271 1816 1492 1853 inconcussa
1519 1819 1658 1859 nostra,
1683 1815 1757 1852 imo

266 1892 348 1915 vcro
394 1892 467 1915 non
501 1884 638 1924 nostra,
675 1879 736 1916 sed
774 1879 984 1916 Catholicae
1019 1879 1141 1929 potius
1175 1879 1361 1916 Ecclesiae
1389 1878 1568 1925 doctrina,
1595 1879 1760 1916 omnium

265 1943 552 1980 orthodoxorum
581 1943 769 1981 sententiis
798 1944 1045 1993 comprobata,
1064 1943 1199 1981 Filium
1220 1943 1287 1980 Dei
1307 1943 1494 1981 hominem
1513 1944 1650 1980 factum
1670 1955 1760 1987 esse,

269 2018 340 2041 non
369 2005 650 2042 commutatione
677 2005 748 2041 ulla
774 2005 906 2054 prioris
934 2018 1018 2042 suae
1045 2005 1270 2050 existentiae,
1297 2018 1414 2055 neque
1440 2005 1528 2042 item
1556 2004 1761 2042 desertione

268 2069 396 2117 prioris
425 2082 507 2106 suae
528 2070 676 2112 formae,
696 2068 757 2105 sed
778 2068 914 2105 formae
932 2068 1116 2106 servitutis
1140 2073 1298 2113 nostrae,
1310 2069 1380 2105 hoc
1391 2073 1458 2112 est,
1476 2069 1596 2106 carnis
1615 2072 1761 2106 nostrae

271 2132 515 2181 assumptione
542 2145 603 2182 per
630 2132 729 2168 illius
757 2131 1083 2182 participationem,
1110 2132 1416 2182 quemadmodum
1445 2132 1578 2169 Paulus
1608 2132 1727 2170 docet.

321 2198 487 2244 Superest
529 2196 613 2241 iam,
658 2200 698 2232 ut
740 2196 887 2232 modum
935 2209 1078 2246 quoque
1113 2197 1188 2234 eius
1221 2197 1337 2246 ipsius
1370 2197 1662 2247 participationis
1698 2209 1762 2233 ex-

270 2270 458 2307 ponamus,
492 2258 561 2294 hoc
596 2262 661 2304 cst,
697 2271 853 2308 quonam
901 2259 1008 2296 modo
1047 2264 1081 2297 et
1116 2249 1178 2310 per
1214 2273 1305 2310 quos
1341 2260 1458 2297 Filius
1487 2259 1555 2297 Dei
1582 2259 1764 2309 particeps

272 2321 386 2357 sactus
435 2321 480 2357 sit
517 2322 634 2358 carnis
680 2326 838 2367 nostrae,
886 2336 931 2359 ne
974 2323 1062 2373 quid
1106 2324 1255 2360 omnino
1293 2324 1332 2360 in
1376 2336 1482 2360 causa
1513 2323 1582 2360 hac
1608 2323 1765 2372 amplius

271 2382 465 2419 desiderari
501 2383 626 2432 possit.
680 2381 727 2421 Et
762 2385 933 2434 quoniam
970 2386 1075 2423 multi
1110 2390 1237 2424 extant
1272 2387 1473 2437 scripturae
1508 2386 1593 2430 loci,
1630 2386 1693 2435 qui
1721 2385 1766 2423 de

275 2446 408 2482 Christi
444 2447 694 2484 incarnatione
722 2448 915 2493 disserunt,
942 2453 1052 2500 tuque
1078 2451 1116 2488 in
1144 2464 1268 2488 eorum
1295 2450 1596 2501 interpretatione
1624 2450 1766 2487 dissen-

271 2509 338 2545 tire
374 2523 393 2545 a
430 2509 535 2546 nobis
573 2510 722 2556 videris3
759 2515 865 2562 atque
900 2513 1046 2550 interim
1075 2527 1179 2562 urges
1206 2514 1397 2565 quosdam,
1423 2514 1521 2565 quod
1548 2527 1616 2551 nos
1643 2517 1767 2551 tamen

273 2584 346 2608 uon
384 2585 448 2608 suo
474 2572 555 2609 loeo
583 2573 648 2610 abs
675 2580 708 2611 tc
736 2576 813 2611 ficri
841 2577 887 2622 {C
914 2574 986 2625 vib)
1015 2582 1195 2628 putamus,
1221 2579 1433 2629 ponendum
1461 2580 1569 2617 nobis
1598 2579 1667 2617 erit
1692 2579 1767 2616 ini·

272 2635 322 2671 tio
360 2635 553 2673 discrimen
592 2637 685 2674 inter
721 2640 820 2676 locos
857 2640 967 2690 ipsos,
1006 2646 1044 2679 ut
1081 2643 1253 2688 sciamus,
1278 2648 1424 2681 rectene
1451 2644 1536 2681 illos
1565 2644 1610 2681 ad
1638 2655 1768 2680 causae

273 2704 417 2735 nostrae
455 2701 764 2738 confirmationem
799 2705 1125 2751 accommodemus,
1164 2720 1210 2743 an
1247 2720 1332 2744 vero
1369 2721 1431 2745 eos
1467 2707 1585 2758 (quod
1621 2706 1768 2758 quidem

272 2768 309 2798 tu
347 2763 452 2799 nobis
487 2764 602 2800 facere
639 2764 787 2812 videris)
822 2767 855 2802 vi
884 2768 1038 2816 quadam
1070 2769 1360 2820 detorqueamus.
1415 2772 1510 2808 Sunt
1536 2775 1656 2809 autem
1684 2770 1770 2815 loci,

268 2826 330 2877 qai
358 2827 392 2863 in
422 2827 493 2863 alio
521 2833 734 2876 argumento
770 2836 952 2868 versantes
988 2833 1032 2869 ad
1061 2833 1158 2871 illius
1197 2835 1514 2873 confirmationem
1541 2836 1769 2874 incarnatio—
