1818 3178
453 137 504 164 nn
533 136 816 165 saonamnxrrs
848 137 1060 165 ecstasim
1088 136 1266 166 cnnrsrt.
1552 127 1619 167 197

100 237 237 278 Christi
277 238 428 277 Domini
463 238 502 276 in
541 251 655 277 coena
683 253 749 278 sua
776 240 1030 291 precationem
1055 240 1095 278 in
1123 239 1307 288 magicam
1333 239 1522 291 quandam
1548 239 1620 277 ele-

98 306 310 340 mentorum
345 315 480 340 coenae
508 304 836 350 consecrationem,
862 304 934 341 hoc
961 308 1029 350 est,
1054 304 1346 342 incantationem
1375 307 1518 342 vertere
1545 317 1621 342 non

100 369 328 411 dubitarunt,
356 381 427 419 qua
454 381 578 406 rerum
605 369 742 420 species
771 369 895 406 nescio
924 369 1112 420 quomodo
1140 372 1436 406 transmutentur
1462 381 1620 406 novum-

99 445 171 483 que
199 432 338 470 Christi
365 431 519 470 Domini
548 446 682 483 corpus
708 436 934 484 pastaeeum,
970 432 1069 484 quod
1097 433 1237 488 alioqui
1265 433 1371 482 virgo
1399 437 1516 470 mater
1554 446 1619 470 ne-

99 510 170 548 que
207 496 376 548 concepit
412 510 589 548 unquam,
627 511 744 548 neque
778 498 932 549 peperit,
969 499 1161 543 formetur,
1186 501 1228 535 ut
1256 497 1423 549 ipsorum
1449 497 1620 548 quaestui

98 565 133 600 et
160 561 394 599 idololatriae
422 562 558 600 servire
586 563 716 613 possit.
755 563 840 601 Qua
868 567 989 600 tamen
1020 563 1059 600 in
1086 566 1190 614 parte
1215 563 1336 612 magis
1372 563 1458 601 illos
1485 563 1530 600 ad
1562 575 1620 600 ce-

97 625 251 664 landum
294 640 401 665 suurn
446 626 679 665 mendacium
727 640 918 674 memores,
963 627 1063 678 quod
1101 627 1251 673 dicitur,
1286 639 1364 664 esse
1409 627 1618 678 oportebat.

100 691 194 728 Cum
227 691 325 729 enim
361 692 567 741 gratiarum
595 692 779 730 actionem
808 692 948 731 Christi
975 692 1130 729 Domini
1156 705 1223 743 pro
1253 692 1532 730 consecratione
1557 705 1620 730 ac-

98 755 170 807 cipi
197 756 340 800 volunt,
376 761 412 794 et
440 757 758 795 consecrationem
784 757 824 794 in
852 756 975 794 verbis
1004 756 1234 794 solemnibus
1262 756 1336 794 illis
1365 756 1618 794 constituunt:

97 821 184 859 Hoc
220 825 276 860 est
312 835 446 874 corpus
482 835 617 867 meum,
654 835 730 859 non
757 821 1020 866 meminerunt,
1054 821 1256 871 gratiarum
1295 821 1479 859 actionem
1515 821 1622 859 iuxta

98 887 322 925 narrationis
359 887 528 925 ordinem
562 887 724 938 priorem
761 886 876 924 fuisse
910 886 992 937 ipsa
1028 885 1134 943 panis
1171 886 1353 923 fractione
1379 891 1415 924 et
1443 886 1622 924 distribu-

96 951 218 999 tionc;
257 951 368 989 verba
395 955 515 989 autem
545 952 621 995 illa,
648 964 741 1002 quae
767 950 840 1002 ipsi
869 950 1163 989 consecrationis
1190 950 1273 987 loco
1302 950 1451 993 habent,
1479 950 1622 1001 prolata

59 1028 69 1040 ·
96 1029 175 1054 esse
200 1021 285 1069 post
303 1017 484 1064 (fol.98b)
498 1029 630 1067 panem
658 1016 731 1054 iam
759 1017 932 1054 fractum.
962 1015 1140 1062 Dubium,
1165 1015 1206 1052 in
1233 1015 1361 1066 ipsane
1377 1015 1476 1053 illius
1496 1015 1622 1053 distri-

97 1079 265 1125 butione,
300 1093 348 1117 an
384 1092 471 1117 vero
506 1083 749 1130 posteaquam
777 1078 949 1129 Apostoli
984 1078 1059 1115 iam
1087 1082 1123 1115 et
1150 1091 1283 1129 panem
1309 1078 1433 1129 ipsum
1459 1078 1624 1116 edissent

96 1148 132 1183 et
165 1145 339 1196 poculum
375 1144 487 1182 etiam
524 1143 729 1187 bibissent,
768 1143 1082 1194 quemadmodum
1109 1155 1154 1180 ex
1184 1141 1304 1180 Marci
1331 1142 1452 1180 verbis
1481 1142 1526 1180 de
1552 1155 1621 1193 po·

95 1210 178 1248 culo
205 1208 316 1246 facile
343 1207 469 1257 colligi
493 1210 625 1259 potest.

146 1274 196 1311 Et
231 1273 329 1311 hanc
362 1272 480 1322 igitur
505 1272 658 1310 alteram
687 1271 784 1321 signi
811 1271 852 1308 in
880 1283 994 1308 coena
1023 1270 1208 1308 dominica
1236 1273 1378 1322 partem
1407 1273 1620 1322 corruptam

93 1338 203 1390 plane
238 1337 488 1387 violatamque
523 1348 567 1373 ac
600 1336 814 1387 turpissime
848 1335 1120 1387 prophanatam
1154 1348 1175 1372 a
1210 1335 1310 1386 Papa
1347 1337 1383 1373 et
1416 1347 1528 1384 grege
1555 1347 1619 1372 suo

94 1402 280 1447 videmus,
314 1414 447 1452 nempe
485 1400 626 1439 Christi
654 1400 808 1438 Domini
833 1401 1038 1450 gratiarum
1067 1399 1265 1446 actionem,
1290 1399 1357 1437 ubi
1385 1412 1520 1437 coenae
1548 1400 1621 1437 ele-

94 1469 217 1505 menta
244 1465 285 1503 in
313 1479 445 1504 manus
475 1478 560 1503 suas
588 1465 803 1516 accepisset.

144 1530 206 1569 Ad
242 1530 401 1569 eundem
427 1543 539 1581 porro
568 1529 721 1568 modum
746 1529 934 1568 violarunt
960 1529 1074 1567 etiam
1100 1528 1251 1567 tertiam
1276 1533 1417 1581 partem
1444 1529 1485 1568 in
1512 1529 1621 1580 signo

93 1608 228 1633 coenae
253 1595 358 1633 iuxta
387 1594 613 1632 narrationis
641 1594 823 1641 ordinem,
858 1607 991 1645 nempe
1017 1594 1136 1645 ipsam
1162 1593 1270 1645 panis
1298 1594 1494 1644 mysticam
1521 1595 1619 1633 frac-

92 1659 244 1698 tionem.
290 1659 422 1710 Neque
448 1659 547 1697 enim
575 1672 706 1711 panem
737 1672 862 1696 coram
889 1657 1057 1696 Ecclesia
1085 1658 1277 1708 frangunt,
1305 1659 1619 1710 quemadmodum

93 1725 263 1763 Christus
295 1724 384 1762 fecit
411 1728 446 1762 et
475 1725 594 1762 facere
621 1724 806 1775 praecepit
833 1723 880 1762 ad
907 1723 1204 1762 adumbrandam
1232 1724 1397 1775 corporis
1426 1724 1483 1761 sui
1511 1737 1619 1762 sanc-

90 1789 226 1827 tissimi
261 1789 301 1826 in
336 1792 455 1826 morte
490 1802 554 1826 sua
590 1788 850 1838 gravissimam
885 1801 951 1839 pro
988 1788 1127 1826 nostris
1163 1788 1325 1840 peccatis
1361 1788 1621 1834 afflictionem,

92 1853 154 1891 sed
182 1866 316 1905 panem
343 1853 635 1891 circumtonsum
662 1853 871 1904 proferunt,
897 1865 945 1890 ne
970 1852 1045 1890 illis
1075 1865 1159 1890 cum
1188 1853 1337 1890 Christo
1357 1852 1520 1890 Domino
1542 1853 1615 1891 ulla

91 1919 245 1958 omnino
273 1931 317 1956 ex
344 1922 447 1969 parte
476 1918 684 1963 conveniat,
719 1918 823 1956 cuius
862 1917 1002 1969 alioqui
1038 1918 1246 1969 exemplum
1275 1921 1386 1970 atque
1412 1918 1618 1956 institutio·

90 1997 175 2021 nem
219 1982 436 2034 simpliciter
473 1983 578 2034 sequi
616 1983 729 2026 velle,
765 1982 883 2020 videri
917 1982 1166 2034 proculdubio
1203 1986 1329 2033 posset
1373 1996 1452 2020 esse
1488 1986 1617 2020 contra

92 2052 264 2086 naturam
299 2060 343 2084 ac
371 2046 589 2096 dignitatem
619 2046 762 2084 ordinis
787 2046 968 2097 ipsorum,
994 2046 1033 2084 in
1062 2059 1135 2097 quo
1163 2046 1288 2084 locum
1316 2059 1392 2084 non
1420 2045 1532 2084 habet
1559 2059 1617 2084 re-

91 2111 177 2159 gula
214 2111 300 2149 illa:
338 2111 425 2148 Non
460 2114 516 2148 est
542 2110 662 2147 maior
692 2123 818 2148 servus
847 2109 998 2148 domino
1029 2123 1108 2153 suo,
1134 2131 1185 2138 —
1212 2109 1276 2147 sed
1303 2109 1423 2147 audiri
1450 2113 1617 2160 oportet:

92 2177 271 2225 (fol.99‹”¹)
291 2176 366 2213 Ero
385 2188 451 2227 par
471 2175 636 2226 adeoque
651 2175 769 2213 maior
788 2175 982 2220 altissimo,
1001 2179 1184 2226 quatenus
1204 2188 1293 2212 sane
1313 2174 1499 2212 condendi
1517 2174 1618 2220 novi,

94 2245 133 2279 ut
171 2245 326 2285 vocant,
365 2240 517 2278 canonis
552 2240 807 2291 laxandaeque
844 2253 887 2278 ac
922 2239 1203 2290 restringendae
1239 2239 1329 2289 legis
1367 2239 1514 2277 divinae
1549 2251 1617 2290 po-

88 2309 260 2344 testatem
298 2318 335 2343 se
372 2305 506 2342 habere
532 2305 695 2350 iactant3
732 2304 806 2341 nisi
834 2304 865 2341 si
890 2304 975 2342 ideo
1002 2317 1136 2356 panem
1165 2316 1299 2341 coenae
1327 2303 1618 2341 circumtonsam

90 2371 268 2422 proferre.
297 2383 409 2421 quam
437 2369 576 2406 Christi
610 2369 778 2419 exemplo
815 2369 986 2418 frangere
1014 2381 1139 2406 eoram
1166 2367 1332 2405 Ecclesia
1359 2368 1504 2405 malunt
1532 2380 1614 2405 cum

89 2435 274 2487 passionis
303 2434 511 2472 dominicae
539 2433 902 2476 commemoratione,
930 2432 1042 2484 quod,
1071 2445 1153 2470 cum
1180 2433 1252 2484 ipsi
1279 2446 1451 2482 magnam
1478 2434 1616 2472 sancti-

91 2501 179 2539 tatis
214 2506 356 2552 partem
394 2499 536 2536 ordinis
574 2498 631 2536 sui
669 2498 861 2542 clericalis,
896 2502 940 2536 ut
973 2497 1048 2535 iam
1075 2502 1129 2535 est
1155 2498 1358 2548 expositus,
1387 2500 1617 2537 constituant

89 2565 128 2603 in
163 2564 405 2603 tonsionibus
439 2569 474 2601 et
507 2563 658 2602 rasuris.
694 2566 876 2607 metuunt,
914 2576 958 2600 ne
996 2562 1165 2600 Christus
1200 2562 1298 2600 inter
1332 2563 1446 2601 laicos
1474 2567 1510 2602 et
1538 2564 1615 2614 ipse

92 2633 297 2675 censeatur,
325 2629 356 2665 si
383 2641 459 2666 non
487 2628 590 2665 illum
622 2626 975 2664 circumtonderent.
1014 2626 1315 2664 Circumtonsum
1343 2626 1457 2676 igitur
1483 2641 1616 2678 panem

92 2706 228 2731 coenae
262 2694 459 2745 proferunt
494 2691 675 2733 fortassis.
720 2704 766 2728 ne
802 2691 886 2742 quis
923 2690 1113 2728 Christum
1151 2690 1356 2736 dominum,
1395 2705 1503 2742 quem
1540 2692 1616 2729 illic

64 2770 169 2795 .esse
206 2757 439 2796 contendunt
477 2760 636 2807 quantus
674 2758 835 2806 quantus
872 2758 939 2799 est,
975 2754 1150 2792 clericum
1176 2754 1343 2806 ipsorum
1370 2755 1510 2793 ordinis
1541 2768 1615 2793 non

90 2821 204 2860 fuisse
233 2822 453 2873 suspicetur.
484 2820 636 2871 Alioqui
664 2833 740 2858 non
762 2819 880 2865 video,
899 2832 965 2857 cur
981 2819 1057 2858 illis
1079 2819 1350 2858 circumtonsus
1369 2820 1474 2871 panis
1497 2820 1615 2869 magis

90 2887 245 2938 placeat,
291 2899 377 2925 cum
410 2900 430 2925 a
469 2886 617 2924 Christo
654 2885 807 2924 domino
852 2888 889 2924 et
933 2885 1012 2924 eius
1049 2884 1197 2925 demum
1234 2885 1425 2941 Apostolis
1461 2885 1618 2929 fractum
