1818 3178
203 69 276 106 560
853 76 914 104 ΕΡ.
942 76 1086 103 noc'ra.

199 179 310 217 miter
346 178 564 229 impressam
592 175 816 214 habebimus
845 175 1055 214 doctrinam
1085 176 1226 213 Christi
1252 176 1318 226 qui
1345 176 1488 214 nullam
1514 175 1722 213 Ecclesiam

200 255 268 293 pro
307 255 373 279 sua
410 239 596 290 agnoscit,
620 239 695 277 nisi
722 252 817 290 quae
843 239 962 290 ipsius
990 252 1119 277 vocem
1147 252 1272 277 coram
1299 240 1439 286 audiat,
1467 253 1587 291 neque
1615 240 1722 278 aliter

202 307 313 344 ullius
340 304 531 343 Ecclesiae
558 317 751 342 assensum
780 316 989 355 sequemur,
1016 303 1091 342 nisi
1117 307 1301 354 quatenus
1329 305 1442 343 verbo
1471 305 1541 343 Dei
1569 304 1724 350 nitatur,

200 375 242 409 ut
271 383 425 421 scopum
451 369 491 408 in
519 369 585 407 illa
614 374 786 407 nostrum
811 368 951 407 intueri
978 382 1121 420 semper
1148 369 1348 419 possimus.
1391 370 1450 408 Ita
1477 370 1586 421 plane
1613 369 1723 407 affec·

200 440 260 474 tos
294 448 373 472 esse
409 438 555 485 oportet
591 433 747 477 omneis,
775 433 830 470 vir
858 432 1114 471 ornatissime!
1143 433 1208 483 qui
1235 433 1274 470 in
1301 446 1491 472 sacrarum
1516 434 1723 472 litterarum

201 498 325 550 adytis
362 512 446 536 cum
483 499 611 536 fructu
639 498 780 536 versari
808 498 954 537 volunt.
1008 497 1069 535 Ad
1097 510 1214 535 unum
1242 497 1342 535 enim
1368 499 1517 549 proprie
1543 499 1728 549 pertinere

203 573 277 598 vox
303 559 368 597 illa
391 559 609 597 coelestis'n
625 559 724 597 hunc
751 558 916 603 audite‚”
944 571 1077 609 nempe
1105 558 1310 603 Christum,
1335 563 1442 596 extra
1467 572 1577 610 quem
1602 560 1725 597 locum

203 623 340 661 habere
379 623 526 661 nullum
562 622 662 674 apud
691 635 759 660 nos
788 635 908 673 neque
935 621 1046 660 debet
1074 635 1194 673 neque
1221 627 1344 673 potest
1372 635 1444 661 vox
1472 623 1727 673 Pythagoreo·

203 702 286 727 rum
322 688 388 725 illa
427 690 546 735 αὖα-ὂς
576 690 669 739 ἐ’φιι.
724 687 783 725 Ad
812 687 968 725 eundem
995 700 1107 738 porro
1135 687 1288 725 modum
1316 688 1356 725 in
1381 689 1575 739 proposito
1603 702 1666 739 per
1692 694 1728 727 te

203 752 315 792 nobis
353 753 396 790 de
434 752 575 791 Christi
613 765 767 803 corpore
804 757 1040 801 argumento,
1077 765 1140 790 eos
1166 752 1406 803 potissimum
1433 767 1501 791 nos
1529 753 1732 804 sequimur,

202 820 243 858 in
271 818 407 870 quibus
436 818 625 856 Christum
653 817 860 855 Dominum
888 817 927 855 in
956 817 1069 856 verbo
1098 830 1165 855 5110
1192 818 1316 856 lucere
1343 817 1524 858 videmus.
1555 818 1633 856 Qui
1661 831 1728 856 no-

204 882 264 921 bis
299 867 760 921 transsubstantiationem
799 887 863 920 aut
892 882 1125 933 corporalem
1151 882 1397 933 praesentiam
1425 883 1465 921 in
1492 897 1586 934 pane
1613 896 1632 920 e
1659 883 1730 921 Pa·

203 947 325 986 tribus
361 952 397 985 et
433 945 613 984 Conciliis
642 945 849 997 approbare
878 950 1064 984 conantur
1091 959 1134 984 ac
1162 946 1352 985 Ecclesiae
1378 960 1525 998 quoque
1551 947 1732 985 autorita-

204 1017 280 1050 tem
306 1012 364 1049 illi
390 1015 625 1062 praetexunt,
653 1011 692 1048 in
721 1010 779 1048 his
808 1023 964 1062 scopum
991 1015 1164 1050 nostrum
1193 1011 1317 1049 videre
1344 1012 1511 1050 nondum
1536 1025 1734 1062 possumus

206 1081 242 1114 et
277 1076 436 1127 proinde
470 1075 546 1113 illis
584 1088 661 1112 non
697 1075 925 1113 assentimur
961 1075 1086 1114 etiam.
1142 1075 1219 1114 Qui
1255 1081 1379 1114 autem
1407 1076 1601 1126 scripturis
1628 1076 1732 1113 illam

208 1141 444 1186 confirmant,
479 1153 611 1190 parum
638 1152 702 1177 eos
729 1143 893 1178 attentos
920 1139 1050 1185 fuisse,
1078 1139 1147 1177 hac
1174 1138 1324 1190 quidem
1352 1140 1390 1178 in
1419 1145 1534 1191 parte,
1560 1146 1735 1190 putamus

207 1205 246 1243 111
273 1204 442 1242 1000111111
471 1217 566 1255 (11105
593 1207 729 1253 urgent
756 1203 1073 1254 interpretatione,
1099 1203 1139 1241 id
1167 1204 1267 1254 quod
1302 1217 1390 1242 mox
1424 1205 1618 1256 perspicue
1645 1204 1737 1242 satis

208 1268 461 1314 ostendemus,
487 1281 565 1305 non
593 1267 743 1319 quidem
781 1272 824 1305 ut
851 1280 988 1306 nomen
1017 1268 1234 1319 cuiusquam
1261 1268 1568 1320 perstringamus,
1604 1268 1669 1307 sed
1697 1273 1736 1306 ut

208 1333 404 1372 doctrinae
438 1337 590 1371 nostrae
628 1332 821 1370 veritatem
849 1331 944 1370 citra
973 1332 1194 1383 cuiusquam
1223 1332 1489 1370 contumeliam
1519 1332 1734 1384 comprobe-

208 1410 306 1436 111115.
344 1397 468 1447 Atque
496 1410 515 1434 c
542 1400 709 1433 veterum
739 1409 827 1433 sane
852 1393 1111 1433 monumentis
1140 1395 1394 1433 controversia
1422 1400 1551 1434 nostra
1580 1409 1656 1433 non
1682 1396 1735 1433 ita

208 1461 319 1500 facile
355 1460 494 1498 discuti
522 1464 656 1511 potest,
683 1465 763 1498 tum
791 1460 892 1511 quod
923 1460 967 1497 de
994 1460 1191 1498 asserenda
1219 1461 1522 1511 impugnandave
1552 1461 1738 1511 corporali

209 1526 279 1564 hac
307 1524 516 1576 praesentia
545 1537 623 1561 non
652 1537 877 1575 magnopere
906 1524 1062 1562 solliciti
1089 1524 1204 1563 fuisse
1232 1524 1420 1570 videntur,
1447 1530 1526 1562 tum
1545 1525 1645 1575 quod
1662 1539 1738 1563 non

210 1603 353 1641 semper
389 1589 584 1641 scripturis
615 1591 846 1627 confirmant
883 1603 961 1635 sua,
997 1603 1090 1641 quae
1127 1590 1255 1627 eadem
1293 1589 1474 1628 facilitate
1509 1595 1544 1628 et
1572 1590 1677 1627 reiici
1705 1595 1741 1628 et

210 1652 325 1704 recipi
360 1656 530 1704 possunt,
559 1652 873 1704 quemadmodum
903 1653 1043 1690 alicubi
1069 1654 1150 1704 ipse
1178 1653 1366 1692 Lutherus
1395 1654 1504 1692 docet
1530 1661 1565 1693 et
1593 1654 1742 1706 ipsimet

216 1730 292 1756 non
329 1730 472 1768 semper
507 1720 680 1755 constant
717 1717 802 1763 sibi,
831 1717 893 1755 sed
923 1717 1013 1755 dum
1041 1731 1079 1755 se
1107 1706 1323 1755 auditorum
1348 1717 1542 1770 affectibus
1568 1731 1741 1756 accomo-

217 1782 320 1827 dant,
348 1794 632 1832 nonnumquam
662 1794 786 1819 secum
814 1781 887 1833 ipsi
913 1786 1094 1833 pugnant,
1121 1787 1231 1833 atque
1259 1783 1298 1820 in
1326 1796 1369 1821 eo
1396 1783 1633 1834 potissimum
1662 1796 1744 1820 cor-

216 1846 355 1898 poralis
391 1846 622 1897 praesentiae
659 1851 881 1896 argumento
917 1846 968 1885 ita
1007 1847 1168 1885 subinde
1197 1847 1343 1886 variant
1369 1848 1408 1885 111
1439 1849 1561 1886 verbis
1589 1848 1678 1891 suis,
1703 1852 1746 1885 ut

217 1911 359 1949 alicubi
386 1915 559 1956 vestram,
585 1910 726 1949 alicubi
753 1924 840 1949 vero
869 1916 1036 1949 nostram
1064 1912 1288 1951 sententiam
1318 1912 1422 1963 sequi
1450 1912 1568 1950 videri
1588 1912 1746 1963 possint.

220 1975 322 2014 Nolo
356 1988 456 2012 nunc
494 1975 661 2012 collectis
688 1988 754 2026 per
781 1979 818 2013 te
845 1979 1011 2013 veterum
1037 1975 1264 2014 testimoniis
1294 1982 1433 2014 veteres
1461 1989 1609 2014 rursum
1636 1982 1747 2027 atque

220 2039 312 2077 adeo
340 2039 424 2076 illos
452 2038 555 2090 ipsos
582 2052 678 2090 quos
706 2043 747 2076 tu
776 2039 867 2077 citas
895 2052 1095 2091 opponere.
1124 2040 1214 2078 Non
1243 2039 1403 2078 libenter
1431 2040 1530 2078 enim
1559 2039 1711 2078 deflexis
1728 2053 1748 2077 a

219 2103 372 2154 proprio
400 2116 511 2154 scopo
540 2107 670 2141 nostro
700 2103 818 2141 oculis
845 2103 918 2141 alia
944 2103 1038 2141 mihi
1064 2103 1250 2155 praesidia
1278 2117 1428 2155 quaero.
1468 2104 1540 2142 Sed
1569 2104 1746 2155 quoniam

223 2169 534 2219 chrysostomum
573 2167 743 2206 dicebam
778 2168 975 2207 nobiscum
1012 2168 1153 2207 alicubi
1181 2169 1332 2215 sentire,
1359 2175 1395 2207 et
1422 2174 1463 2208 tu
1489 2174 1525 2208 te
1552 2171 1592 2208 in
1618 2170 1684 2207 illo
1711 2169 1751 2207 id

222 2234 382 2285 reperire
421 2247 497 2272 non
533 2246 644 2285 posse
672 2233 818 2278 scribis,
849 2235 1037 2285 proferam
1064 2234 1137 2272 tibi
1164 2248 1281 2272 unum
1308 2240 1418 2286 atque
1446 2235 1604 2273 alterum
1633 2234 1751 2286 ipsius

223 2300 360 2345 locum,
388 2312 465 2337 non
493 2302 532 2336 ut
559 2298 662 2336 illius
690 2299 891 2337 autoritate
920 2298 1130 2338 doctrinam
1159 2305 1326 2337 nostram
1355 2299 1544 2338 stabiliam
1571 2300 1754 2348 (firmiore

224 2363 323 2402 enim
361 2363 606 2402 fundamento
634 2363 810 2412 nitimur)
839 2364 903 2402 sed
932 2368 972 2402 ut
999 2364 1190 2414 intelligas
1219 2378 1288 2403 1105
1317 2378 1393 2402 11011
1421 2369 1560 2403 10111010
1587 2378 1608 2403 a
1635 2365 1754 2416 parti·

226 2428 296 2467 bus
323 2428 463 2467 nostris
490 2428 598 2476 illum
625 2429 665 2466 in
695 2429 885 2480 colloquio
913 2434 1044 2468 nostro
1075 2430 1263 2468 statuisse.
1310 2430 1476 2468 Primum
1502 2429 1619 2479 igitur
1645 2430 1685 2467 in
1711 2443 1754 2467 ea

225 2493 319 2544 ipsa,
353 2506 464 2544 quam
503 2497 544 2530 tu
582 2506 732 2544 quoque
769 2494 860 2531 citas
897 2496 963 2533 83a
989 2494 1030 2532 in
1059 2493 1270 2532 Mattheum
1297 2493 1466 2541 homilia,
1491 2494 1531 2532 in
1557 2494 1639 2545 ipso
1667 2506 1754 2531 mox

228 2557 338 2596 initio
376 2557 513 2594 Iudam
538 2557 729 2608 mysteriis
755 2557 1021 2604 ineffabilibus,
1047 2571 1125 2596 non
1151 2563 1276 2596 autem
1304 2559 1453 2610 corpori
1478 2559 1550 2609 ipsi
1577 2563 1642 2596 aut
1671 2571 1757 2595 san-

228 2621 338 2672 guini
365 2620 520 2667 Christi,
556 2621 853 2659 communicasse
891 2622 1011 2668 docet,
1047 2626 1079 2660 et
1118 2627 1248 2673 postea
1284 2635 1428 2674 semper
1457 2635 1610 2660 coenam
1637 2622 1755 2672 ipsam

231 2683 452 2734 mysterium
489 2687 612 2729 vocat,
648 2688 689 2722 ut
724 2684 899 2722 ostendat
936 2684 1081 2722 diversa
1118 2698 1209 2731 esse,
1235 2698 1330 2736 quae
1357 2684 1396 2722 in
1425 2697 1538 2722 coena
1566 2684 1759 2722 sensibilia

232 2747 460 2786 exhibentur
496 2747 545 2784 ab
571 2747 632 2792 iis.
658 2760 753 2798 quae
779 2751 909 2799 postea
939 2754 1061 2795 vom-d
1089 2749 1264 2800 appellat.
1317 2749 1378 2787 Ad
1406 2752 1611 2787 extremum
1637 2753 1761 2786 autem

234 2810 299 2852 ubi
327 2823 396 2849 nos
421 2813 564 2856 monet,
591 2823 638 2849 ne
663 2810 705 2849 in
731 2810 778 2849 iis
806 2824 901 2863 quae
930 2824 1062 2851 sensus
1090 2817 1156 2850 aut
1184 2812 1280 2851 ratio
1309 2811 1420 2851 nobis
1449 2815 1655 2860 suggerunt
1672 2812 1762 2850 solis
