1818 3178
513 139 565 164 An
596 140 693 167 PIUM
724 141 937 168 LECTOREM
968 142 1205 170 PRAEFATIO.
1549 133 1619 169 113

96 234 296 274 dammodo
323 237 563 285 manuducat,
591 254 720 293 nempe
747 244 882 282 realem
910 244 1140 282 substantiae
1168 243 1333 295 corporis
1360 246 1395 281 et
1422 242 1615 292 sanguinis

97 299 236 338 Christi
271 301 450 339 naturalis
486 316 570 340 cum
597 306 787 345 elementis
815 309 1139 346 Sacramentorum
1167 308 1449 353 connexionem,
1475 307 1526 356 (B
1554 305 1615 354 6¹³)

96 376 168 413 qua
203 364 344 415 alioqui
379 369 533 411 retenta,
569 370 736 408 nondum
774 371 846 409 sibi
883 385 1031 410 omnem
1067 373 1301 410 idololatriae
1336 372 1494 423 speciem
1522 370 1616 421 eripi

93 439 202 477 posse
228 428 340 473 videt,
375 429 520 467 etiamsi
545 432 600 469 i].li
626 439 778 483 pereant
806 440 1002 486 usurpatae
1029 436 1208 474 haetenus
1233 435 1524 487 propitiatoriae,
1551 438 1615 471 aut

93 491 423 540 (quemadmodum
451 495 576 532 vocari
612 511 713 534 nunc
741 498 888 536 demum
917 502 1134 550 coeperunt)
1162 500 1425 551 applicatoriae
1452 499 1613 537 oblatio-

94 566 171 598 nes,
205 558 241 591 et
275 568 402 592 earum
429 558 732 600 nundinationes.
785 551 843 599 Ac
868 562 1185 612 quemadmodum
1212 563 1302 600 alias
1329 563 1422 600 nihil
1451 576 1527 601 non
1553 562 1614 600 in-

90 617 248 656 tentavit
281 620 696 661 transubstantiationis
734 626 1068 675 oppugnatoribus,
1102 626 1167 673 ita,
1194 627 1260 663 ubi
1288 627 1384 664 hanc
1412 624 1613 677 periclitari

90 680 203 728 videt,
238 681 332 720 nihil
368 685 520 723 omnino
556 688 830 737 praetermittit,
856 689 956 739 quod
983 689 1031 726 ad
1056 691 1268 738 gravandos
1295 703 1357 728 eos
1385 690 1488 728 omni
1515 690 1614 728 invi-

91 744 152 782 dia
205 746 401 786 calumniis
445 754 480 787 et
524 751 800 802 suspicionibus
836 753 1101 803 quoquomodo
1135 754 1335 804 pertineat,
1378 755 1443 805 qui
1478 754 1614 791 realem

88 808 192 847 illam
219 810 450 850 substantiae
478 816 642 865 corporis
670 820 706 853 et
733 816 927 865 sanguinis
948 817 1088 855 Christi
1115 819 1294 856 naturalis
1318 832 1401 857 eum
1419 818 1610 856 elementis

90 873 418 914 Sacramentorum
454 879 725 916 connexionem
760 879 864 917 verbi
900 880 1030 918 Divini
1064 882 1264 920 autoritate
1298 896 1513 934 oppugnare
1549 895 1613 920 co-

89 941 240 977 nantur.
294 940 354 978 Ita
390 955 479 980 sane
515 943 622 980 initio
661 944 889 981 renascentis
918 945 967 982 -in
1008 945 1209 984 Germania
1243 946 1388 996 pridem
1416 947 1614 996 Euangelii

90 1001 230 1039 Christi
272 1004 458 1056 plerisque
494 1006 650 1044 Lutheri
686 1007 812 1046 omnia
847 1008 924 1046 fere
958 1009 1170 1059 placebant,
1214 1011 1246 1048 si
1283 1024 1360 1048 non
1388 1011 1611 1062 Papistieam

85 1064 189 1103 illam
225 1069 663 1108 transubstantiationem
698 1071 896 1121 attigisset.
935 1073 1124 1111 Nimirum
1153 1074 1222 1111 hac
1248 1079 1398 1113 retenta
1419 1075 1521 1113 Deus
1548 1076 1611 1113 ille

89 1129 265 1180 Mayzim,
300 1133 339 1170 in
375 1146 447 1184 quo
487 1138 541 1171 est
576 1135 739 1185 positum
773 1136 888 1173 robur
925 1149 1034 1175 omne
1071 1151 1113 1175 ac
1147 1138 1374 1188 praesidium
1401 1140 1611 1190 tyrannidis

86 1195 418 1242 Antichristianae,
456 1197 496 1235 in
540 1198 659 1248 pretio
697 1200 846 1237 futurus
882 1204 972 1240 erat.
1028 1202 1223 1240 Caeterum
1257 1207 1396 1241 attacta
1431 1204 1607 1241 transub-

85 1260 338 1307 stantiatione,
380 1261 435 1299 ibi
481 1275 565 1300 vero
610 1262 799 1301 Lutherus
842 1264 921 1315 ipse
964 1265 1189 1305 Divinorum
1224 1268 1397 1318 protinus
1442 1268 1609 1306 omnium

85 1327 319 1375 contemptor
346 1325 475 1362 haberi
497 1325 628 1377 coepit,
656 1327 775 1365 donee
791 1328 899 1366 fucus
917 1333 954 1367 et
970 1329 1177 1380 impostura
1194 1332 1611 1370 transubstantiationis

83 1387 228 1437 plenius
274 1388 427 1436 cognita.
459 1396 576 1436 esset3
607 1403 691 1427 cum
726 1395 852 1430 tamen
889 1393 945 1430 vir
976 1393 1078 1442 il-(B
1108 1395 1201 1443 7³)le
1229 1395 1299 1433 Dei
1333 1409 1456 1433 veram
1490 1396 1609 1433 haud-

83 1450 194 1487 dubie
227 1450 447 1499 dignitatem
484 1453 724 1492 Sacramento
764 1455 909 1493 Coenae
945 1457 1177 1505 Dominieae,
1211 1473 1279 1509 pro
1309 1459 1494 1497 donorum
1522 1474 1609 1497 suo-

82 1526 165 1550 rum
195 1527 382 1562 mensura,
416 1517 621 1563 restituere,
666 1520 905 1571 magicasque
940 1522 987 1558 ab
1025 1523 1090 1559 illo
1118 1524 1338 1574 praestigias
1366 1538 1494 1563 omnes
1520 1538 1608 1576 pro-

80 1579 215 1629 pellere
248 1581 370 1618 modis
406 1582 582 1620 omnibus
619 1589 829 1623 conaretur.
891 1586 948 1623 Ita
987 1590 1024 1624 et
1058 1600 1160 1624 nune
1196 1588 1290 1625 nihil
1320 1602 1395 1626 non
1430 1589 1606 1639 arripitur

79 1645 126 1681 ad
162 1645 411 1683 traducendos
447 1651 484 1684 et
518 1648 816 1698 proscindendos
859 1663 934 1696 eos,
970 1651 1035 1700 qui
1069 1665 1272 1700 agnoscere
1309 1654 1443 1690 nolunt
1470 1655 1605 1691 realem

79 1708 182 1746 illam
219 1710 451 1749 substantiae
489 1713 654 1763 corporis
691 1719 727 1751 et
755 1714 949 1764 sauguinis
978 1716 1118 1754 Christi
1146 1718 1330 1755 naturalis
1358 1731 1441 1755 cum
1470 1732 1605 1757 coenae

79 1772 298 1812 Dominieae
333 1776 524 1814 elementis
553 1779 835 1818 connexionem.
876 1781 961 1825 Sed,
988 1781 1303 1831 quemadmodum
1330 1783 1486 1822 Lutheri
1515 1785 1603 1822 doe·

80 1837 178 1874 trina
212 1838 445 1888 plausibilior
481 1846 536 1878 est
572 1843 650 1879 visa
686 1848 771 1893 post
809 1843 995 1882 detectum
1021 1845 1150 1883 fucum
1177 1848 1606 1893 transubstantffltionis,

78 1901 129 1938 ita
158 1907 324 1938 nostram
351 1916 499 1954 quoque
526 1905 747 1953 doctrinam,
773 1913 858 1958 post
884 1909 1052 1958 agnitam
1079 1912 1324 1949 connexionis
1352 1913 1459 1950 istius
1477 1927 1605 1964 super-

78 1964 281 2011 stitionem,
316 1970 463 2014 gratam
489 1968 560 2017 piis
588 1971 762 2008 omnibus
789 1972 869 2009 fore
896 1972 1183 2023 haudquaquam
1212 1975 1438 2014 dubitamus.
1493 1977 1604 2015 Hane

78 2042 164 2066 vero
201 2042 276 2066 non
313 2030 444 2068 attinet
479 2033 606 2069 multis
644 2033 704 2070 hie
729 2035 915 2085 prosequi,
951 2037 1254 2087 quandoquidem
1289 2039 1326 2076 in
1356 2039 1435 2090 ipsa
1461 2044 1599 2077 tracta-

77 2094 180 2131 tione
215 2095 360 2144 plenius
395 2101 614 2145 exponetur.
667 2098 767 2135 Illud
803 2103 928 2136 tamen
966 2101 1097 2147 dicam,
1131 2103 1311 2140 minorem
1340 2103 1432 2140 mihi
1460 2118 1602 2155 semper

79 2158 195 2195 visam
231 2171 310 2195 esse
348 2160 682 2198 Sacramentariam
712 2162 806 2200 hanc
834 2165 1137 2211 controversiam,
1173 2179 1285 2215 quam
1313 2172 1353 2203 ut
1378 2172 1529 2217 propter
1555 2168 1601 2204 il-

77 2222 151 2259 lam
188 2222 376 2260 Ecclesiae
413 2223 659 2273 Euangelium
695 2226 835 2264 Christi
861 2229 1077 2277 profitentes
1106 2230 1238 2273 scindi,
1279 2231 1415 2281 aliique
1442 2232 1489 2268 ab
1517 2233 1600 2269 aliis

77 2287 235 2324 iudicari
277 2293 313 2324 et
361 2288 450 2325 diris
488 2289 661 2327 omnibus
698 2290 894 2329 debuerint
937 2293 1121 2332 devoveri.
1177 2295 1248 2332 Sed
1292 2295 1351 2332 hie
1386 2297 1598 2335 meminisse

79 2351 268 2396 debemus,
296 2351 463 2389 homines
492 2365 560 2389 nos
589 2365 716 2391 omnes
744 2367 834 2399 esse,
861 2360 897 2392 et
922 2356 1079 2406 proinde
1104 2358 1269 2408 potuisse
1295 2360 1375 2396 falli
1403 2365 1437 2397 et
1458 2362 1596 2401 fallere.

80 2414 228 2452 Quodsi
263 2415 326 2451 alii
360 2416 595 2465 peccavimus
630 2417 667 2454 in
706 2418 811 2462 alios,
856 2425 985 2457 mutuo
1025 2422 1134 2458 nobis
1170 2422 1294 2459 onmia
1331 2425 1597 2469 condonemuS,

77 2483 119 2516 ut
156 2480 365 2517 coniunctis
402 2481 547 2526 animis,
586 2495 679 2530 quae
714 2483 816 2533 pacis
853 2489 952 2530 sunt,
979 2485 1017 2522 in
1045 2485 1208 2524 Domino
1237 2493 1430 2528 sectemur.
1486 2491 1525 2527 Si
1553 2492 1597 2529 ‹le

76 2544 262 2593 mysteriis
290 2545 614 2582 Sacramentorum
643 2551 798 2592 constet,
824 2561 1003 2598 quorsum
1030 2550 1162 2588 attinet
1191 2552 1527 2603 tantope-(B7b)1·e
1555 2556 1598 2592 (le

77 2607 195 2656 signis
224 2610 548 2647 Sacramentorum
578 2614 641 2647 aut
668 2611 817 2648 illorum
847 2613 1039 2651 elementis
1068 2615 1291 2664 digladiari?
1345 2618 1433 2656 Non
1462 2624 1596 2658 temere

77 2684 166 2709 sane
202 2672 301 2710 Deus
342 2674 556 2723 mysterium
594 2674 759 2711 omnium
797 2677 1122 2717 Sacramentorum
1158 2684 1345 2719 aeternum
1383 2688 1491 2733 atque
1526 2684 1594 2721 im-

77 2735 255 2773 mutabile
281 2747 362 2774 esse
390 2737 520 2782 voluit,
555 2751 636 2774 eum
666 2738 769 2786 signa
799 2743 910 2790 atque
936 2741 1115 2780 elementa
1140 2743 1179 2781 in
1208 2744 1283 2782 illis
1310 2750 1464 2790 mutata,
1500 2761 1595 2785 non-

76 2813 268 2850 nunquam
303 2801 414 2839 etiam
450 2802 673 2847 intermissa,
708 2817 786 2841 esse
823 2804 1025 2852 videamus,
1061 2808 1238 2847 nimirum
1273 2815 1315 2848 ut
1350 2811 1388 2849 in
1425 2813 1592 2862 mysterii

74 2863 210 2915 potius,
246 2865 298 2902 rei
326 2865 496 2905 videlicet
524 2871 693 2905 aeternae
721 2880 763 2905 ac
792 2869 974 2916 coelestis,
1002 2885 1114 2921 quam
1142 2873 1178 2911 in
1209 2874 1401 2925 signorum
1428 2881 1491 2914 aut
1518 2877 1591 2915 ele-

125 2928 160 2968 1.
1419 2943 1440 2981 8
