1818 3178
741 142 987 175 PRAEFATIO.
1450 138 1619 171 LXXXIII

89 258 131 295 et
160 248 313 295 vocula
366 250 512 299 ''hic”
553 250 685 308 igitur
731 251 781 294 ad
828 250 1065 294 Erndanam
1111 248 1258 292 urbem
1304 248 1430 291 unice
1461 247 1615 290 referri

90 331 240 381 potest.
272 321 400 375 Quod
433 329 572 364 autem
607 322 762 372 scribit,
793 338 836 365 se
857 324 1109 379 formavisse
1138 337 1251 372 eum,
1282 335 1352 364 eos
1382 319 1615 363 necessarie

89 403 280 454 spectare
323 410 470 444 annm,
515 410 618 450 quos
659 402 755 437 ante
797 410 921 437 suum
962 395 1005 437 in
1038 394 1246 452 Angliam
1279 393 1437 437 abitum
1469 392 1511 434 in
1544 391 1618 434 illa

90 467 198 510 urbe
226 466 403 523 degerit,
435 465 569 508 obiter
598 467 810 509 monuisse
841 467 939 509 satis
969 473 1044 509 est.

149 538 221 582 Ad
252 554 410 581 annum
443 539 611 581 circiter
645 539 754 581 1546
787 539 850 580 his
880 538 930 580 de
961 539 1096 580 causis
1123 553 1219 581 eum
1243 537 1507 580 referendum
1531 551 1619 578 esse

91 611 250 663 censui,
281 611 393 666 quod
425 626 474 653 eo
505 611 593 653 fere
624 618 812 667 tempore
843 611 885 653 in
918 610 1109 653 Ecclesia
1139 626 1213 652 sua
1245 609 1477 652 ordinanda
1507 623 1616 651 sum·

93 697 264 739 mopere
313 682 500 725 Lascum
550 689 805 739 occupatum
853 682 977 724 fuisse
1020 688 1194 724 constat.
1253 680 1376 734 Quae
1406 696 1535 737 supra
1566 678 1618 721 de

94 756 275 811 Epitome
304 757 511 798 doetrinae
542 756 650 798 Eeel.
684 755 880 796 Plerisiae
905 755 1132 796 Orientalis
1154 754 1297 809 paucis
1317 752 1618 809 expedivimus,

92 827 267 884 egregie
299 828 379 870 iam
411 827 494 870 huc
525 827 698 869 faciunt.
733 825 945 869 Videlicet
975 825 1059 867 duo
1089 824 1165 867 sibi
1195 826 1459 882 proposuisse
1479 830 1621 866 noster

93 899 274 952 videtur,
315 914 466 955 nempe
511 906 559 941 ut
588 900 630 940 et
659 898 894 940 doctrinam
925 899 968 939 et
999 895 1261 953 disciplinam
1294 896 1511 938 Emdanae
1540 894 1621 937 Ec-

94 971 243 1014 clesiae
282 970 332 1013 ad
373 978 529 1013 certam
577 978 799 1012 revocaret
843 984 1060 1012 normam:
1109 969 1227 1011 illam
1275 970 1456 1023 Epitome
1500 968 1624 1010 certis

95 1040 460 1084 circumscriberet
504 1040 672 1092 finibus,
719 1040 769 1082 de
811 1040 891 1082 hac
931 1055 1032 1083 vero
1073 1040 1132 1082 sic
1164 1039 1216 1082 ad
1250 1040 1623 1096 Hardenbergium

96 1112 237 1156 scribit
288 1128 399 1155 anno
449 1112 581 1155 1544:
634 1134 655 1159 η
681 1111 943 1154 Meditamur
975 1127 1089 1154 nunc
1121 1110 1331 1167 quandam
1363 1110 1626 1167 disciplinam

99 1208 121 1234 η
145 1187 186 1227 in
232 1191 375 1227 nostra
421 1183 488 1226 hic
531 1183 734 1235 Ecclesia,
780 1184 848 1225 cui
880 1199 1025 1226 omnes
1057 1185 1144 1226 fere
1175 1183 1380 1225 hactenus
1421 1182 1628 1235 manibus,

98 1279 120 1307 n
144 1257 256 1313 quod
294 1256 461 1308 dicitur,
494 1263 534 1298 et
567 1255 742 1312 pedibus
774 1255 1067 1301 restiterunt.”
1100 1258 1130 1314 ¹)
1196 1255 1470 1299 ceremonias
1512 1254 1627 1297 deni·

100 1336 182 1384 que
221 1327 374 1371 liberas
414 1335 460 1370 ut
491 1327 724 1384 plurimum
758 1329 798 1370 in
832 1335 1021 1385 tempore
1054 1342 1223 1371 servare
1257 1328 1396 1384 potius
1428 1326 1625 1374 duxerat.

101 1400 213 1456 quod
245 1400 349 1443 haec
384 1400 472 1443 eius
505 1400 633 1443 verba
663 1401 890 1444 evincunt:
927 1423 948 1449 n
972 1401 1062 1444 Nos
1093 1401 1160 1443 hic
1191 1400 1531 1442 ceremoniarum
1563 1414 1632 1441 ex-

102 1495 124 1521 ι]
149 1482 366 1516 ternarum
397 1473 536 1515 nullas
568 1481 702 1515 certas
734 1473 849 1530 leges
882 1472 1253 1530 praescribimus‚’'
1285 1476 1319 1529 ²)
1355 1479 1397 1515 et
1426 1488 1534 1529 quae
1566 1488 1635 1514 eo·-

100 1545 195 1588 dem
239 1561 351 1588 anno
394 1544 445 1588 ad
475 1544 740 1587 Pellicanum
774 1545 946 1588 scribit:
984 1568 1005 1593 η
1029 1546 1125 1603 Ego
1155 1546 1222 1588 hic
1252 1545 1392 1588 nullas
1423 1561 1634 1588 caeremo—

102 1619 317 1669 nniarum
357 1617 474 1675 leges
514 1617 803 1675 praescrib0.”
836 1620 868 1674 3)
929 1617 1079 1670 Quum
1128 1625 1268 1660 autem
1316 1620 1509 1672 Epitome‚
1553 1633 1634 1672 qua

86 1690 317 1740 ,doetrinae
356 1689 576 1732 consulere
610 1690 820 1741 voluisset,
853 1686 1123 1732 vehementer
1153 1690 1392 1747 displiceret
1424 1690 1567 1732 amicis
1599 1697 1638 1731 et

103 1761 168 1804 he:
191 1761 398 1804 frodoxiae
430 1769 530 1803 nota
562 1760 613 1803 ab
643 1762 733 1818 ipso
765 1760 1097 1804 Melanchthone
1119 1763 1378 1819 signaretur,
1408 1763 1516 1804 hanc
1538 1777 1636 1804 eum

106 1832 368 1878 Cateehesim
411 1834 709 1889 composuisse,
755 1841 800 1875 ut
830 1849 1022 1890 scopum,
1052 1850 1077 1877 a
1109 1850 1192 1890 quo
1223 1841 1308 1877 tam
1340 1835 1491 1877 misere
1522 1834 1638 1876 aber-

104 1905 293 1954 ravisset,
339 1904 510 1947 tandem
560 1905 718 1957 feriret,
751 1913 838 1948 tam
867 1907 1040 1963 egregie
1073 1922 1216 1949 rerum
1250 1922 1487 1950 successum
1521 1908 1637 1949 nobis

105 1976 299 2033 explicat,
345 1983 392 2018 ut
434 1976 485 2018 sit
530 1977 618 2018 veri
665 1977 787 2020 facile
830 1978 1114 2031 simillimum3
1149 1979 1332 2036 explicat
1361 1995 1530 2036 quoque
1561 1995 1638 2023 cur

107 2049 221 2106 typis
267 2047 418 2090 excudi
465 2047 778 2091 catechismum
828 2050 1026 2103 noluerit,
1071 2059 1213 2108 utpote
1252 2054 1324 2109 qui
1364 2054 1540 2096 eandem
1573 2054 1640 2096 hic

106 2121 194 2164 illic
236 2119 449 2163 redoleret
478 2119 728 2173 doctrinam,
762 2137 889 2178 quam
922 2124 1270 2181 improbavissent
1300 2127 1471 2183 quidem
1502 2128 1638 2179 amici,

108 2194 196 2250 ipse
228 2199 368 2235 tamen
400 2191 566 2234 Lascus
588 2192 775 2235 nondum
799 2194 1014 2238 abiecisset
1035 2212 1210 2252 prorsus
1232 2205 1356 2254 atque
1378 2199 1637 2242 excussisset.

112 2265 183 2309 Ad
212 2280 373 2308 annum
406 2263 740 2321 denique.1546
771 2267 860 2309 eius
892 2269 1235 2325 compositionem
1267 2272 1376 2312 hanc
1397 2271 1450 2313 ob
1471 2287 1640 2314 causam

111 2336 363 2389 distulimus,
413 2337 613 2393 quoniam
661 2352 698 2380 a.
742 2339 855 2381 1545
907 2349 1085 2383 exeunte
1132 2341 1302 2384 demum
1332 2343 1639 2400 Tigurinorum

112 2422 334 2451 censuram
366 2408 540 2464 accepit,
574 2415 614 2450 et
644 2408 816 2465 aliquod
847 2410 994 2454 saltem
1026 2413 1228 2469 temporis
1248 2414 1530 2458 intercesserit
1549 2432 1641 2473 spa-

113 2482 235 2532 tium,
278 2480 523 2537 priusquam
566 2494 733 2522 omnem
781 2481 1003 2538 Epitomae
1043 2500 1143 2527 suae
1174 2486 1318 2529 amicis
1348 2488 1644 2543 approbandae

115 2552 369 2595 destituisset
398 2567 527 2608 spem.

173 2625 385 2682 Tempore
427 2624 639 2667 furiarum
670 2625 1057 2672 interimisticarum
1091 2644 1220 2686 porro
1250 2630 1291 2673 in
1325 2631 1450 2674 huius
1480 2632 1647 2674 ditionis

160 2811 186 2852 ¹)
210 2810 348 2852 Ibidem,
370 2812 442 2845 Vol.
467 2812 510 2845 ΙΙ.
535 2824 566 2855 p.
590 2811 660 2845 574.

160 2867 187 2907 2)
211 2868 345 2908 Ibidem,
372 2867 443 2901 vol.
465 2869 510 2901 ΙΙ.
533 2880 565 2911 p.
589 2869 659 2901 765.

160 2924 190 2964 ³)
214 2924 350 2964 Ibidem,
373 2925 444 2959 Vol.
466 2925 510 2958 Π.
534 2936 566 2967 p.
583 2926 654 2957 584.
678 2924 728 2956 Cf.
751 2925 847 2957 etiam
873 2927 1053 2967 ΕΔΒΒΕΜΑ,
1080 2928 1135 2970 Ep.
1159 2929 1207 2961 ill.
1230 2930 1287 2962 vir.
1312 2941 1342 2972 p.
1367 2930 1416 2962 53.

1258 2986 1415 3009 *sas-o
1450 2989 1475 3031 2
