1818 3178
191 87 263 122 230
543 91 594 117 011
622 89 904 117 SAGRAMENTIS
934 89 1149 116 nccnasnn
1179 89 1361 118 cna1s'r1.

198 197 320 232 autem
364 192 501 242 ubique
545 203 623 228 esse
667 194 752 241 post
787 190 865 227 eius
901 190 1223 230 resurrectionem.
1278 190 1370 228 Non
1405 194 1461 228 est
1497 190 1570 236 hic,
1603 190 1728 242 inquit

200 256 366 304 angelus,
401 254 594 306 praecedet
630 267 696 291 vos
731 254 771 291 in
810 253 1027 298 Galstaeam,
1064 254 1119 292 ibi
1155 268 1238 292 eum
1275 254 1452 292 videbitis
1479 258 1549 293 etc.
1604 254 1726 293 Doce-

200 333 283 357 mur
318 320 419 365 item,
456 318 645 356 Christum
680 317 899 365 Dominum,
937 318 1024 355 dum
1050 333 1224 370 praesens
1251 320 1446 371 Apostolis
1475 333 1632 372 corpore
1659 334 1726 359 suo

200 386 356 428 adesset,
391 383 509 421 visum
545 396 687 433 semper
723 396 766 420 ac
803 387 1076 421 contrectatum
1112 384 1224 422 etiam
1251 398 1342 430 esse,
1369 389 1481 436 atque
1508 385 1601 424 adeo
1629 386 1727 424 hanc

199 448 381 498 imprimis
407 447 564 496 gloriosi
590 447 664 484 iam
694 447 859 498 corporis
887 447 945 485 5111
972 451 1099 485 notam
1127 449 1213 497 (fol.
1242 451 1351 497 138a)
1380 449 1629 495 constituisse,
1655 463 1729 501 qua

200 512 248 548 ab
284 511 387 549 omni
414 511 546 562 spiritu
583 510 865 558 discerneretur,
901 512 1002 562 quod
1039 525 1187 550 carnem
1223 517 1259 550 et
1286 526 1370 551 ossa
1397 514 1544 559 habeat,
1571 528 1666 565 quae
1692 518 1729 552 et

201 576 408 621 videantur,
443 575 532 613 dum
567 575 684 621 adest,
719 580 756 614 et
781 577 991 627 palpentur.
1045 579 1123 615 Aut
1155 577 1271 627 igitur
1297 577 1388 616 haec
1414 592 1511 617 vana
1537 583 1659 623 erunt,
1696 579 1729 616 si

201 654 286 678 vera
321 644 377 678 est
409 640 519 678 realis
553 640 618 678 illa
654 641 818 692 corporis
856 641 996 679 Christi
1030 639 1068 679 in
1107 655 1203 692 pane
1240 655 1375 680 coenae
1409 643 1630 693 praesentia,
1666 647 1730 681 aut

201 717 335 742 vanam
369 718 450 742 esse
484 708 630 756 oportet
657 704 866 742 doctrinam
893 705 989 743 hanc
1017 706 1154 749 detali
1180 706 1399 757 praesentia,
1427 707 1458 744 si
1483 707 1653 745 locorum
1680 707 1728 745 il-

200 769 323 806 lorum
348 768 561 806 testimonia
589 782 673 807 vera
700 782 779 807 esse
806 770 953 808 credere
981 770 1191 808 debeamus,

253 835 377 883 Atque
413 832 584 871 audimus
619 833 681 870 1110
716 846 865 871 rursum
899 835 1130 883 Angelorum
1167 833 1280 872 verba
1309 834 1356 872 ad
1384 834 1569 873 visibilem
1596 835 1730 873 mundi

203 896 313 933 huius
348 897 594 947 praesentiam
628 897 771 936 referri.
830 898 881 935 At
915 912 1014 944 vero,
1048 899 1148 936 unde
1181 899 1273 936 haec
1306 911 1402 936 nova
1438 899 1544 937 verbi
1579 906 1632 937 est
1665 913 1732 938 ex-

201 961 351 1010 positio,
387 965 428 999 ut
463 975 538 999 esse
574 961 672 999 idem
708 962 756 999 sit
793 962 894 1012 quod
920 964 1063 1001 videri?
1110 964 1206 1000 Sane
1233 975 1311 1000 non
1337 963 1388 1000 ait
1415 964 1591 1012 angelus:
1640 963 1732 1002 Non

203 1025 347 1063 videtur
380 1026 453 1072 hic,
489 1027 634 1063 etiamsi
667 1026 729 1063 hic
765 1027 833 1073 sit3
872 1028 935 1065 sed
970 1028 1021 1065 ait
1058 1028 1294 1078 simpliciter:
1333 1028 1425 1065 Non
1461 1032 1516 1066 est
1552 1028 1625 1067 1110.
1681 1028 1733 1067 Et

201 1092 343 1129 nullam
380 1092 544 1129 videmus
581 1092 858 1139 necessitatem,
907 1107 1001 1144 quae
1035 1107 1105 1131 nos
1142 1106 1184 1130 eo
1220 1093 1369 1143 adigat,
1403 1097 1445 1130 ut
1489 1093 1645 1130 verbum
1680 1100 1733 1131 est

203 1156 316 1193 verbo
354 1158 494 1194 videtur
532 1160 819 1201 commutemus,
854 1157 1071 1208 praesertim
1108 1171 1189 1195 01110
1228 1158 1273 1195 (10
1307 1157 1490 1195 invisibili
1516 1157 1732 1195 istiusmodi

204 1220 410 1270 praesentia
439 1220 602 1270 corporis
632 1221 772 1258 Christi
799 1222 943 1259 nullum
974 1235 1127 1272 usquam
1155 1222 1410 1259 testimonium
1439 1222 1656 1259 habeamus.

255 1284 438 1322 Audimus
473 1285 573 1329 item,
600 1298 677 1322 000
705 1298 764 1322 050
791 1285 901 1323 nobis
930 1285 1182 1323 admittendas
1209 1287 1304 1323 ullas
1332 1286 1462 1323 mundi
1490 1285 1599 1323 huius
1628 1285 1730 1334 cogi-

199 1348 362 1386 tationes
399 1348 443 1386 dc
477 1349 646 1386 1000111111
681 1349 895 1387 discrimine
927 1354 990 1387 aut
1019 1363 1214 1401 corporum
1242 1349 1533 1400 proprietatibus
1569 1350 1609 1386 in
1639 1362 1729 1386 000-

203 1413 426 1451 sideratione
452 1414 561 1451 huius
587 1415 674 1451 talis
704 1415 871 1452 coelestis
898 1419 933 1452 et
960 1428 1038 1452 non
1064 1415 1276 1453 mundanae
1302 1414 1535 1465 praesentiae
1564 1414 1731 1464 corporis

204 1477 344 1515 Christi
370 1478 407 1515 in
436 1491 531 1529 pane
559 1491 704 1517 coenae.
736 1479 808 1516 Sed
835 1479 991 1523 utinam,
1019 1479 1083 1530 qui
1110 1479 1201 1516 haec
1227 1479 1375 1523 docent,
1401 1479 1439 1516 id
1457 1478 1606 1530 ipsimet
1624 1491 1731 1529 prae-

203 1541 396 1580 stitissent.
441 1542 539 1580 Nam
568 1543 738 1580 connecti
763 1544 865 1594 pani,
890 1544 1083 1591 tene-(fol.
1113 1543 1259 1592 138b)1·i
1286 1556 1328 1580 ac
1356 1542 1532 1580 distribui
1558 1543 1734 1580 manibus

206 1606 389 1653 humanis,
416 1607 507 1645 haec
534 1621 619 1646 vero
647 1621 720 1645 non
753 1608 872 1654 video,
899 1608 1089 1659 quomodo
1108 1623 1129 1646 a
1149 1608 1280 1646 mundi
1307 1608 1417 1646 huius
1439 1607 1734 1656 cogitationibus

204 1671 354 1709 excludi
380 1676 489 1722 atque
517 1672 563 1709 ad
592 1673 786 1711 coelestem
814 1673 917 1710 illum
947 1673 1072 1711 nescio
1100 1686 1209 1723 quem
1236 1672 1465 1724 praesentiae
1491 1672 1645 1710 modum
1672 1686 1732 1710 re·

204 1737 293 1774 ferri
319 1738 476 1788 possint.
506 1738 587 1775 Nos
614 1738 736 1776 nullas
763 1738 894 1776 mundi
921 1738 1031 1776 huius
1061 1739 1306 1788 cogitationes
1335 1738 1565 1789 praesentiae
1593 1738 1735 1776 Christi

206 1802 359 1840 Domini
395 1803 433 1839 in
472 1816 585 1841 coena
621 1803 852 1847 adhibemus,
889 1803 950 1841 sed
988 1804 1092 1841 illum
1130 1804 1240 1841 nobis
1278 1816 1419 1855 semper
1446 1807 1482 1841 et
1508 1803 1666 1854 proin-de
1692 1804 1731 1841 in

206 1880 320 1904 coena
364 1880 509 1917 quoque
549 1867 677 1905 adesse
721 1881 797 1906 non
844 1867 1069 1907 dubitamus,
1124 1869 1318 1906 Caeterum
1355 1881 1489 1919 corpus
1526 1868 1605 1905 eius
1641 1868 1729 1919 pani

205 1936 436 1978 connectere,
462 1936 524 1969 aut
549 1932 586 1969 in
614 1933 778 1970 ministri
805 1946 936 1970 manus
967 1933 1199 1978 concludere,
1225 1933 1263 1970 id
1291 1946 1391 1978 vero,
1413 1933 1499 1983 quia
1524 1933 1729 1970 humanum

201 1996 366 2046 adeoque
392 2001 428 2034 et
455 1997 684 2034 mundanum
711 2001 778 2041 est,
804 1997 977 2048 amplecti
1004 2010 1080 2035 non
1106 2010 1318 2048 possumus,
1352 2010 1472 2047 neque
1503 1998 1729 2048 amplecten-

204 2060 291 2097 dum
318 2074 397 2098 esse
422 2066 605 2112 putamus.

254 2124 391 2169 Quare,
427 2125 491 2175 qui
525 2137 594 2162 nos
630 2137 651 2161 a
686 2124 817 2162 mundi
853 2125 962 2163 huius
999 2125 1292 2175 cogitationibus
1330 2125 1589 2169 dehortantur,
1628 2124 1726 2162 circa

204 2189 369 2227 coelestis
412 2190 642 2240 praesentiae
679 2190 818 2227 Christi
857 2190 1011 2229 Domini
1044 2192 1084 2228 in
1124 2204 1238 2228 coena
1276 2204 1341 2228 sua
1380 2189 1733 2233 considerationem,

202 2252 444 2290 submoveant
471 2253 573 2303 prius
600 2253 747 2304 ipsimet
774 2254 983 2292 mundanas
1010 2255 1100 2292 istas
1128 2255 1400 2305 persuasiones,
1429 2253 1472 2291 de
1497 2253 1731 2291 connexione

205 2328 288 2352 cum
322 2330 417 2366 pane
444 2321 479 2354 ct
517 2317 663 2354 demum
689 2331 753 2368 per
780 2331 912 2357 manus
939 2319 1105 2356 ministri
1132 2318 1397 2356 distributione
1426 2318 1591 2368 corporis
1621 2317 1729 2355 Chri-

202 2379 263 2423 sti,
290 2393 421 2430 casque
450 2381 600 2418 coelesti
626 2381 856 2431 praesentiae
884 2395 929 2419 110
956 2382 1196 2428 admisceant,
1215 2403 1266 2412 ——
1283 2387 1318 2420 01
1344 2382 1514 2432 protinus
1535 2382 1730 2418 coelestem

204 2443 369 2492 corporis
415 2443 555 2481 Christi
599 2445 845 2495 praesentiam
884 2446 921 2483 in
961 2459 1074 2483 coena
1110 2459 1368 2496 agnoscemus
1424 2445 1496 2482 Sed
1534 2445 1730 2482 coelestem

203 2506 446 2556 praesentiam
484 2512 644 2546 statuere
681 2522 762 2546 cum
800 2510 901 2547 illius
940 2523 1022 2547 cum
1058 2523 1153 2561 pane
1182 2523 1316 2547 coenae
1345 2509 1576 2547 connexione
1603 2511 1639 2545 et
1665 2521 1730 2558 per

200 2585 331 2609 manus
366 2572 528 2609 ministri
564 2574 847 2621 distributione3
886 2575 929 2613 de
966 2576 1035 2613 hac
1072 2590 1156 2614 vero
1185 2576 1251 2613 tali
1278 2574 1498 2626 praesentia,
1527 2587 1608 2612 cum
1637 2587 1728 2611 nus-

200 2649 308 2685 quam
348 2635 547 2685 quidquam
584 2638 623 2674 in
662 2639 861 2689 Scripturis
888 2640 1075 2690 proditum
1106 2639 1308 2684 videamus,
1335 2638 1429 2675 nihil
1456 2638 1567 2675 etiam
1595 2650 1727 2688 possu-

199 2700 281 2747 (fol.
312 2701 503 2746 139a)mus
532 2702 720 2740 affirmare.
776 2703 859 2740 Imo
902 2704 1005 2741 illam
1041 2704 1199 2755 probare
1234 2716 1311 2741 non
1346 2714 1543 2753 possumus
1579 2706 1729 2752 propter

198 2777 258 2801 eas
296 2776 425 2802 causas
461 2767 497 2802 et
532 2765 670 2803 multas
706 2770 742 2804 et
777 2781 930 2817 graves,
965 2783 1057 2820 quas
1095 2769 1169 2806 iam
1198 2768 1344 2819 copiose
1372 2766 1482 2805 nobis
1510 2766 1726 2817 exposuisse

198 2828 378 2867 videmur.
