1818 3178
433 127 485 153 DE
514 127 796 154 SAcrtAMssN'rls
824 127 1041 154 ECCLESIAE
1069 124 1247 152 CHRISTI.
1531 114 1602 150 195

78 241 163 267 suae
199 229 438 268 institutione
473 241 608 279 panem
634 229 807 279 primum,
835 228 968 266 deinde
994 228 1172 278 poculum
1197 226 1238 264 in
1264 238 1396 264 manus
1425 237 1509 262 suas
1536 236 1600 262 ac-

77 294 192 344 cepit,
218 297 260 332 ut
287 292 480 344 Apostolis
507 296 544 330 et
569 293 641 331 toti
669 306 756 331 suae
782 293 822 331 in
849 293 936 338 illis,
975 296 1014 330 ut
1041 292 1114 330 iam
1142 296 1198 330 est
1224 290 1377 336 dictum,
1412 288 1602 326 Ecclesiae

75 358 114 395 in
151 358 277 396 cibum
311 362 348 395 et
381 361 513 407 potum
541 357 656 396 daret.
709 357 808 408 Papa
836 369 934 402 ναι-ο,
962 369 1088 394 servus
1116 355 1280 394 Domino
1308 366 1375 392 suo
1403 353 1487 402 (fol.
1517 354 1600 401 962²)

74 422 192 460 maior
228 422 386 467 seilicet,
419 434 553 471 panem
589 421 739 472 quidem
775 421 887 459 sumit
922 425 959 458 ct
992 420 1071 471 ipse
1106 433 1149 457 ac
1191 419 1380 470 poculum,
1415 417 1480 456 sed
1506 430 1601 468 quae

75 487 216 525 nemini
249 486 368 531 alteri,
405 485 477 523 nisi
505 486 581 523 suis
608 486 684 524 illis
719 486 922 532 incantatis
950 485 1205 535 adiuratisque
1232 484 1362 529 simiis,
1391 482 1601 521 communia

74 561 153 586 esse
190 548 280 594 vult,
317 552 356 585 ut
393 547 552 585 delatam
578 548 744 597 gratuito
773 560 793 584 a
823 547 970 584 Christo
1000 546 1173 584 fidelibus
1200 545 1376 583 omnibus
1405 544 1603 582 sacerdotii

76 613 134 651 sui
169 614 309 651 aeterni
346 614 646 651 communionem
682 614 793 651 nobis
829 613 998 663 abripere
1033 616 1144 662 atque
1179 613 1220 650 in
1252 613 1394 649 iuratas
1422 611 1604 649 duntaxat

77 677 202 714 simias
239 691 324 715 suas
353 678 436 715 illas
461 679 666 716 transferre
692 678 821 728 possit.
876 679 967 722 Aut,
1003 678 1035 714 si
1062 678 1214 714 omnino
1241 677 1342 727 plebi
1368 677 1408 715 in
1436 677 1604 715 Ecclesia

76 756 212 780 coenae
249 743 458 781 dominicae
494 743 646 781 nomine
680 742 821 793 aliquid
851 742 1015 780 dandum
1045 742 1111 784 sit,
1147 742 1186 779 id
1222 742 1274 779 ita
1313 742 1392 779 dari
1427 742 1603 787 instituit,

75 812 115 844 ut
149 820 217 858 pro
253 807 491 845 Eucharistia
526 807 784 858 prodigiosum
820 806 931 844 nobis
966 806 1076 857 plane
1111 806 1254 843 idolum
1283 806 1459 844 obtrudat
1485 811 1521 844 et
1549 808 1603 844 al-

72 876 152 910 tera
181 873 280 921 signi
306 878 411 923 parte
439 886 508 911 nos
535 872 714 915 insidiose
741 871 899 909 fraudet.
930 871 1118 908 Nimirum
1145 871 1252 908 aliter
1273 884 1347 909 non
1368 876 1494 922 posset
1513 872 1602 909 sub-

74 937 204 975 sistere
235 937 313 974 ullo
341 938 453 975 modo
483 938 684 975 discrimen
709 936 803 974 illud
828 937 926 974 inter
951 936 1068 973 laicos
1095 937 1291 986 (profanos
1320 937 1491 974 videlicet
1519 942 1600 975 tur-

75 1001 143 1040 bae
170 1003 401 1046 execrabilis,
434 1016 529 1053 quae
555 1003 673 1051 legem
703 1014 780 1039 non
807 1001 926 1046 novit,
953 1001 1141 1048 homines)
1168 1005 1204 1038 et
1231 1013 1377 1039 sacrum
1402 1001 1510 1040 illum
1538 1002 1603 1050 (ad

75 1080 184 1117 quem
221 1068 374 1105 modum
410 1069 526 1105 fames
561 1068 643 1104 auri
679 1079 784 1104 sacra
811 1070 831 1103 a
858 1070 966 1116 poeta
994 1067 1165 1113 vocatur)
1194 1066 1413 1104 clericorum
1450 1080 1600 1105 suorum

76 1131 258 1177 ordinem,
285 1144 394 1181 quem
424 1144 508 1168 cum
534 1131 640 1168 laicis
669 1130 851 1168 confundi
878 1143 956 1167 non
985 1129 1087 1168 sinit.

127 1195 270 1233 Revera
306 1203 429 1233 autem
465 1199 553 1233 sunt
592 1194 718 1232 clerici
745 1207 886 1240 omnes,
913 1194 977 1244 qui
1003 1193 1221 1231 ullomodo
1249 1194 1437 1244 pertinent
1463 1195 1509 1233 ad
1537 1209 1604 1246 pa-

74 1260 199 1310 pistici
231 1259 430 1297 sacerdotii
465 1258 646 1302 ordinem,
682 1263 793 1309 atque
829 1258 870 1295 in
908 1271 950 1295 eo
980 1257 1053 1295 sibi
1079 1258 1243 1308 placent,
1271 1271 1493 1310 quacunque
1519 1264 1606 1298 tan-

75 1325 159 1363 dem
195 1325 298 1362 illius
324 1324 557 1375 professione
593 1328 629 1361 et
665 1324 952 1374 quibuscunque
989 1323 1090 1360 notis
1125 1323 1243 1373 ipsius
1255 1339 1264 1370 ;
1303 1324 1366 1361 sed
1392 1325 1506 1373 longe
1533 1325 1606 1363 alia

74 1390 230 1435 ratione,
256 1402 370 1440 quam
404 1388 530 1426 nescio
568 1388 651 1439 quis
688 1388 869 1438 Isydorus
895 1388 935 1425 in
964 1388 1120 1425 decretis
1146 1388 1314 1439 ipsorum
1341 1389 1477 1439 legitur
1504 1393 1605 1428 attu-

74 1455 173 1493 lisse.
225 1456 350 1505 Atque
388 1467 516 1491 verum
553 1467 641 1491 sane
668 1457 735 1500 est,
764 1454 918 1491 clericos
946 1466 967 1490 a
993 1465 1084 1491 voce
1114 1453 1256 1491 Graeca
1292 1461 1432 1502 κλῆρος
1469 1456 1609 1502 vocari,

76 1520 139 1558 sed
167 1532 243 1557 non
271 1524 455 1570 quatenus
483 1522 622 1556 sortem
655 1518 804 1568 pe-(fol.
836 1517 1108 1565 96¹³)culiumve
1144 1522 1206 1555 aut
1235 1518 1500 1556 haereditatem
1537 1520 1605 1556 ab·

76 1585 195 1622 solute
224 1584 423 1633 significat,
451 1605 496 1610 -,
526 1583 596 1620 hac
632 1582 732 1620 enim
766 1582 911 1620 ratione
948 1582 1084 1618 Paulus
1120 1581 1248 1619 multis
1274 1583 1368 1619 locis
1393 1583 1605 1620 universam

78 1648 218 1687 Christi
237 1648 445 1686 Ecclesiam
473 1648 612 1685 clerum
640 1660 719 1684 esse
746 1646 978 1696 apertissime
1005 1649 1182 1691 testatur,
1197 1650 1234 1684 et
1250 1647 1389 1697 passim
1409 1647 1447 1684 id
1467 1647 1607 1698 alioqui

76 1713 118 1751 in
145 1713 346 1763 Scripturis
374 1712 532 1749 habetur
549 1711 577 1758 ¹)
595 1732 658 1755 —,
678 1711 742 1749 sed
770 1716 951 1761 quatenus
980 1716 1152 1748 naturam
1179 1723 1222 1747 ac
1248 1711 1444 1759 ingenium
1471 1711 1605 1748 vermis

79 1778 271 1816 cuiusdam
298 1778 478 1820 referunt,
505 1777 569 1827 qui
596 1790 617 1813 a
645 1776 798 1814 Graecis
825 1776 939 1814 etiam
966 1782 1106 1825 κλῆρος
1135 1780 1298 1814 vocatur.
1329 1776 1457 1814 Refert
1484 1780 1606 1813 autem

76 1843 116 1880 in
145 1842 302 1879 historia
328 1841 547 1878 animalium
574 1840 808 1886 Aristoteles,
835 1841 939 1877 nasci
964 1841 1005 1878 in
1033 1852 1145 1891 apum
1172 1841 1383 1878 alvearibus
1420 1841 1606 1878 insectum

78 1907 280 1958 quoddam,
315 1918 449 1944 araneo
488 1905 620 1948 simile,
653 1906 753 1955 quod
788 1917 864 1942 non
901 1905 997 1942 favis
1031 1909 1179 1943 tantum
1207 1907 1255 1942 sit
1281 1906 1449 1951 noxium,
1477 1905 1540 1943 sed
1567 1905 1607 1942 in

78 1972 200 2022 ipsum
236 1983 386 2021 quoque
420 1982 533 2020 apum
556 1982 711 2007 examen
740 1969 954 2006 universum
982 1969 1168 2007 exitialem
1195 1969 1383 2020 quandam
1412 1969 1607 2017 contagio-

81 2050 164 2074 nem
191 2036 358 2074 inducat.
387 2034 484 2072 Eum
511 2047 622 2084 porro
652 2047 826 2079 vermem,
853 2033 918 2071 ubi
946 2033 983 2071 et
1010 2034 1084 2071 mel
1109 2039 1232 2071 totum
1257 2033 1430 2072 infecerit
1457 2033 1493 2071 et
1520 2046 1606 2084 apes

80 2101 242 2140 maxima
280 2113 323 2138 ex
361 2103 466 2150 parte
502 2099 678 2145 enecarit,
715 2099 792 2136 alas
828 2099 973 2136 demum
1013 2113 1212 2144 assumere,
1239 2104 1274 2137 et
1302 2098 1435 2136 deinde
1462 2112 1482 2136 a
1510 2111 1608 2136 non-

83 2166 197 2204 nullis
226 2169 450 2215 πυραύστην
478 2163 616 2210 vocari,
643 2162 742 2214 quod
769 2163 896 2200 lumen
922 2163 1022 2212 ignis
1044 2168 1154 2200 nocte
1172 2167 1347 2214 perpetuo
1369 2163 1605 2200 circumvoli-

79 2236 165 2269 tans
212 2230 329 2267 soleat
365 2228 553 2266 infcstare.
613 2227 756 2265 Plinius
793 2240 879 2265 vero
925 2236 1064 2277 κλῆρον
1108 2227 1281 2264 morbum
1317 2228 1452 2278 ipsum,
1497 2227 1611 2265 veluti

82 2294 319 2332 tuberculum
359 2291 558 2343 quoddam,
595 2303 640 2328 ex
679 2304 782 2328 cerae
820 2291 961 2328 duricia
989 2291 1028 2329 in
1056 2291 1151 2329 favis
1181 2291 1389 2338 collectum,
1416 2296 1536 2336 vocat,
1563 2303 1608 2329 ex

83 2370 156 2407 qua
185 2356 334 2393 demum
361 2355 510 2393 infectis
537 2353 747 2391 alvearibus
777 2367 938 2392 vermem
963 2354 1071 2391 illum
1098 2355 1202 2391 nasci
1227 2355 1392 2405 plerique
1418 2357 1609 2406 putarunt.

86 2422 146 2459 Ab
182 2421 254 2458 hoc
288 2420 404 2469 igitur
439 2420 548 2463 clero,
584 2419 662 2458 sive
697 2418 829 2455 morbo
866 2419 970 2456 iuxta
1006 2419 1180 2463 Plinium,
1217 2419 1293 2456 sive
1327 2419 1471 2457 insecto
1505 2420 1612 2457 iuxta

85 2486 338 2528 Aristotelem,
366 2498 449 2522 vere
476 2483 724 2534 proculdubio
755 2483 878 2521 clerici
907 2488 1107 2527 vocantur,
1133 2484 1348 2534 quicunque
1375 2485 1421 2521 ad
1441 2484 1607 2522 ordinem

82 2551 190 2589 illum
206 2550 381 2602 papistici
398 2548 597 2587 sacerdotii
616 2548 881 2598 quoquomodo
901 2548 1100 2598 pertinent,
1119 2552 1231 2599 atquc
1247 2549 1350 2586 illius
1369 2549 1520 2587 nomine
1538 2550 1611 2587 sibi

83 2616 136 2654 ita
161 2615 513 2666 placent‚(fol.97²¹)
531 2618 570 2651 ut
596 2613 694 2650 inter
722 2613 838 2650 laicos
867 2612 1008 2650 censeri
1033 2613 1169 2658 nolint,
1183 2626 1343 2664 quorum
1361 2613 1502 2664 alioqui
1518 2627 1610 2664 opus

86 2681 188 2718 aliud
216 2693 293 2719 non
321 2679 382 2722 sit,
409 2692 520 2729 quam
548 2681 682 2715 terram
713 2677 844 2724 colere,
872 2689 1006 2714 uxores
1033 2677 1166 2715 ducere
1193 2682 1230 2715 et
1257 2677 1418 2716 decimas
1448 2679 1606 2724 solvere3

86 2745 188 2783 hisce
224 2757 384 2795 namque
420 2743 519 2781 notis
554 2742 670 2780 laicos
707 2754 727 2778 a
766 2754 803 2778 se
831 2741 1061 2780 discernunt.
1115 2741 1265 2781 Etenim
1294 2742 1385 2780 ordo
1414 2743 1475 2779 hic
1501 2746 1612 2780 natus

133 2885 157 2924 ¹)
181 2883 263 2926 Eph.
288 2884 315 2915 l.
361 2883 441 2915 Coll.
466 2883 495 2915 2.
539 2882 656 2915 Psalm.
679 2882 708 2914 2.
753 2883 851 2924 Apoc.
878 2883 903 2915 l.
927 2883 955 2914 5.
1449 2904 1453 2908 -

1387 2939 1459 2978 13*
