1818 3178
186 60 258 96 528
835 74 894 102 ΕΡ.
924 73 1067 102 Doc'rn.

186 169 294 209 sisset
323 185 396 209 una
425 183 507 208 cum
535 183 713 222 oppressa
740 176 957 215 moreretur.
984 173 1049 223 qui
1077 187 1162 212 vero
1191 188 1320 216 servae
1347 177 1420 216 vim
1448 179 1646 225 attulisset,
1673 179 1705 219 is

186 249 264 274 non
290 236 460 287 equidem
488 235 732 280 occideretur,
761 235 824 274 sed
852 236 1035 275 sacrificio
1064 238 1240 278 delictum
1267 255 1374 281 suum
1394 245 1570 295 expiaret.
1600 244 1704 283 Quid

188 302 292 338 vcro!
321 313 369 337 an
405 299 489 337 idco
525 299 706 350 puniendi
734 311 810 338 non
839 306 950 339 erunt
978 301 1088 340 hodie
1115 304 1302 353 virginum
1329 311 1571 358 stupratoreS‚
1604 300 1705 359 quod

185 363 248 414 qui
278 376 402 401 servas
429 363 520 400 olim
549 363 756 402 violassent
783 378 802 401 a
831 370 949 402 morte
975 365 1245 407 liberabantur.
1298 369 1385 407 Hoc
1413 376 1511 409 certe
1539 376 1705 409 statuen-

186 428 276 464 dum
296 432 404 471 esset,
432 427 461 465 si
490 441 511 465 a
539 433 704 466 veterum
733 429 911 480 exemplis
939 429 1043 468 iuxta
1069 431 1228 470 istorum
1247 433 1572 474 ratiocinationem
1591 450 1703 485 argu-

186 491 344 529 mentari
372 491 513 530 liceret.
555 493 606 529 At
635 505 722 529 vero
751 491 852 530 Deus
880 506 956 530 non
984 493 1067 531 ideo
1096 494 1297 535 discrimen
1323 497 1416 535 illud
1445 512 1571 537 servae
1597 505 1634 538 et
1660 500 1706 537 li-

185 556 294 593 berae
328 555 521 593 observari
555 555 601 593 ad
629 560 775 607 tempus
804 557 933 601 voluit,
960 558 1060 608 quod
1087 559 1238 597 alterius
1266 564 1394 611 stupro
1422 564 1586 611 gravius,
1611 564 1705 602 alte·

185 619 263 657 rius
299 632 385 657 vero
413 619 533 657 levius
561 618 820 664 offenderetur,
848 620 912 658 sed
941 626 980 659 ut
1008 622 1208 661 manifesto
1235 625 1451 663 testimonio
1480 627 1640 673 doceret,
1667 643 1706 668 se

184 697 321 733 magno
350 683 447 735 apud
476 697 514 722 se
541 684 622 721 loco
651 684 788 722 habere
816 686 971 730 omneis,
998 700 1092 737 quos
1118 687 1159 725 in
1188 690 1367 739 populum
1396 704 1504 728 suum
1523 693 1706 742 elegisset.

187 748 301 786 Quod
329 743 501 799 equidem
529 748 747 786 duraturum
774 754 884 794 esset,
914 752 1097 803 tantisper
1125 752 1214 790 dum
1243 767 1319 791 non
1346 755 1419 793 alio
1438 758 1604 795 omnium
1623 759 1708 797 lon-

183 824 230 860 ge
256 810 477 860 gravissimo
506 824 549 848 ac
575 825 728 862 prorsus
754 811 933 850 ineffabili
959 814 1177 852 testimonio
1203 817 1300 854 tanti
1327 830 1395 855 nos
1423 831 1444 856 a
1472 833 1509 856 se
1535 820 1615 858 fieri
1643 821 1707 859 de-

185 876 352 921 clararet,
388 879 431 912 ut
465 888 511 913 ne
546 874 740 924 unigenito
769 875 919 925 quidem
943 877 1021 913 filio
1051 890 1116 915 suo
1145 882 1274 916 nostra
1302 892 1412 918 causa
1438 887 1619 932 parceret,
1645 883 1709 921 sed

184 939 291 977 illum
318 940 402 976 loco
431 942 561 977 nostro
591 952 702 977 carne
729 944 857 977 nostra
884 940 1061 978 indutum
1087 942 1200 980 morti
1220 944 1489 983 crudilissimae
1522 947 1710 987 addiceret

185 1003 330 1055 subque
362 1003 508 1055 peccati
543 1003 663 1041 nostri
699 1004 953 1049 maledictum,
990 1010 1031 1043 ut
1058 1006 1259 1053 hominem,
1288 1009 1566 1050 condemnaret.
1619 1012 1706 1051 Quo

184 1067 260 1106 iam
287 1068 436 1106 demum
464 1068 663 1120 completo,
690 1069 841 1107 evanuit
869 1083 957 1107 sane
984 1071 1234 1110 umbraticum
1260 1073 1355 1111 illud
1376 1088 1500 1113 servae
1519 1081 1556 1114 et
1571 1076 1709 1116 liberae

186 1132 398 1177 discrimen,
427 1146 545 1184 neque
573 1134 652 1171 sine
681 1133 821 1171 Christi
850 1134 1002 1172 Domini
1028 1135 1236 1185 ignominia
1262 1140 1435 1176 renovari
1462 1153 1612 1178 rursum
1639 1156 1708 1193 po-

185 1202 270 1236 test.
324 1198 384 1236 Ad
421 1198 581 1236 eundem
607 1198 762 1236 modum
788 1198 901 1236 etiam
929 1200 1045 1238 voluit
1074 1201 1203 1239 haberi
1230 1202 1428 1242 discrimen
1457 1204 1641 1244 Dominus
1669 1207 1708 1244 in

188 1262 473 1300 circumcisione
499 1262 597 1300 inter
615 1263 800 1300 masculos
820 1268 855 1301 et
875 1263 1076 1302 foemineas
1095 1264 1270 1313 infantes,
1291 1281 1367 1305 non
1386 1269 1486 1319 quod
1505 1270 1710 1308 foemineae

185 1326 234 1364 ad
271 1326 402 1364 foedus
435 1326 732 1364 circumcisionis
769 1340 844 1364 non
881 1327 1122 1378 pertinerent,
1159 1329 1221 1367 sed
1259 1332 1358 1381 quod
1397 1332 1467 1370 hoc
1495 1333 1710 1372 discrimine

186 1391 341 1430 innuere
368 1391 478 1429 nobis
506 1391 656 1429 volebat
683 1391 783 1429 Deus
811 1392 941 1430 salutis
971 1397 1119 1431 nostrae
1146 1395 1360 1439 archanum,
1388 1397 1488 1447 quod
1517 1398 1711 1437 circumci-

185 1456 302 1494 sionis
330 1460 562 1494 sacramento
590 1455 898 1502 adumbrabatur,
933 1462 968 1495 et
996 1457 1042 1495 ad
1079 1459 1179 1509 quod
1208 1473 1284 1497 non
1322 1467 1552 1501 sacramenta
1589 1464 1710 1515 solum

186 1519 362 1565 foederis,
389 1520 448 1557 sed
479 1519 598 1570 ipsum
628 1520 720 1557 adeo
748 1520 879 1558 foedus
906 1521 1122 1559 universum
1148 1523 1260 1560 etiam
1278 1525 1405 1562 referri
1426 1526 1578 1564 omnino
1599 1541 1710 1578 opor-

186 1588 252 1623 tet.
280 1584 373 1622 Erat
392 1588 518 1622 autem
538 1584 609 1621 hoc
626 1585 756 1622 salutis
778 1590 928 1624 nostrae
947 1587 1166 1633 archanum,
1185 1593 1237 1635 ut,
1258 1590 1572 1640 quemadmodum
1590 1593 1711 1630 Adam

185 1649 225 1687 in
253 1649 465 1687 universam
495 1662 644 1686 carnem
673 1653 840 1687 nostram
867 1656 902 1688 et
929 1656 1120 1702 peccatum
1148 1653 1265 1703 ipsius
1293 1658 1328 1692 et
1355 1655 1434 1692 eius
1461 1669 1599 1694 noxam
1626 1645 1730 1708 pro-⁸

186 1717 401 1763 pagaverat,
428 1713 480 1750 ita
506 1713 546 1750 in
573 1712 746 1751 universa
776 1726 885 1752 carne
913 1719 1041 1753 nostra
1069 1716 1181 1753 etiam
1207 1716 1310 1755 illius
1338 1720 1585 1770 praeputium,
1611 1722 1647 1760 h.
1671 1735 1713 1769 e.,

188 1778 450 1817 condemnatio
479 1778 615 1822 omnis,
640 1785 882 1830 posteaquam
908 1779 1010 1818 illam
1038 1781 1136 1818 filius
1164 1781 1233 1819 Dei
1259 1790 1476 1830 assumeret,
1504 1791 1714 1837 amputare-

186 1847 262 1882 tur.
290 1842 335 1879 Id
365 1855 451 1880 vero
478 1843 655 1893 quoniam
684 1856 759 1881 non
788 1857 878 1881 sane
904 1844 943 1881 in
971 1857 1068 1882 nova
1095 1846 1269 1896 quapiam
1297 1847 1376 1885 Eva
1403 1854 1468 1886 aut
1495 1850 1633 1888 femina
1650 1851 1713 1889 sed

186 1905 226 1943 in
263 1917 361 1942 novo
398 1906 463 1942 illo
500 1905 661 1948 Adamo.
696 1905 760 1956 qui
797 1906 970 1944 Christus
999 1911 1067 1953 est,
1095 1909 1357 1959 complendum
1384 1916 1473 1956 erat,
1502 1912 1715 1952 discrimine

189 1969 260 2007 hoc
295 1969 548 2007 masculorum
584 1975 620 2008 et
654 1971 913 2009 foemellarum
939 1971 1145 2010 infantium
1173 1972 1397 2013 adumbrare
1424 1980 1505 2013 tum
1532 1978 1608 2015 suis
1635 1978 1715 2016 Do-

187 2033 313 2071 minus
345 2033 425 2084 ipse
454 2034 617 2080 volebat,
644 2034 764 2072 donec
792 2035 831 2072 id
859 2036 959 2086 quod
989 2040 1142 2075 externa
1172 2039 1381 2076 ceremonia
1407 2040 1718 2089 adumbrabatur,

189 2111 229 2135 re
254 2097 335 2149 ipsa
363 2098 514 2136 tandem
543 2112 611 2136 suo
638 2103 805 2151 tempore
833 2101 915 2138 orbi
942 2101 1118 2139 universo
1139 2103 1387 2150 exhiberetur,
1405 2126 1455 2134 —-
1473 2119 1547 2157 quo
1569 2107 1716 2145 demum

189 2162 359 2201 exhibito
396 2163 521 2200 omnia
559 2163 649 2201 haec
685 2164 867 2210 locorum,
894 2170 1115 2217 temporum,
1152 2181 1307 2206 sexuum
1343 2175 1378 2208 et
1406 2184 1651 2221 personarum
1678 2174 1717 2212 in

189 2238 335 2264 summa
374 2225 542 2264 omnium
578 2226 805 2273 discrimine,
840 2229 954 2266 veluti
990 2230 1143 2268 umbrae
1171 2231 1216 2268 ad
1244 2232 1364 2270 lucem
1391 2239 1561 2273 exortam
1586 2250 1718 2275 evane-

187 2294 332 2328 scerent
365 2303 593 2341 prorsusque
640 2296 846 2331 cessarent.
904 2292 1037 2344 Neque
1083 2307 1168 2332 vero
1213 2295 1298 2334 ideo
1343 2297 1388 2334 ad
1426 2298 1608 2338 foeminas
1641 2314 1718 2338 non

190 2352 401 2403 pertinebat
429 2353 727 2392 circumcisionis
755 2361 1040 2402 sacramentum,
1067 2358 1168 2408 quod
1195 2359 1352 2397 masculi
1379 2360 1449 2398 soli
1477 2362 1718 2402 circumcide·

191 2422 333 2457 rentur.
388 2417 547 2457 Minima
573 2433 660 2470 pars
688 2425 1005 2459 sacramentorum
1035 2428 1122 2461 sunt
1149 2424 1345 2468 elementa,
1371 2430 1407 2463 et
1435 2426 1482 2464 ad
1508 2441 1603 2478 quos
1629 2441 1717 2479 pro·
1747 2446 1749 2448 ·

191 2481 388 2519 missiones
415 2482 665 2533 mysteriaque
694 2488 1011 2522 sacramentorum
1037 2485 1236 2537 pertinent,
1264 2487 1303 2525 hi
1324 2502 1412 2526 sane
1437 2503 1457 2527 a
1479 2491 1719 2530 sacramentis

191 2546 342 2585 excludi
370 2560 490 2598 neque
516 2552 676 2599 possunt
710 2549 770 2597 (si¹
797 2550 862 2587 illa
890 2550 1001 2588 modo
1031 2564 1109 2589 non
1138 2556 1398 2602 contemnant)
1425 2568 1543 2606 neque
1571 2556 1719 2597 debent.

192 2611 353 2662 Expleto
390 2611 505 2661 igitur
543 2613 675 2651 salutis
710 2619 861 2652 nostrae
895 2615 934 2653 in
979 2616 1129 2654 Christo
1167 2619 1343 2668 mysterio
1380 2620 1427 2657 ad
1463 2621 1562 2670 quod
1591 2622 1719 2660 referri

194 2676 287 2714 citra
325 2677 617 2715 controversiam
654 2684 802 2729 oportet
836 2692 984 2717 omnem
1013 2682 1179 2720 omnium
1207 2688 1287 2720 tum
1314 2684 1526 2722 adultorum
1554 2690 1630 2724 tum
1659 2687 1719 2726 in-

195 2741 357 2780 fantium
385 2741 556 2786 salutem,
582 2742 805 2794 sublatoque
833 2756 897 2794 per
926 2744 1174 2794 Euangelium
1195 2747 1297 2784 omni
1317 2748 1496 2791 locorum,
1512 2753 1722 2800 temporum

197 2818 241 2847 ac
267 2818 510 2860 personarum
538 2805 764 2855 discrimine,
792 2821 868 2846 non
897 2814 965 2856 est,
992 2822 1058 2847 cur
1076 2815 1140 2848 aut
1159 2810 1256 2848 diem
1278 2811 1460 2862 baptismo
1483 2812 1600 2851 ullum
1619 2815 1724 2854 iuxta
