1818 3178
531 81 582 106 DE
610 80 773 108 00111311
799 74 1115 110 INCARNATIONE.
1534 75 1579 110 21

72 180 132 218 nis
159 179 378 218 Dominicae
404 180 513 217 etiam
541 193 604 230 per
631 182 861 220 occasionem
890 183 1145 227 meminerunt,
1173 187 1212 220 ut
1231 182 1269 219 in
1288 182 1455 219 oratione
1472 181 1579 219 Pauli

71 243 294 281 Antiochiae
320 243 446 280 habita
474 244 560 281 Aet.
586 244 665 283 xiii.
695 246 787 282 Sunt
815 259 972 291 rursum,
998 247 1062 296 qui
1089 246 1264 283 historico
1293 245 1450 295 quodam
1479 257 1579 282 more

69 320 143 345 rem
172 311 313 356 gestam
341 310 493 344 narrant
519 307 643 355 (Ioan.
673 309 729 357 i.)‚
756 310 903 346 modum
933 314 1051 346 autem
1074 311 1125 347 rei
1149 314 1272 358 gestae
1290 322 1365 346 non
1380 309 1578 359 explicant.

72 370 166 406 Sunt
191 374 229 406 et
255 369 318 419 qui
344 368 492 405 modum
521 370 719 419 explicant,
747 371 809 408 sed
837 372 899 408 alii
926 372 1048 409 minus
1076 385 1256 422 expresse,
1283 372 1346 408 alii
1365 372 1496 419 magis,
1515 371 1578 407 alii

68 433 141 470 alio
170 437 387 483 spectantes,
415 433 477 470 alii
504 447 588 470 vero
617 435 655 472 in
686 436 753 472 hoc
781 437 926 486 proprie
949 436 1098 486 proditi,
1124 440 1164 472 ut
1193 449 1265 473 non
1287 435 1385 472 aliud
1405 439 1575 472 tractent.

67 497 173 534 Inter
208 496 275 533 hos
311 497 424 544 igitur
459 498 680 535 tutissimum
721 500 843 542 fuerit,
879 513 961 537 eum
996 500 1228 549 potissimum
1256 500 1378 536 locum
1407 499 1577 547 deligere,

67 574 109 598 ac
145 560 264 611 primo
309 565 392 598 ante
427 561 518 598 alios
555 563 636 599 1000
682 577 828 613 ponere,
863 567 903 600 ut
938 563 1029 600 alios
1066 577 1192 600 01111103
1226 578 1269 601 ex
1304 577 1346 600 co
1374 564 1579 604 metiamur,

67 639 175 676 quem
203 639 309 663 nemo
339 639 473 674 negare
499 630 619 676 potest
644 627 682 664 in
711 627 782 663 hoe
808 627 954 677 proprie
980 640 1065 676 prae
1094 627 1266 664 omnibus
1285 628 1366 663 aliis
1385 627 1572 677 proditum

65 703 156 734 esse,
191 693 231 726 ut
267 689 442 739 quicquid
479 691 629 726 omnino
666 691 723 727 vel
749 690 794 727 ad
823 690 1025 731 historiam,
1052 690 1109 726 vel
1136 690 1180 726 ad
1208 690 1358 727 modum
1388 694 1575 739 susceptae

65 767 85 792 a
119 754 216 791 Filio
253 753 324 791 Dei
351 754 473 790 carnis
500 753 680 790 humanae
707 752 965 803 quoquomodo
994 753 1135 795 attinet,
1163 753 1201 789 id
1227 757 1343 790 totum
1373 753 1482 789 nobis
1510 766 1574 789 ex-

65 820 218 868 poneret
245 821 282 854 et
308 817 517 867 explicaret.
571 817 610 854 Is
638 829 722 854 vero
751 821 805 853 est
832 815 954 852 Lucae
980 816 1097 865 primo
1128 816 1256 865 capite,
1283 816 1346 851 ubi
1374 816 1506 852 missus
1534 815 1573 851 in

66 881 114 929 (C
150 881 235 928 viia)
265 881 334 917 hoc
361 881 594 931 peculiariter
621 894 642 917 a
669 880 746 916 Deo
776 880 943 927 Angelus
971 879 1104 927 legitur
1131 879 1178 915 ad
1206 892 1284 915 eam
1312 880 1428 929 ipsam
1456 879 1572 926 virgi-

66 958 160 990 nem,
189 958 281 994 quae
308 944 461 982 Domini
489 949 604 981 mater
630 944 752 981 futura
781 948 869 988 erat,
896 947 935 980 ut
962 944 1017 980 illi
1044 943 1079 980 et
1107 956 1180 979 rem
1209 943 1326 993 ipsam
1345 956 1453 993 quam
1474 943 1572 980 Deus

63 1021 129 1058 per
155 1021 233 1046 eam
263 1009 437 1059 compleri
464 1009 622 1053 volebat,
650 1008 686 1045 et
713 1008 862 1044 modum
890 1008 990 1044 illius
1019 1021 1163 1044 omnem
1183 1011 1392 1057 exponeret.
1431 1008 1571 1044 Quem-

65 1072 262 1110 admodum
301 1073 399 1110 enim
435 1074 480 1110 ad
517 1073 697 1110 neminem
727 1072 846 1121 magis
873 1072 1079 1122 pertinebat
1107 1072 1199 1109 scire
1226 1072 1434 1109 universum
1464 1073 1572 1108 simul

66 1137 138 1173 hoe
164 1137 430 1175 incarnationis
458 1137 674 1173 Dominicae
701 1149 889 1177 arcanum,
916 1149 1022 1186 quam
1052 1136 1099 1172 ad
1125 1150 1203 1173 eam
1230 1136 1348 1186 ipsam
1366 1137 1572 1184 Virginem.

65 1214 175 1250 quam
210 1201 256 1238 ad
292 1204 416 1238 tantae
450 1200 502 1237 rei
529 1199 774 1236 ministerium
801 1198 899 1236 Deus
926 1200 1003 1248 ipse
1029 1199 1210 1247 elegisset,
1236 1199 1287 1235 ita
1314 1203 1350 1235 01
1376 1199 1484 1236 nobis
1512 1203 1572 1235 tu-

65 1265 250 1302 tissimum
277 1265 345 1301 erit
372 1263 458 1300 huic
485 1263 671 1311 angelicae
697 1263 876 1311 legationi
903 1263 971 1299 niti
997 1262 1036 1299 in
1063 1262 1370 1312 apprehendendo
1399 1263 1572 1311 mysterio

65 1329 282 1366 Dominicae
316 1328 599 1370 incarnationis,
633 1327 848 1378 praesertim
886 1340 966 1364 cum
1004 1327 1103 1364 hunc
1139 1340 1217 1363 esse
1252 1327 1441 1377 proprium
1473 1327 1572 1363 illius

65 1405 217 1442 scopum
244 1391 445 1429 videamus.
483 1393 605 1441 Atque
634 1404 720 1428 3300
747 1403 822 1427 non
849 1391 985 1427 frustra
1012 1390 1049 1426 id
1079 1390 1177 1427 Deus
1205 1390 1355 1438 Virgini
1382 1390 1573 1427 sanctissi-

63 1469 143 1493 mae
177 1469 253 1493 non
289 1469 352 1506 per
389 1456 586 1499 somnium,
622 1468 740 1505 neque
774 1468 838 1505 per
874 1455 1165 1504 qualemcunque
1201 1455 1390 1499 nuncium,
1420 1455 1482 1492 sed
1509 1468 1574 1504 per

63 1520 248 1568 Angelum
284 1520 325 1556 in
361 1519 432 1556 hoe
467 1519 700 1569 peculiariter
736 1519 901 1564 missum,
934 1519 1045 1568 idque
1073 1519 1165 1555 faeie
1191 1519 1238 1555 ad
1266 1519 1411 1564 faeiem,
1438 1518 1573 1569 exponi

62 1584 180 1621 voluit
216 1583 403 1628 nimirum,
430 1587 469 1620 ut
495 1583 609 1620 totius
636 1582 690 1619 rei
715 1586 751 1619 et
778 1583 907 1619 seriem
935 1586 970 1619 et
996 1582 1146 1618 modum
1174 1595 1250 1619 non
1277 1582 1437 1626 aliunde,
1464 1595 1572 1632 quam

62 1661 81 1685 0
108 1648 231 1685 verbis
260 1647 410 1696 Angeli,
434 1647 508 1683 imo
536 1659 622 1684 vero
650 1646 719 1684 Dei
745 1647 873 1696 ipsius,
900 1646 1119 1684 aestimaret.
1167 1647 1312 1684 Quodsi
1338 1647 1456 1695 Virgo
1485 1660 1574 1683 eon-

62 1711 159 1762 cepit
195 1711 396 1756 Christum,
430 1715 670 1761 posteaquam
698 1711 900 1758 Angelieae
927 1711 1012 1747 huic
1038 1711 1218 1759 legationi
1247 1710 1472 1755 credidisset,
1509 1724 1571 1747 ne-

62 1790 133 1826 que
160 1789 228 1813 nos
255 1776 420 1826 profecto
450 1776 620 1812 fallemur
648 1775 719 1818 hic,
747 1776 777 1812 si
805 1775 984 1824 virginem
1015 1775 1135 1825 ipsam
1158 1775 1292 1812 imitati
1311 1788 1419 1812 omne
1436 1775 1576 1812 Christi

61 1839 215 1876 Domini
249 1839 432 1876 incarnati
468 1839 682 1888 mysterium
718 1852 762 1876 ex
790 1840 837 1887 (C
866 1839 953 1884 viib)
981 1839 1050 1876 hae
1077 1839 1309 1889 potissimum
1336 1840 1446 1877 etiam
1473 1840 1574 1887 lega-

59 1903 161 1940 tione
188 1903 368 1951 Angelica
395 1903 600 1940 metiamur.
629 1903 687 1939 Ex
715 1903 850 1951 Angeli
874 1903 990 1951 igitur
1017 1903 1138 1940 verbis
1166 1916 1233 1940 nos
1261 1916 1407 1953 quoque
1429 1916 1576 1940 omnem

61 1972 96 2004 01
123 1967 317 2004 historiam
344 1970 381 2003 et
407 1966 558 2003 modum
585 1966 803 2004 Dominicae
826 1967 1094 2004 incarnationis
1117 1967 1393 2004 aestimabimus
1412 1971 1447 2005 et
1466 1967 1576 2017 quid-

61 2030 151 2080 quid
179 2031 217 2067 in
246 2030 322 2066 illis
350 2042 558 2080 expressum
588 2030 755 2073 habetur,
783 2030 820 2067 id
847 2034 965 2067 totum
996 2032 1086 2068 citra
1114 2044 1259 2068 omnem
1279 2031 1574 2081 disquisitionem

61 2093 294 2130 verissimum
331 2106 410 2130 esse
446 2093 646 2131 credemus.
702 2094 849 2131 Quodsi
885 2095 970 2144 quid
1008 2095 1091 2132 aliis
1127 2096 1224 2132 forte
1259 2096 1352 2132 locis
1389 2096 1574 2133 diversum

61 2156 234 2193 nonnihil
270 2157 310 2193 in
353 2169 396 2193 eo
441 2156 521 2206 ipso
566 2162 783 2206 argumento
818 2159 1004 2207 proditum
1042 2159 1158 2196 videri
1192 2159 1321 2208 possit,
1348 2159 1385 2196 id
1422 2173 1467 2196 ex
1502 2159 1576 2195 1001

60 2220 168 2257 11111113
208 2221 479 2269 significatione
516 2221 790 2258 moderabimur
826 2223 959 2271 potius,
997 2236 1107 2273 quam
1144 2227 1185 2260 ut
1211 2223 1312 2259 illius
1339 2224 1576 2260 autoritatem

60 2284 323 2334 quoquomodo
361 2285 554 2325 elevemus.
583 2298 664 2322 eum
692 2286 795 2322 illum
823 2287 970 2337 proprie
998 2287 1108 2324 nobis
1135 2287 1174 2324 in
1202 2287 1273 2323 hoc
1300 2287 1478 2324 traditum
1508 2287 1574 2324 ha-

60 2349 226 2391 beamus,
263 2352 302 2385 ut
336 2361 381 2385 ex
417 2361 458 2385 eo
496 2361 604 2385 omne
641 2350 894 2399 conceptionis
923 2350 1061 2387 Christi
1088 2350 1303 2398 mysterium
1331 2350 1578 2388 aestimemus.

58 2410 190 2461 Neque
216 2411 254 2448 id
292 2411 460 2461 iniquum
497 2411 566 2447 tibi
603 2411 720 2448 videri
747 2412 866 2451 debet.
917 2412 1079 2449 Necesse
1106 2416 1161 2449 est
1189 2425 1345 2462 namque
1372 2413 1416 2449 ad
1444 2413 1581 2450 tollen-

60 2474 142 2510 dam
189 2474 390 2525 scripturae
428 2474 709 2524 repugnantiam
738 2475 840 2512 locos
867 2475 959 2513 alios
988 2476 1069 2513 aliis
1107 2476 1233 2513 cedere
1267 2477 1307 2512 in
1344 2476 1503 2526 simplici
1538 2489 1582 2512 ac

60 2537 159 2574 nuda
203 2537 368 2587 ipsorum
412 2538 726 2588 interpretatione.
780 2539 921 2589 Estque
955 2552 1098 2589 semper
1130 2539 1342 2576 habendum
1381 2539 1581 2576 discrimen

57 2601 169 2646 inter,
205 2602 307 2638 locos
346 2602 411 2651 qui
446 2602 595 2652 proprie
629 2606 789 2639 tractant
825 2604 978 2653 aliquid,
1015 2607 1049 2640 et
1085 2604 1149 2653 qui
1184 2604 1346 2640 eiusdem
1383 2604 1447 2648 rei,
1483 2604 1582 2640 aliud

58 2665 209 2703 interim
237 2671 401 2714 agentes,
437 2679 500 2716 per
527 2667 758 2704 occasionem
786 2668 1046 2710 meminerunt,
1073 2668 1109 2704 id
1138 2668 1239 2717 quod
1265 2681 1309 2705 ex
1336 2669 1486 2718 proprio
1516 2681 1582 2704 cu-

56 2728 186 2779 iusque
223 2730 298 2767 loci
335 2743 447 2781 scopo
486 2731 662 2778 cognosci
690 2731 799 2768 facile
825 2735 959 2781 potest.
1012 2733 1134 2781 Atque
1164 2736 1203 2769 ut
1232 2736 1369 2769 certum
1400 2733 1443 2769 de
1471 2732 1581 2769 rebus

59 2794 232 2831 omnibus
281 2808 428 2832 sensum
472 2796 674 2845 scripturae
707 2795 821 2832 totius
857 2796 1067 2840 habeamus,
1101 2801 1247 2846 oportet
1283 2810 1345 2834 eos
1382 2797 1495 2838 locos,
1522 2796 1584 2845 qui
