1818 3178
174 127 222 161 40
628 131 679 156 m:
706 129 869 156 cflms'rl
897 127 1214 156 1NOARNAT10NE.

177 246 250 271 non
286 231 488 270 invehenda
516 230 552 267 in
582 229 803 279 Scripturas,
829 229 859 266 si
888 228 998 266 nullis
1025 228 1125 267 illius
1148 230 1324 281 exemplis
1353 230 1564 268 confirmari
1590 244 1682 282 que-

177 302 252 338 ant,
287 296 463 346 siquidem
506 293 622 331 fidelis
666 297 703 330 et
746 293 902 342 diligens
949 293 1160 343 Scripturae
1194 294 1376 346 interpres
1413 295 1541 332 haberi
1576 296 1682 334 velis.

177 360 256 396 Iam
284 371 364 395 011111
391 369 506 406 neque
531 355 843 405 interpretationis
869 360 955 392 tuae
988 356 1153 406 exempla
1180 356 1258 394 ulla
1283 358 1341 395 vel
1368 358 1502 401 adfers,
1529 358 1586 395 vel
1615 358 1682 395 ad-

175 424 266 459 ferre
300 421 407 457 etiam
441 423 557 470 potes,
592 422 627 455 et
662 418 842 456 eiusmodi
874 423 1061 470 praeterea
1096 420 1199 458 locos
1237 422 1406 472 opponis,
1442 422 1506 472 qui
1531 425 1682 472 propter

175 484 434 521 antithetorum
479 482 759 531 repugnantiam
803 482 1005 533 simplicem
1040 483 1112 533 ipsi
1146 484 1376 522 intellectum
1409 486 1569 523 retinere
1604 498 1681 523 non

172 551 335 597 possunt,
372 545 505 582 nedum
539 550 581 583 ut
616 559 684 583 nos
711 560 731 584 a
760 546 917 597 simplici
944 547 1111 585 locorum
1138 553 1351 587 nostrorum
1376 550 1683 601 interpretatione

174 609 342 660 ‹lepel-(F
370 609 566 655 viiia)lant;
594 622 712 659 neque
737 610 883 660 proprie
910 611 1021 648 etiam
1046 615 1206 650 tractant
1233 618 1493 662 argumentum
1506 614 1679 651 incarna-

171 672 279 709 tionis
308 671 454 715 Christi,
480 691 529 698 —
556 684 655 718 sane,
681 685 791 722 quam
818 672 866 710 sit
893 673 1010 710 solida
1036 687 1127 724 pura
1146 687 1190 712 ac
1207 674 1328 712 fidelis
1349 676 1531 719 doctrina,
1556 676 1597 713 in
1611 676 1680 713 hac

170 741 280 786 parte,
316 739 389 780 tua,
423 739 464 772 tu
490 735 568 785 ipse
596 736 757 784 cogitare
782 740 899 787 potes.
954 738 1033 783 Ais,
1060 742 1096 776 te
1124 752 1207 776 cum
1233 740 1436 790 Scripturis
1464 741 1680 792 simpliciter

168 798 288 848 loqui;
325 798 361 834 id
389 797 558 848 equidem
584 799 654 836 tibi
681 801 850 850 optarim,
881 805 916 838 et
943 801 1091 852 quidem
1118 815 1162 840 ex
1190 803 1327 841 animo.
1384 803 1456 841 Sed
1484 817 1561 841 non
1589 804 1680 850 scio,

171 876 217 899 an
251 862 321 898 hoe
348 862 394 898 sit
422 862 636 912 simpliciter
664 876 747 900 cum
775 864 975 915 Soripturis
1002 866 1116 916 loqui,
1144 866 1236 904 velle
1261 866 1345 904 illas
1373 867 1452 905 sine
1478 867 1609 905 ordine
1635 880 1679 905 ac

165 926 301 963 iudicio
339 926 479 964 omneis
515 927 753 974 confundere,
780 932 815 966 et
842 928 1022 967 eiusmodi
1054 931 1128 968 illis
1155 935 1317 970 attexere
1342 931 1681 983 interpretationes,

167 1003 319 1039 quarum
346 990 509 1040 exempla
536 990 573 1027 in
601 991 676 1028 illis
704 1005 886 1042 nusquam
913 993 1071 1035 indicari
1096 1000 1267 1045 possunt.
1302 996 1384 1033 Nos
1412 1000 1509 1034 certe
1533 1000 1679 1046 praeter

165 1053 372 1102 Scripturae
413 1066 522 1090 usum
565 1054 659 1091 nihil
695 1055 756 1092 hic
790 1056 1024 1106 proferimus,
1058 1062 1093 1095 et
1127 1059 1242 1096 totius
1277 1059 1428 1097 interim
1467 1059 1682 1110 Scripturae'

162 1130 380 1154 eonsensum
406 1118 618 1156 retinemus,
649 1119 835 1170 Quodque
862 1121 909 1158 ad
936 1122 1038 1160 locos
1058 1127 1141 1160 tuos
1165 1124 1309 1170 attinet,
1326 1124 1487 1175 primum
1507 1124 1676 1169 dicimus,

162 1182 338 1218 antitheta
364 1181 513 1218 illorum
541 1196 616 1220 non
643 1184 865 1233 permittere,
890 1189 932 1222 ut
960 1186 1174 1237 simpliciter
1194 1188 1297 1226 iuxta
1317 1188 1455 1226 nudam
1474 1190 1674 1226 verborum

160 1245 464 1293 significationem
499 1251 745 1296 exponantur.
775 1248 880 1285 Haec
907 1251 1007 1286 enim
1038 1264 1125 1288 vera
1154 1251 1264 1289 simul
1291 1265 1370 1290 esse
1397 1265 1473 1290 non
1499 1257 1672 1303 possunt:

163 1308 348 1346 Christum
367 1308 582 1353 Dominum,
601 1315 761 1361 quantus
776 1316 841 1358 est,
854 1326 873 1350 e
894 1314 995 1351 coelo
1011 1318 1131 1351 totum
1152 1316 1306 1353 missum
1333 1321 1368 1354 et
1387 1316 1514 1353 datum
1524 1329 1674 1362 esse,—

158 1377 206 1417 ct,
233 1372 401 1409 Eundem
426 1386 553 1410 rursus
580 1374 701 1424 ipsum
727 1375 767 1413 in
795 1376 913 1421 terris,
940 1377 979 1414 in
1000 1377 1155 1427 virginis
1173 1379 1302 1416 matris
1320 1385 1438 1425 utero,
1455 1384 1673 1430 conceptum

159 1448 202 1472 ae
229 1435 373 1472 demum
400 1436 439 1472 in
466 1436 658 1474 Bethleem
685 1438 795 1475 etiam
822 1444 952 1477 natum
980 1453 1070 1479 esse.
1107 1442 1214 1479 Prius
1241 1443 1356 1492 igitur
1384 1443 1480 1480 hanc
1505 1444 1674 1481 locorum

157 1500 437 1549 repugnantiam
472 1505 639 1550 oportere
674 1503 767 1547 tolli,
802 1503 914 1554 idque
948 1504 1051 1542 iuxta
1089 1506 1298 1557 Scripturae
1325 1521 1445 1551 usum,
1472 1521 1583 1558 quam
1609 1513 1673 1545 tua

158 1563 293 1600 nostris
321 1571 566 1614 opponantur.
603 1566 651 1603 Et
677 1567 729 1603 ita
757 1567 906 1604 interim
932 1569 1026 1614 tolli,
1051 1574 1093 1607 ut
1119 1575 1156 1608 et
1183 1571 1232 1618 (F
1261 1572 1362 1619 viiib)
1391 1577 1542 1609 tuorum
1568 1572 1671 1609 loeo·

157 1641 236 1663 111111
271 1632 305 1664 01
341 1634 551 1665 nostrorum
587 1630 854 1668 antithetormn
890 1632 1112 1671 inconeussa
1151 1635 1260 1672 simul
1289 1636 1422 1673 veritas
1448 1640 1672 1687 permaneat.

156 1691 296 1728 Deinde
330 1705 411 1728 011111
447 1693 518 1730 1001
552 1695 670 1731 nostri
705 1696 741 1732 in
781 1696 851 1733 1100
885 1698 1031 1747 proprie
1068 1699 1145 1736 sint
1180 1700 1333 1750 proditi,
1359 1700 1672 1750 quemadmodum

154 1755 227 1791 iam
262 1756 498 1802 ostendimus,
532 1763 574 1795 ut
610 1758 646 1796 et
683 1760 813 1797 seriem
839 1761 976 1811 pariter
1003 1762 1039 1800 et
1066 1764 1219 1801 modum
1248 1764 1472 1803 Dominicae
1498 1766 1671 1804 incarna-

153 1819 265 1856 tionis
291 1825 486 1870 exponant,
515 1823 609 1860 cirea
636 1837 746 1873 quam
773 1825 911 1876 alioqui
939 1827 1055 1864 solam
1082 1832 1209 1865 nostra
1237 1829 1297 1866 hic
1317 1831 1568 1868 controversia
1588 1845 1669 1869 ver-

154 1890 273 1929 satur3
302 1885 355 1921 tui
383 1898 466 1922 vero
493 1887 565 1923 loci
593 1888 684 1925 alios
712 1902 842 1939 scopos
873 1890 1133 1940 disputationis
1155 1906 1240 1931 suae
1258 1894 1430 1940 habeant,
1448 1916 1498 1923 —
1516 1896 1669 1946 aequius

154 1962 239 1985 sanc
274 1963 351 1986 esse
387 1950 552 1993 dicimus,
587 1955 628 1988 ut
661 1952 701 1989 in
736 1954 885 2003 proprio
912 1955 1080 1992 locorum
1108 1961 1321 1994 nostrorum
1350 1964 1568 2007 argumento
1595 1960 1670 1997 loci

154 2012 207 2048 tui
242 2026 260 2049 c
296 2014 431 2050 nostris
469 2015 559 2052 10015
594 2016 845 2060 aestimentur,
873 2023 982 2069 atque
1009 2024 1201 2071 troporum
1230 2023 1402 2060 remediis
1431 2024 1669 2061 emolliantur

156 2076 288 2124 potius,
324 2076 502 2126 siquidem
539 2091 622 2116 cum
659 2081 796 2118 nostris
835 2083 1036 2121 consistere
1071 2090 1268 2135 nequeant,
1306 2100 1416 2137 quam
1451 2091 1493 2125 ut
1520 2092 1668 2127 nostros

155 2139 254 2176 locos
287 2140 326 2177 in
359 2143 506 2191 proprio
541 2143 707 2193 ipsorum
734 2151 950 2194 argumento
979 2148 1136 2199 simplici
1165 2150 1363 2188 verborum
1395 2152 1668 2201 significatione

156 2202 310 2240 debeant
351 2206 518 2254 spoliare,
558 2208 773 2257 praesertim
816 2223 898 2248 cum
942 2212 1024 2250 aliis
1057 2218 1244 2263 praeterea
1280 2215 1473 2254 antithetis
1518 2217 1668 2255 aliunde

159 2279 301 2315 quoque
336 2275 606 2318 oppugnentur.
660 2272 864 2319 Postremo,
890 2278 931 2311 ut
957 2275 1031 2312 iam
1059 2276 1096 2315 et
1125 2278 1321 2316 Antitheta
1350 2279 1410 2316 1110
1437 2284 1563 2317 nostra
1591 2293 1667 2318 non

157 2334 345 2378 tantopore
378 2345 584 2379 urgeamus,
624 2334 659 2372 et
694 2336 765 2372 tibi
800 2336 950 2387 insuper
978 2339 1157 2378 donemus
1185 2342 1308 2386 etiam,
1334 2343 1409 2380 tuis
1435 2343 1527 2380 locis
1553 2356 1668 2394 aeque

157 2393 302 2442 proprie
343 2398 450 2443 atque
492 2397 627 2434 nostris
665 2400 814 2437 tractari
849 2408 1105 2449 argumentum
1142 2405 1410 2444 incarnationis
1447 2406 1598 2453 Christi,
1632 2411 1668 2445 et

158 2455 311 2504 proinde
338 2470 459 2505 parem
485 2460 650 2510 utrisque
686 2463 795 2500 etiarn
834 2465 1068 2504 autoritatem
1096 2468 1349 2515 decernamus,
1373 2491 1424 2498 —
1449 2470 1543 2508 illud
1572 2475 1668 2508 certe

161 2532 291 2567 negare
329 2532 401 2556 non
429 2523 575 2569 potoris,
601 2525 683 2574 plus
710 2527 819 2564 nobis
847 2529 1069 2568 credendum
1096 2545 1175 2570 esse
1201 2534 1367 2579 omnino,
1396 2534 1427 2571 si
1453 2542 1537 2572 tuos
1564 2536 1668 2574 locos

163 2595 243 2619 011111
280 2584 416 2620 11051115
444 2585 545 2622 iuxta
574 2588 626 2634 (G
652 2590 700 2636 ia)
729 2591 938 2642 Scripturae
966 2608 1074 2632 usum
1100 2601 1135 2634 et
1163 2598 1311 2648 quidem
1338 2599 1390 2637 ita
1417 2600 1668 2645 conciliemus,

159 2651 199 2682 ut
235 2652 474 2697 utrorumque
502 2651 633 2694 veritas
660 2653 836 2693 inviolata
863 2664 1087 2707 permaneat,
1113 2675 1223 2711 quam
1249 2663 1331 2708 tibi,
1358 2664 1434 2714 qui,
1459 2669 1501 2702 ut
1527 2664 1667 2702 nudam

156 2723 198 2746 ac
234 2711 434 2760 simplicem
463 2713 627 2751 locorum
654 2720 800 2755 tuorum
830 2721 1140 2770 significationem
1166 2727 1316 2770 tuearis,
1343 2741 1478 2766 novam
1503 2742 1667 2779 prorsus,

158 2773 320 2823 adeoque
363 2780 398 2812 et
441 2777 648 2827 Scripturae
681 2781 908 2831 incognitam
943 2788 1065 2827 adfers
1100 2790 1442 2841 interpretationem
1477 2797 1513 2831 et
1548 2807 1665 2833 novas

154 2836 261 2873 ctiam
287 2838 325 2876 in
355 2840 541 2889 Scriptura
567 2854 709 2891 pugnas
737 2847 838 2885 seris.
