1818 3178
593 106 808 141 arsronsm
836 108 933 136 Anv,
963 107 1131 135 uosmM.
1557 98 1627 133 395

101 213 199 252 niari
234 216 428 258 conantur,
465 212 614 263 illisque
651 211 818 262 exemplo
858 211 999 248 Christi
1035 209 1190 248 Domini
1226 209 1404 252 dicamus,
1442 207 1552 245 »Vos
1580 220 1624 245 ex

101 282 205 329 patre
241 277 400 315 Diabolo
437 277 566 323 estis”,
602 290 648 315 ne
674 280 709 314 et
735 276 867 314 Divini
894 275 1058 313 nominis
1085 275 1244 325 gloriam
1272 277 1308 312 et
1336 273 1527 312 doctrinae
1554 286 1625 310 no-

102 347 200 381 strae
234 343 430 393 cultusque
465 342 552 379 item
592 342 766 379 salutaris
793 341 985 378 veritatem
1021 345 1056 378 et
1085 339 1341 378 Ecclesiarum
1368 338 1528 387 denique
1556 350 1626 376 no-

101 412 260 444 strarum
298 406 518 455 dignitatem
556 411 682 444 nostra
720 410 957 456 praepostera
986 404 1169 442 modestia
1196 403 1354 455 prodere
1381 402 1543 441 voluisse
1570 401 1627 440 vi-

101 470 263 508 deamur.
291 469 447 508 Dabunt
473 471 600 521 itaque
625 470 770 508 veniam
797 469 920 515 nobis,
947 469 1084 520 quibus
1108 469 1204 506 forte
1223 468 1333 506 nimis
1352 467 1484 505 acerbe
1504 466 1627 504 Hosio

101 535 339 584 respondisse
374 535 596 579 videbimur.
631 540 666 573 et
703 548 780 572 non
816 539 893 571 tam
930 534 1040 571 nobis
1083 533 1225 584 alioqui
1268 533 1319 578 id,
1356 545 1468 583 quam
1504 532 1628 570 Hosio

101 599 236 650 potiuS,
273 600 337 651 qui
374 613 442 638 nos
479 601 555 639 suis
592 600 789 638 calumniis
825 612 868 637 ac
902 599 1141 651 praejudiciis
1177 599 1251 636 huc
1290 598 1469 647 adegerit,
1495 598 1629 646 im-(6)

103 664 302 714 putabunt.

155 728 262 766 Certe
297 742 367 778 ego
405 742 598 780 nunquam
625 734 813 780 putassem
840 728 880 766 in
917 741 980 766 ore
1017 741 1059 765 ae
1086 730 1235 778 pectore
1262 726 1366 764 bleso
1394 729 1541 764 tantum
1567 738 1631 763 ve-

101 793 284 831 rulentiae
319 797 430 845 atque
458 794 724 832 amarulentiae
752 793 916 838 subesse,
942 805 1053 843 quam
1082 791 1231 829 interim
1267 791 1319 828 ita
1346 791 1511 840 erupisse
1537 803 1631 839 gau-

105 858 187 903 deo,
214 873 300 896 nam
328 859 403 897 nisi
430 860 623 910 erupisset,
650 859 766 896 multo
792 857 987 895 nocentior
1003 856 1178 894 omnibus
1198 856 1269 893 sub
1289 856 1374 893 fuco
1393 854 1632 906 hypocriseos

102 924 229 960 futura
253 916 343 962 erat.
398 923 531 975 Neque
559 936 644 961 vero
673 923 822 972 singula
850 922 981 959 ordine
1007 933 1224 972 prosequar,
1253 932 1348 970 quae
1375 919 1414 957 in
1442 918 1632 969 praedicto

103 987 181 1025 eius
225 988 355 1024 libello
400 987 598 1032 habentur,
642 987 706 1024 sed
751 988 875 1024 fontes
913 986 1097 1023 duntaxat
1134 987 1442 1033 argumentorum
1480 995 1628 1020 suarum

102 1051 230 1101 paucis
266 1052 463 1099 excutiam,
499 1051 635 1102 quibus
671 1052 734 1089 ille
769 1051 904 1088 sibiet
941 1053 1069 1088 nostra
1106 1061 1342 1099 oppugnasse
1369 1050 1405 1085 et
1433 1060 1500 1084 sua
1527 1059 1634 1097 prae-

105 1116 203 1153 clare
238 1129 494 1167 propugnasse
523 1115 678 1155 videtur.
733 1114 930 1153 Subversis
957 1114 1055 1152 enim
1081 1113 1452 1162 argumentationum
1480 1124 1633 1149 suorum

103 1180 287 1225 fontibus,
323 1180 466 1231 reliqua
501 1184 630 1230 suapte
667 1184 799 1230 sponte
835 1181 1009 1216 corruent
1045 1178 1184 1221 omnia,
1220 1182 1255 1214 et
1283 1189 1360 1214 non
1390 1176 1544 1214 deerunt
1571 1175 1636 1213 alii

102 1244 275 1288 fortasse,
302 1246 365 1296 qui
395 1244 596 1283 versutiam
625 1257 668 1281 ac
696 1245 823 1281 fucum
853 1242 1029 1288 hominis,
1056 1242 1097 1287 in
1127 1241 1393 1292 detorquendis
1421 1239 1640 1291 Scripturae

103 1314 140 1347 et
177 1311 327 1347 Patrum
362 1310 602 1354 testimoniis,
639 1309 715 1347 suis
752 1308 942 1346 coloribus
971 1308 1186 1358 depingent.
1240 1306 1408 1343 Primum
1437 1309 1559 1343 autem
1588 1304 1633 1342 ad

102 1375 310 1426 exscriptos
338 1388 382 1412 ex
410 1375 551 1412 Albero
580 1376 627 1412 23
657 1374 846 1411 Articulos
875 1372 1122 1423 respondebo,
1150 1376 1192 1409 ut
1219 1370 1414 1409 ostendam
1435 1368 1638 1407 vanissima

103 1453 194 1483 esse,
229 1453 323 1490 quae
357 1438 469 1477 nobis
505 1438 707 1476 adversarii
736 1438 857 1476 nostri
885 1437 981 1475 salso
1010 1436 1243 1479 adscribunt,
1269 1456 1319 1463 —
1346 1433 1638 1485 Dominuslillis

104 1504 293 1554 ignoscat!
347 1504 492 1542 Deinde
537 1516 623 1542 vero
669 1503 891 1541 descendam
926 1501 973 1540 ad
1011 1501 1181 1538 libellum
1214 1500 1337 1551 ipsum
1374 1498 1500 1543 Hosii,
1536 1497 1637 1548 quod

103 1569 338 1620 qui-(7)dem
373 1569 421 1606 ad
455 1568 673 1620 praecipuas
701 1568 742 1605 in
768 1568 834 1605 illo
879 1565 1222 1616 argumentationes
1250 1569 1286 1602 et
1313 1564 1517 1601 intentatas
1544 1562 1638 1600 mihi

105 1634 308 1672 calumnias
343 1633 488 1679 attinet,
525 1637 564 1671 ut
596 1636 749 1682 gustum
787 1631 928 1682 alioqui
965 1630 1264 1680 qualemcunque
1301 1628 1462 1665 habeant
1499 1626 1551 1678 pii
1579 1627 1637 1664 vel

107 1696 276 1735 inscitiae
312 1697 441 1748 ipsius,
477 1696 625 1734 etiamsi
653 1695 928 1733 eruditissimus
957 1693 1077 1731 videri
1105 1692 1205 1738 velit,
1243 1691 1300 1729 vel
1328 1695 1426 1728 certe
1455 1695 1639 1728 extremae

107 1762 283 1805 malitiae,
319 1762 350 1800 si
387 1762 508 1800 sciens
544 1774 588 1799 ac
623 1761 753 1799 volens
789 1761 970 1810 agnitam,
996 1758 1096 1810 quod
1123 1759 1235 1807 longe
1263 1762 1318 1795 est
1344 1756 1510 1806 gravius,
1538 1755 1634 1793 veri-

105 1832 221 1866 tatem
249 1831 455 1879 oppugnat.

158 1893 229 1931 Sed
274 1893 368 1930 mihi
410 1892 513 1942 prius
558 1891 681 1929 adhuc
727 1890 901 1928 nonnihil
947 1894 1002 1928 est
1047 1888 1249 1927 dicendum
1294 1887 1339 1925 de
1375 1886 1634 1924 Articulorum

105 1958 264 1996 istorum
301 1970 347 1995 ex
383 1957 525 1994 Albero
561 1956 814 2006 exscriptione
846 1959 881 1993 et
909 1953 1162 2002 evulgatione,
1197 1965 1329 2002 nempe
1357 1963 1520 2002 quonam
1548 1963 1639 1987 con-

109 2023 194 2061 silio
220 2023 307 2060 illos
335 2021 575 2072 exscripserit
603 2021 746 2058 Hosius
775 2026 811 2058 et
837 2020 910 2057 buc
938 2019 1098 2064 demum,
1127 2021 1165 2055 ut
1191 2017 1232 2055 in
1259 2016 1393 2065 vulgus
1420 2028 1639 2066 spargeren-

107 2093 179 2134 tur,
214 2087 488 2144 transmiserit.
543 2086 660 2126 Male,
688 2086 786 2123 forte
825 2084 988 2122 habebat
1024 2084 1226 2128 hominem,
1262 2082 1363 2132 quod
1399 2081 1438 2118 in
1479 2079 1637 2131 patriam

108 2153 301 2192 rediissem
337 2156 422 2203 post
457 2156 626 2190 exortam
662 2156 698 2188 et
734 2150 795 2187 hic
829 2148 1047 2200 praesertim
1083 2147 1282 2196 Euangelii
1324 2145 1464 2184 Christi
1503 2145 1640 2189 lucem,

107 2219 364 2270 quae,oculos
392 2218 510 2268 ipsius
547 2215 686 2267 alioqui
714 2215 949 2266 perstringit.
1003 2214 1078 2252 Cur
1105 2213 1204 2251 enim
1230 2216 1426 2263 tantopere
1451 2210 1640 2248 laboraret

106 2284 146 2322 in
186 2282 416 2333 denigrando
454 2281 552 2332 apud
589 2294 717 2319 omnes
754 2293 837 2317 meo
872 2279 1036 2323 nomine,
1070 2282 1300 2329 quantopere
1337 2289 1422 2314 eum
1448 2275 1641 2313 laborasse

106 2355 142 2387 et
178 2349 307 2387 literae
342 2348 459 2400 ipsius
494 2347 541 2385 ad
575 2347 715 2384 multos
753 2345 911 2396 scriptae
947 2348 982 2382 et
1015 2344 1163 2381 libellus
1197 2343 1243 2380 ad
1280 2347 1488 2380 extremum
1522 2341 1640 2392 ipsius

108 2413 340 2464 apertissime
373 2412 589 2450 testantur?
644 2410 714 2448 Est
750 2413 873 2447 autem
910 2408 1055 2446 invisus
1082 2407 1228 2445 homini
1254 2407 1397 2445 reditus
1426 2406 1498 2444 huc
1524 2419 1641 2450 meus,

109 2479 197 2530 quia
232 2480 292 2526 (8)
328 2489 460 2514 causae
497 2488 583 2514 suae
617 2475 742 2512 diffisit
778 2484 814 2512 et
849 2473 993 2518 metuit,
1030 2485 1076 2510 ne
1110 2472 1322 2522 iniquitatis
1349 2484 1437 2509 suae
1464 2483 1638 2508 suorum-

108 2557 179 2594 que
215 2542 390 2592 mysteria
429 2540 547 2589 magis
582 2552 626 2577 ac
663 2538 781 2588 magis
819 2539 996 2576 omnibus
1032 2537 1283 2574 innotescant.
1337 2534 1441 2572 Hinc
1468 2547 1557 2572 sane
1584 2534 1638 2570 la·

110 2606 284 2655 chrymae
317 2603 421 2641 illius
459 2615 602 2646 omnes,
638 2605 830 2651 utcunque
864 2600 904 2637 id
941 2599 1163 2637 dissimulet.
1216 2596 1372 2648 Alioqui
1409 2596 1439 2634 si
1473 2596 1545 2633 hoc
1572 2595 1639 2632 bo-

110 2680 178 2725 pus
223 2667 356 2704 Pastor
398 2664 539 2701 scilicet
581 2675 658 2700 non
699 2661 843 2708 metuit,
882 2673 947 2698 cui·
983 2659 1142 2701 adventu
1178 2658 1251 2696 huc
1285 2671 1368 2696 meo
1411 2656 1638 2694 offenditur?

102 2736 171 2782 ‚aut
208 2731 239 2769 si
277 2743 352 2768 non
389 2728 600 2769 offenditur,
639 2740 702 2764 cur
740 2738 878 2764 nomen
912 2738 1035 2763 meum
1073 2723 1318 2761 mendacibus
1355 2726 1390 2759 et
1418 2720 1494 2758 suis
1521 2720 1640 2770 ipsius

111 2803 146 2834 et
180 2796 337 2833 aliorum
369 2793 563 2832 calumniis
591 2792 776 2830 infamat?
832 2790 1016 2841 Equidem
1042 2788 1082 2826 id
1107 2788 1288 2840 poscebat
1316 2786 1353 2824 et
1382 2790 1486 2823 vetus
1512 2788 1640 2822 nostra

109 2860 286 2903 amicitia.
323 2860 427 2898 cuius
463 2859 542 2910 ipse
570 2856 867 2896 studiosissimus
897 2854 1013 2892 videri
1040 2854 1202 2896 volebat,
1239 2853 1277 2890 et
1304 2851 1518 2890 Christiana
1546 2849 1639 2888 alio-
