1818 3178
159 123 299 153 cxvnt
803 110 1046 140 PRAEFATIO.

167 227 362 269 buissent.
425 222 565 264 Huius
605 217 772 273 generis
806 222 923 256 sunt:
977 214 1034 256 10.
1066 212 1290 253 Iuramenti
1311 214 1503 268 formula
1537 214 1583 266 ¹),
1615 215 1676 258 20.

169 296 415 352 Snpplicatz'o
446 295 501 334 ad
528 292 670 343 Beyem
702 287 870 329 Daniae
898 286 949 340 ²),
985 284 1045 326 30.
1079 283 1299 335 Responsio
1328 285 1385 325 ad
1411 284 1555 336 Reyem
1591 285 1678 326 Da-

167 370 259 411 niae
277 368 325 422 ³),
359 367 418 407 40.
453 363 580 404 Series
611 376 656 407 ag:
675 371 912 413 proffessus
947 355 1147 410 Colloquii
1175 370 1263 396 cum
1299 355 1466 396 Brentio
1484 355 1536 408 ⁴),
1561 355 1680 397 cuius

164 451 311 480 novam
344 448 518 489 eamque
552 430 763 472 meliorem
798 427 988 469 dedimus
1017 425 1316 477 recensionem,
1361 426 1420 467 50.
1459 425 1680 469 Consilium

175 510 229 551 acl
268 507 486 549 Ecclesiam
532 503 570 543 V
566 503 799 544 esaliensem
821 501 852 554 5)
884 505 924 540 et
956 500 1015 540 6⁰.
1048 496 1228 552 denique
1260 498 1477 550 Responsio
1508 500 1565 540 ad
1596 500 1678 541 Mi-

169 581 314 619 nistros
361 575 563 617 Ecclesiae
605 572 848 614 Prutewieae
880 569 930 625 6),
973 582 1100 623 quam
1141 583 1163 607 e
1195 582 1324 608 manu
1355 567 1511 623 scripto
1542 568 1682 611 codice

166 647 378 690 edidimus.
414 644 535 697 Quae
567 648 705 684 tamen
738 655 868 695 quum
900 654 1035 694 neque
1068 637 1342 693 Dogmaticis,
1374 653 1510 693 neque
1531 638 1678 681 Litur-

164 718 266 776 gicis
308 716 470 771 scriptis
516 713 636 755 adiici
682 717 852 768 possent
895 716 936 751 et
965 709 1169 765 pauciora
1198 715 1346 757 essent,
1378 723 1503 763 quam
1537 716 1583 752 ut
1612 725 1682 766 pe-

163 789 330 831 culiaris
361 787 408 828 iis
437 785 724 840 assignaretur
756 782 908 832 classis,
941 780 1227 837 Epistolarum
1247 779 1409 837 syllabo
1425 796 1474 823 ea
1493 796 1577 823 non
1593 787 1677 824 tam

160 860 310 914 inepte,
341 862 386 898 ut
417 855 594 905 videtur,
626 854 784 895 inserta
814 851 940 893 editio
971 857 1114 892 nostra
1145 849 1324 893 exhibet.

309 1132 376 1174 31.
437 1129 602 1172 VERSIO
634 1140 813 1169 BELGICA
844 1139 947 1168 N0v1
979 1140 1237 1168 TESTAMENTI
1271 1126 1350 1182 (ed.
1385 1127 1530 1183 1556).

213 1273 379 1316 Gellius
427 1270 660 1314 Ctematius
706 1286 742 1312 a.
788 1269 898 1311 1556
947 1267 1156 1324 belgicam
1190 1269 1287 1311 novi
1320 1270 1558 1312 testamenti
1591 1284 1680 1312 ver-

157 1345 317 1388 sionem
349 1342 474 1384 edidit
505 1341 581 1382 sub
613 1341 690 1383 hoc
723 1339 871 1382 titulo:

218 1417 304 1457 Het
351 1416 518 1455 Nienwe
564 1414 789 1455 Testament
835 1414 906 1454 dat
943 1413 999 1464 2⁶83
1035 1412 1125 1454 Het
1156 1412 1318 1454 Nieuwe
1358 1413 1538 1455 Verbond
1570 1427 1682 1455 onses

159 1488 321 1530 Heeren
352 1487 445 1528 Iesu
481 1486 646 1527 Christi.
680 1485 749 1527 Na
780 1486 849 1526 cler
881 1482 1115 1526 Griekseker
1144 1485 1340 1537 waerlceyt
1369 1484 1411 1525 in
1430 1483 1681 1526 Nederland-

156 1560 248 1600 solae
275 1558 416 1611 spralce
442 1556 647 1609 9r072dlz'olc
679 1556 758 1597 end
786 1554 988 1596 trouwlz'ek
1019 1554 1279 1606 ouerylceeett.
1317 1552 1465 1596 Coloss.
1490 1553 1529 1595 3.
1551 1569 1583 1596 o.
1609 1554 1676 1596 16.

157 1630 241 1672 Het
271 1629 378 1671 word
410 1627 555 1669 Christi
586 1641 689 1668 wone
717 1626 758 1667 in
788 1641 815 1666 u
847 1624 1020 1681 ryokliok
1049 1625 1091 1666 in
1124 1625 1288 1681 allerlegs
1319 1625 1517 1681 wyszlzeit.
1557 1623 1676 1666 Emb-

158 1700 236 1742 den
267 1701 312 1755 by
348 1698 502 1739 Gellius
537 1697 762 1748 ommatius,
797 1695 822 1738 3
852 1696 1041 1738 Novemb.
1073 1711 1110 1736 ιι.
1146 1696 1273 1738 1556.
1304 1696 1355 1737 In
1385 1696 1607 1738 duodecimo
1628 1697 1679 1751 ⁷).

220 1769 288 1812 Ad
328 1768 450 1810 fidem
493 1782 671 1825 graecae
716 1767 920 1818 editionis,
968 1782 1093 1822 quam
1127 1766 1339 1809 Robertus
1371 1765 1611 1823 Stephanus
1640 1782 1677 1812 a.

158 1840 270 1882 1550
300 1838 471 1881 Parisiis
501 1838 684 1888 excudit,
715 1837 877 1895 belgice
909 1854 1065 1880 novum
1098 1838 1226 1881 hocce
1257 1845 1551 1882 testamentum
1584 1855 1678 1882 ver-

155 1911 204 1953 tit
247 1910 526 1958 Utenhovius‚
578 1910 696 1952 cuius
737 1910 964 1966 primarius
1003 1909 1287 1952 collaborator
1326 1910 1406 1953 fuit
1446 1910 1679 1954 Godfridus

158 1981 372 2039 Wingius.
434 1980 496 2024 Ut
536 1987 675 2023 tamen
716 1981 803 2037 ipse
843 1982 885 2023 in
927 1981 1185 2037 praefatione
1217 1997 1292 2024 sua
1321 1981 1474 2024 diserte
1503 1989 1678 2025 testatur

156 2053 376 2108 interpres,
419 2052 530 2094 haud
576 2067 662 2094 uno
707 2052 875 2096 nomine
914 2053 1053 2095 Lasco
1098 2054 1223 2095 etiam
1255 2052 1456 2104 indebuit,
1489 2054 1560 2109 qui
1591 2069 1678 2097 una

155 2137 251 2165 curn
284 2123 459 2172 Delen0‚
493 2122 595 2174 aliis,
629 2123 829 2166 versionis
860 2124 1088 2181 specimina
1116 2124 1213 2181 plus
1243 2139 1331 2167 uno
1362 2124 1454 2167 loco
1476 2125 1678 2182 expolivit

155 2200 280 2250 atque
313 2195 503 2244 correxit,
535 2201 575 2237 et
605 2210 840 2252 numquam
870 2211 953 2238 non
987 2196 1200 2239 doctrinae
1233 2212 1333 2239 suae
1365 2198 1526 2254 copiam
1561 2212 1678 2253 prae-

156 2263 267 2306 luxit
296 2264 592 2322 interpretibus
622 2268 673 2322 ⁸).

198 2463 223 2501 ¹)
247 2463 275 2495 Ι.
296 2462 314 2493 ὲ.
338 2462 458 2501 Lisco,
486 2463 595 2504 Opera,
620 2463 689 2496 Vol.
712 2463 755 2497 II.
779 2475 809 2506 p.
834 2463 903 2497 547.

195 2517 225 2557 ¹)
248 2517 381 2556 Ibidem,
403 2529 435 2559 p.
458 2518 530 2550 680.

194 2572 222 2612 ³)
245 2573 378 2611 Ibidem,
401 2584 433 2615 p.
456 2573 526 2605 684.

195 2628 223 2666 ⁴)
246 2627 380 2665 Ibidem,
403 2638 436 2669 p.
458 2627 528 2659 724.

194 2683 222 2721 ¹⁵)
246 2682 380 2720 Ibidem,
404 2693 435 2724 p·
460 2682 531 2716 703.

194 2737 222 2776 ⁶)
246 2737 380 2775 Ibidem,
403 2747 434 2779 p.
458 2736 529 2770 705.

193 2791 222 2830 ⁷)
245 2791 288 2823 Is.
311 2800 352 2822 ms:
374 2791 482 2830 Loxe,
506 2791 663 2823 Boekzael
683 2792 737 2823 des
763 2793 1040 2836 Nederduytsclcen
1063 2795 1190 2837 Biy'bels,
1215 2807 1245 2838 p.
1268 2795 1341 2829 709.

244 2846 378 2885 Ibidem,
402 2857 433 2888 p.
455 2845 529 2879 710.
