1818 3178
576 117 627 143 nn
655 118 820 146 01101511
848 117 1166 145 INCARNA'HONE.
1582 108 1627 143 51

109 231 200 264 esse,
233 219 297 269 qui
323 218 500 256 adversus
538 218 739 268 scripturae
765 221 1002 258 autoritatem
1030 219 1109 257 Deo
1139 219 1195 257 vel
1219 218 1336 261 Patri,
1361 218 1419 255 vel
1444 217 1535 263 filio,
1563 218 1627 255 dc-

106 285 268 320 tractum
303 281 504 332 quidquam
540 283 641 328 velis,
668 288 703 321 et
729 284 886 334 proinde
912 288 949 322 tc
972 297 1048 321 non
1075 283 1234 334 amplius
1262 282 1300 319 id
1327 282 1510 320 facturum
1536 285 1627 332 puto

107 346 230 392 etiam,
265 350 306 384 ut
340 358 476 383 nomen
506 345 573 383 Dei
600 346 671 384 hoc
696 348 779 385 loco
807 348 853 385 ad
881 348 949 384 filii
983 360 1194 398 personam,
1229 350 1271 384 ut
1299 345 1471 392 diximus,
1496 346 1628 383 referri

110 410 242 448 debere
284 409 507 456 contendas;
545 410 575 447 si
611 424 696 448 vero
739 412 807 449 sub
844 411 914 449 Dei
953 412 1104 449 nomine
1140 410 1212 447 1100
1246 411 1328 447 1000
1365 410 1434 447 filii
1459 422 1630 460 persona,

108 488 240 525 nempe
267 475 430 520 verbum,
457 474 528 512 hoc
555 479 620 521 est,
648 477 763 513 altera
790 477 828 513 in
857 476 1005 514 Christo
1035 479 1180 521 natura,
1199 488 1275 513 non
1296 475 1532 524 intelligitur,
1550 488 1626 512 non

108 539 167 587 (H
196 539 268 586 vib)
304 539 425 584 video,
461 539 550 590 quid
586 541 689 578 locus
719 540 779 577 hic
806 541 911 577 Pauli
939 540 1115 577 adversus
1143 544 1310 577 nostram
1338 540 1547 578 doctrinam
1574 540 1630 577 fa-

106 603 192 649 ciat,
225 607 289 641 aut
316 603 492 641 adversus
521 604 727 654 syllogismi
754 604 871 642 nostri
898 603 968 641 tibi
994 603 1125 641 traditi
1153 603 1491 643 ratiocinationem.
1545 604 1630 640 Nos

105 668 205 706 enim
232 681 375 719 semper
403 669 594 706 docuimus
623 673 658 706 et
686 668 872 714 docemus,
886 667 1006 705 Deum
1029 667 1178 705 Patrem
1194 681 1274 705 esse
1293 672 1460 706 autorem
1481 672 1631 706 nostrae

104 746 169 784 per
205 733 395 771 Christum
422 734 751 776 reconciliationis,
778 733 841 770 sed
869 745 950 770 eam
977 732 1320 770 reconciliationem
1347 737 1492 783 partam
1520 733 1630 770 nobis

104 811 185 836 esse
210 802 330 835 morte
358 797 510 843 Christi,
537 811 609 848 qua
636 798 698 834 ille
724 797 827 834 iuxta
854 796 976 834 Patris
1005 795 1075 833 Dei
1100 796 1375 846 providentiam
1394 810 1437 834 ac
1456 798 1630 835 volunta-

104 866 180 900 tem
215 866 404 912 assumpta
440 875 549 899 carne
586 865 714 899 nostra
750 859 925 910 dependit
953 863 988 897 et
1015 859 1178 909 expiavit
1205 860 1241 896 id
1270 864 1402 905 totum,
1430 861 1528 910 quod
1559 874 1629 898 no-

106 930 203 964 strae
238 927 348 964 etiam
387 927 489 963 carni
527 926 672 963 decreto
711 925 777 961 Dei
815 928 966 974 propter
993 928 1160 960 nostram
1187 922 1480 961 inobedientiam
1508 925 1630 962 fuerat

106 990 362 1028 constitutum.
392 990 498 1027 Haec
525 1003 613 1027 sane
641 989 736 1026 nihil
762 988 860 1025 inter
888 1000 966 1024 sese
992 991 1174 1037 pugnant,
1203 986 1338 1024 nedum
1364 992 1406 1024 ut
1434 982 1471 1025 se
1498 993 1629 1026 mutuo

105 1068 182 1092 non
208 1056 342 1093 ferant.
381 1055 484 1092 Quin
513 1055 637 1105 potius
666 1053 861 1090 confirmat
889 1051 1099 1089 doctrinam
1125 1055 1294 1089 nostram
1321 1052 1392 1088 hoc
1419 1053 1503 1089 loco
1531 1053 1629 1090 Pau-

104 1118 183 1164 lus3
211 1122 285 1155 tres
313 1118 412 1155 enim
440 1117 550 1154 nobis
576 1116 765 1166 proponit,
792 1128 884 1165 quos
912 1115 949 1151 in
978 1114 1297 1152 reconciliationis
1325 1119 1475 1152 nostrae
1504 1117 1629 1153 consi-

105 1181 296 1219 deratione
331 1180 468 1218 intueri
502 1179 737 1230 potissimum
774 1179 962 1216 debemus.
1017 1179 1117 1215 Ante
1154 1178 1278 1215 omnia
1314 1178 1462 1215 Patrem
1498 1179 1632 1225 Deum,

105 1247 209 1284 cuius
234 1245 469 1297 providentia
495 1257 538 1280 ac
565 1244 756 1280 voluntate
783 1243 923 1280 sactum
951 1246 1018 1287 cst,
1034 1246 1076 1279 nt
1096 1241 1249 1279 verbum
1269 1255 1353 1279 caro
1369 1243 1484 1281 fieret.
1514 1243 1630 1281 Dein·

104 1310 149 1348 de
185 1323 270 1347 vero
307 1309 497 1346 Christum
533 1307 749 1352 Dominum,
785 1308 849 1357 qui
885 1311 1075 1357 assumpta
1111 1307 1232 1344 forma
1261 1311 1411 1345 nostrae
1439 1308 1629 1346 servitutis

101 1374 296 1422 (nimirum
340 1373 463 1410 carnis
504 1375 654 1409 nostrae
689 1370 918 1416 infirmitate,
954 1370 1267 1421 quemadmodum
1302 1371 1341 1408 id
1378 1372 1626 1419 ostendimus)

102 1439 200 1477 hanc
225 1438 345 1489 ipsam
371 1437 714 1475 reconciliationem
741 1436 779 1473 in
810 1449 919 1473 carne
946 1440 1076 1473 nostra
1103 1449 1167 1486 per
1196 1437 1362 1486 corporis
1391 1437 1447 1474 sui
1467 1437 1628 1475 hostiam

101 1503 256 1555 peregit.
308 1503 502 1540 Postremo
537 1505 661 1539 autem
698 1500 915 1551 Apostolos,
943 1500 1000 1548 (H
1029 1501 1115 1547 viia)
1152 1513 1245 1550 quos
1282 1501 1392 1538 Pater
1420 1501 1498 1552 ipse
1525 1501 1626 1539 Deus

101 1568 213 1606 etiam
241 1567 350 1604 huius
376 1565 693 1604 reconciliationis
719 1569 833 1602 testes
857 1577 900 1601 ac
926 1577 1103 1614 precones
1130 1568 1210 1602 toto
1238 1568 1420 1602 terrarum
1440 1565 1530 1603 orbe
1550 1579 1628 1603 esse

102 1633 233 1677 voluit,
268 1630 428 1669 demisso
456 1631 492 1667 in
523 1630 608 1667 illos
638 1628 778 1679 Spiritu
807 1632 949 1674 saneto,
977 1628 1100 1666 omnis
1129 1628 1294 1666 veritatis
1324 1629 1487 1674 doctore,
1515 1633 1554 1666 ut
1581 1629 1628 1666 il-

100 1696 224 1733 lorum
259 1695 469 1732 doctrinam
506 1707 582 1731 non
617 1706 685 1744 pro
723 1692 916 1730 hominum
954 1692 1125 1730 doctrina
1161 1692 1248 1734 iam,
1286 1692 1348 1730 sed
1384 1705 1451 1743 pro
1488 1693 1627 1730 Divina

102 1761 227 1812 potius
262 1759 455 1810 ipsiusmet
501 1758 661 1809 Spiritus
698 1757 818 1795 sancti
852 1770 917 1808 per
945 1770 1007 1795 eos
1042 1756 1230 1808 loquentis
1266 1770 1356 1794 voce
1394 1757 1628 1796 haberemus

105 1825 197 1862 Cum
231 1824 347 1873 igitur
384 1824 521 1861 Paulus
556 1826 723 1867 testetur,
759 1821 945 1859 Christum
976 1821 1181 1859 Dominum
1207 1825 1327 1859 morte
1355 1834 1432 1865 sua,
1468 1835 1561 1872 quae
1588 1822 1627 1859 in

103 1890 223 1928 Deum
241 1888 382 1927 ‚cadere
408 1901 485 1926 non
512 1891 647 1938 potest,
673 1886 1017 1924 reconciliationem
1046 1886 1143 1924 hanc
1168 1886 1366 1937 peregisse,
1392 1887 1628 1937 perspicuum

102 1958 158 1992 est
194 1953 385 1991 Christum
419 1952 522 1989 iuxta
559 1951 802 1989 humanitatis
840 1964 926 1988 suae
964 1955 1136 1988 naturam
1171 1951 1489 1988 reconciliationis
1518 1951 1627 1989 huius

102 2017 362 2062 ministerium,
389 2020 571 2066 quatenus
597 2028 665 2066 pro
693 2015 868 2053 omnihus
895 2019 1063 2053 mortuus
1088 2019 1156 2060 est,
1182 2015 1379 2065 peregisse.
1409 2016 1526 2065 Atqui
1554 2016 1627 2052 hoc

101 2082 223 2134 ipsum
249 2085 316 2124 est,
344 2080 442 2130 quod
471 2092 540 2117 nos
568 2080 782 2129 syllogismo
804 2082 932 2116 nostro
951 2091 1100 2129 quoque
1117 2078 1304 2124 docemus,
1321 2091 1452 2129 nempe
1470 2083 1628 2116 mortem

102 2147 207 2184 carni
233 2149 382 2184 nostrae
411 2144 663 2190 constitutam,
690 2144 727 2181 in
758 2156 867 2181 carne
893 2143 1004 2181 etiam
1032 2147 1160 2181 nostra
1187 2157 1208 2180 a
1235 2143 1312 2180 filio
1342 2143 1412 2180 Dei
1437 2147 1627 2193 assumpta

101 2224 166 2263 per
194 2210 360 2262 corporis
388 2209 444 2247 sui
470 2208 633 2246 hostiam
659 2208 885 2258 persolutam
911 2207 1171 2258 expiatamquc
1198 2220 1289 2245 esse.
1319 2207 1525 2244 Confirmat
1552 2207 1624 2256 igi-

101 2282 163 2316 tur
199 2277 261 2314 hic
295 2274 401 2313 Pauli
434 2275 539 2312 100οε
575 2273 784 2311 doctrinam
820 2276 999 2317 nostram,
1035 2271 1122 2309 dum
1157 2272 1270 2309 morti
1299 2271 1440 2309 Christi
1467 2271 1624 2309 ascribit

101 2340 458 2384 reconciliationem,
492 2350 586 2388 quae
622 2337 751 2374 cadere
779 2349 854 2374 non
880 2340 1004 2387 potest
1030 2336 1103 2374 nisi
1132 2336 1172 2380 in
1199 2349 1348 2373 carnem
1373 2340 1525 2387 peccato
1555 2336 1625 2373 oh-

102 2407 267 2452 noxiam,
312 2405 385 2442 hoc
429 2407 484 2441 est
528 2406 708 2447 nostram,
742 2401 986 2452 (stipendium
1022 2401 1121 2439 enim
1156 2401 1298 2451 peccati
1332 2403 1451 2448 mors)
1479 2401 1625 2439 etiamsi

103 2471 275 2509 Christus
302 2481 492 2518 nunquam
518 2470 725 2518 peccasset3
752 2469 902 2516 peccato
931 2467 1031 2503 enim
1058 2465 1263 2502 obnoxium
1282 2465 1343 2502 hic
1360 2465 1528 2511 dicimus,
1547 2478 1622 2502 non

103 2535 204 2587 quod
238 2534 297 2583 (H
324 2534 412 2580 viib)
448 2535 600 2583 peccato
638 2530 845 2568 subiectum
881 2530 939 2576 sit,
975 2530 1066 2577 (hoc
1102 2530 1203 2568 enim
1230 2543 1251 2567 a
1280 2529 1430 2568 Christo
1459 2530 1621 2567 Domino

101 2599 225 2638 modis
253 2598 426 2636 omnibus
454 2597 616 2634 alienum
643 2608 722 2633 esse
749 2594 904 2642 scimus)
932 2594 995 2632 sed
1023 2594 1124 2645 quod
1150 2606 1302 2645 peccare
1327 2594 1457 2644 possit.
1514 2593 1621 2630 Chri·

64 2676 72 2686 ·
103 2668 202 2702 stum
238 2667 361 2702 autem
397 2662 601 2699 Dominum
636 2659 741 2697 iuxta
776 2658 1020 2696 humanitatis
1058 2671 1144 2696 suae
1180 2662 1350 2697 naturam
1376 2670 1528 2708 peccare
1554 2671 1621 2707 po-

102 2728 230 2771 tuisse.
256 2731 440 2766 testantur
466 2725 706 2770 tentationes,
732 2723 866 2774 quibus
887 2723 999 2760 illum
1027 2723 1141 2761 Satan
1161 2723 1338 2768 exercuit,
1356 2735 1465 2773 quem
1484 2722 1624 2772 alioqui

103 2791 242 2832 Paulus
268 2792 348 2843 ipse
373 2794 554 2829 tentatum
583 2801 646 2839 per
674 2787 798 2825 omnia
821 2799 901 2824 esse
928 2786 1048 2825 docet.
1077 2787 1265 2825 Quorsum
1296 2787 1392 2823 onim
1422 2786 1559 2823 tentari
1578 2786 1642 2823 il->

1423 2850 1471 2889 4*
