1818 3178
569 143 621 169 DE
649 143 815 170 cumsrl
841 142 1159 170 INCARNATIONE.
1575 133 1622 169 33

99 244 203 282 nullo
230 256 382 295 prorsus
410 242 523 280 modo
550 243 762 284 admittant.
808 245 875 291 Ut,
903 245 1072 283 Christus
1100 243 1220 281 factus
1248 246 1302 281 est
1330 242 1541 281 duodennis
1573 244 1622 290 ι);

97 308 176 345 illic
212 321 299 346 sane
334 308 475 345 factum
512 321 589 345 esse
624 309 725 347 aliud
762 310 855 347 nihil
882 314 950 355 est,
976 322 1086 360 quam
1116 308 1277 359 coepisse
1304 320 1394 346 esse.
1448 307 1628 352 Rursum,

100 372 179 411 Qui
213 375 298 422 post
332 384 390 408 me
426 371 539 416 venit,
575 376 660 410 ante
696 386 754 411 me
791 374 911 411 factus
947 378 1001 411 est
1029 374 1082 421 ²);
1117 373 1188 410 hoc
1223 376 1292 417 est,
1326 375 1412 409 ante
1447 384 1505 408 me
1545 384 1626 408 esse

99 439 234 489 coepit.
262 438 467 481 Praeterea,
495 438 581 489 Ipse
611 439 704 476 dixit
731 444 766 477 et
794 440 892 476 facta
921 444 1007 476 sunt
1036 441 1088 486 ³);
1118 438 1188 475 hoc
1215 442 1282 484 est,
1310 440 1509 488 coeperunt
1535 448 1624 473 mox

98 515 188 540 esse.
217 502 326 547 Item,
354 501 526 539 Christus
555 503 676 540 factus
702 516 769 553 pro
799 503 907 540 nobis
934 502 1172 540 maledictum
1200 515 1264 539 seu
1284 501 1466 539 execratio
1484 501 1531 550 4);
1553 500 1624 537 hoc

96 570 165 613 est,
200 570 393 617 reputatus
431 566 684 612 maledictum,
711 567 861 604 habitus
889 579 956 617 pro
985 571 1168 609 exem-ato,
1196 579 1271 603 non
1298 570 1422 603 autem
1448 565 1488 602 in
1514 565 1625 602 male-

96 629 239 668 dictum
273 644 337 668 seu
364 631 638 669 execrationem
666 635 928 669 commutatus.
972 630 1073 667 Deus
1101 630 1221 668 factus
1250 634 1304 667 est
1331 643 1413 680 spes
1433 631 1478 677 ⁵),
1504 629 1626 666 factus

94 695 282 744 refugium
318 696 524 747 Prophetae
560 696 613 745 G);
651 696 723 733 hoc
758 699 813 733 est
849 695 1049 732 declaravit
1083 708 1120 732 se
1155 708 1233 733 esse
1260 708 1356 739 eum,
1392 695 1431 732 in
1467 706 1540 744 quo
1579 694 1626 730 sit

95 759 333 810 sperandum,
369 760 416 798 ad
443 773 554 811 quem
581 760 630 797 sit
659 758 965 808 confugiendum,
991 763 1027 796 et
1055 758 1134 795 eius
1163 759 1310 807 generis
1338 759 1467 796 multa.
1522 757 1628 795 Alibi

93 836 181 861 vero
211 823 282 860 hoc
320 824 483 862 narratio
522 824 704 862 duntaxat
733 823 786 860 rei
813 823 969 860 alicuius
997 823 1207 872 exponitur,
1232 826 1287 868 ut,
1315 823 1478 873 Nuptiae
1506 822 1626 859 factae

95 892 185 926 sunt
209 888 250 925 in
279 888 380 926 Cana
408 889 573 926 Galileac
600 890 654 936 ⁷);
682 888 754 925 hoc
788 892 856 933 est,
881 887 1156 938 peragebantur
1184 888 1346 937 nuptiae.
1376 888 1531 924 Factum
1557 890 1626 933 est,

93 955 136 988 ut
171 956 376 990 moreretur
419 952 612 990 mendicus
639 950 692 1000 S);
730 951 801 989 hoc
839 957 906 997 ost,
950 950 1096 996 accidit,
1131 954 1174 988 ut
1208 955 1425 997 moreretur,
1459 956 1496 989 et
1530 965 1624 1003 quae

93 1013 290 1052 innumera
325 1018 413 1052 sunt
451 1015 529 1052 eius
564 1014 711 1064 generis
747 1014 929 1064 exempla,
954 1014 994 1051 in
1022 1014 1158 1064 quibus
1186 1014 1357 1065 equidem
1383 1016 1623 1054 manifestum

94 1081 162 1124 est,
188 1091 252 1129 per
281 1079 435 1116 verbum
461 1081 620 1129 ἐγένετο
650 1078 755 1115 nullo
783 1079 894 1115 modo
924 1077 1114 1126 designari
1131 1078 1248 1115 ullam
1266 1083 1419 1116 naturae
1436 1090 1624 1118 transmu-

93 1141 143 1190 (E
174 1142 452 1190 viia)tationem.
511 1142 638 1181 Quare
681 1142 798 1180 debili
840 1142 1043 1180 admodum
1088 1143 1332 1180 fundamento
1377 1144 1557 1188 nitereris,
1595 1145 1626 1182 si

93 1206 286 1245 doctrinae
317 1214 401 1246 tuae
438 1207 763 1245 confirmationem
798 1207 846 1244 ab
884 1220 925 1244 eo
955 1207 1068 1245 verbo
1095 1213 1252 1257 peteres,
1280 1207 1381 1258 quod
1406 1209 1458 1246 ita
1486 1209 1626 1259 alioqui

92 1272 194 1310 varie
227 1273 266 1310 in
304 1272 505 1323 Scripturis
540 1271 732 1322 accipitur,
758 1275 800 1309 ut
826 1271 928 1309 illius
957 1272 1283 1320 significationem,
1310 1272 1623 1322 quemadmodum

96 1337 185 1383 dixi,
210 1337 288 1387 peti
314 1340 482 1387 oporteat
509 1336 566 1374 vel
594 1349 613 1373 e
640 1349 777 1381 rerum,
804 1349 897 1386 quae
926 1335 1201 1382 describuntur,
1229 1337 1539 1382 consideratione,
1567 1338 1625 1375 vel

94 1415 113 1440 e
150 1401 271 1439 verbis
308 1401 402 1443 aliis,
439 1414 533 1452 quae
568 1405 632 1439 aut
667 1404 961 1452 consequuntur,
987 1405 1051 1439 aut
1077 1401 1322 1452 praecedunt:
1350 1402 1487 1439 nedum
1512 1406 1555 1440 ut
1582 1416 1626 1440 ex

93 1479 135 1504 eo
174 1466 264 1504 certi
300 1465 491 1517 quidpiam
519 1465 633 1504 statui
666 1465 798 1516 possit.
854 1466 1060 1512 Caeterum,
1096 1469 1137 1503 ut
1171 1466 1352 1504 donemus
1376 1480 1441 1517 per
1468 1467 1623 1505 verbum

94 1534 256 1582 ἐγένετο
295 1531 576 1569 conversionem
613 1531 674 1568 hic
711 1531 910 1580 designari,
946 1531 1037 1568 adeo
1073 1531 1224 1568 interim
1251 1531 1346 1568 nihil
1373 1532 1483 1569 faciet
1510 1532 1625 1569 inter-

92 1597 251 1647 pretatio
298 1596 388 1634 haec
425 1596 472 1633 ad
509 1596 701 1647 doctrinae
735 1600 822 1633 tuae
858 1596 1179 1633 confirmationem
1217 1597 1260 1634 de
1298 1597 1436 1634 Christi
1472 1597 1625 1634 Domini

92 1659 364 1706 incarnatione,
399 1665 440 1698 ut
463 1660 566 1697 illam
593 1660 705 1697 etiam
732 1673 777 1697 ex
807 1660 951 1697 duabus
978 1660 1147 1710 partibus
1175 1661 1393 1710 gravissime
1421 1666 1622 1711 oppugnet.

93 1723 261 1761 Primum
287 1724 386 1762 enim
415 1724 503 1761 dum
531 1724 641 1762 doces
669 1724 824 1761 verbum
849 1724 890 1761 in
919 1737 1066 1761 carnem
1091 1725 1284 1762 transiisse
1312 1738 1376 1762 seu
1405 1738 1625 1762 conversum

93 1800 185 1833 esse,
212 1787 321 1825 simul
346 1788 563 1839 imprudens
591 1788 661 1826 hoc
689 1789 812 1834 efficis,
839 1802 916 1826 non
943 1789 1101 1840 amplius
1130 1789 1286 1827 verbum
1314 1802 1404 1835 esse,
1424 1789 1525 1840 quod
1542 1803 1622 1827 ver-

94 1853 185 1890 bum
211 1857 301 1898 erat,
329 1853 392 1891 sed
420 1866 586 1901 carnem;
615 1867 735 1904 neque
762 1854 861 1892 enim
889 1854 1082 1892 conversio
1110 1855 1187 1892 ulla
1214 1854 1295 1892 fieri
1322 1858 1460 1905 potest,
1479 1855 1551 1892 nisi
1569 1855 1621 1899 id,

94 1917 195 1968 quod
231 1921 322 1963 erat,
348 1921 390 1955 ut
417 1918 572 1970 incipiat
599 1932 691 1964 esse,
719 1919 820 1969 quod
848 1932 924 1956 non
952 1923 1061 1958 erat.'
1099 1920 1160 1956 Sic
1187 1933 1282 1957 uxor
1310 1919 1410 1958 Loth
1440 1933 1515 1958 non
1543 1933 1621 1957 am-

92 1982 190 2033 plius
226 1986 303 2020 erat
343 1995 439 2020 uxor
471 1983 585 2026 illius,
620 1983 687 2020 ubi
723 1987 846 2021 statua
882 1984 968 2021 salis
1004 1997 1085 2022 esse
1122 1985 1314 2036 coepisset,
1349 1998 1392 2022 ac
1428 1999 1474 2023 ne
1511 1985 1621 2022 homo

94 2047 245 2098 quidem
280 2047 404 2089 etiam,
441 2048 505 2085 sed
539 2048 618 2098 ipse
655 2048 720 2087 sal.
751 2048 812 2085 Sic
838 2052 875 2086 et
901 2049 942 2086 in
971 2049 1072 2087 Cana
1098 2049 1148 2098 (E
1179 2049 1265 2098 viib)
1292 2063 1387 2100 aqua
1414 2063 1490 2087 non
1517 2051 1619 2101 prius

93 2112 193 2150 facta
220 2116 275 2150 est
303 2112 442 2157 vinum,
469 2126 579 2163 quam
607 2112 775 2151 desiisset
802 2126 893 2157 esse,
921 2114 1022 2164 quod
1041 2118 1131 2160 erat,
1151 2118 1186 2152 et
1206 2115 1386 2165 coepisset
1404 2128 1495 2160 esse,
1517 2116 1618 2166 quod

94 2190 169 2214 non
206 2180 298 2215 erat.
352 2176 557 2227 Oppugnat
592 2176 708 2226 igitur
737 2177 928 2215 conversio
957 2178 1029 2215 hoc
1055 2179 1137 2215 loco
1167 2178 1377 2216 doctrinam
1403 2183 1519 2225 tuam,
1545 2193 1618 2230 qua

96 2240 218 2286 doces,
252 2240 443 2278 Christum
471 2240 572 2278 aliud
600 2241 695 2278 nihil
722 2254 801 2279 esse
829 2255 941 2286 nunc,
968 2255 1092 2292 quam,
1119 2242 1221 2293 quod
1249 2246 1327 2280 erat
1355 2243 1395 2280 in
1421 2244 1619 2295 principio,

94 2305 261 2350 verbum,
297 2318 417 2356 neque
451 2305 656 2356 quidquam
690 2306 837 2352 referre,
865 2307 1078 2352 verbumne,
1106 2321 1154 2345 an
1182 2321 1267 2345 vero
1297 2308 1486 2346 Christum
1516 2310 1620 2358 virgo

93 2374 212 2408 mater
241 2370 452 2421 concepisse
479 2369 636 2408 dicatur.
665 2369 809 2407 Deinde
834 2384 979 2421 pugnas
1005 2375 1130 2409 tecum
1155 2371 1233 2423 ipse
1259 2372 1373 2410 etiam
1396 2372 1502 2411 iuxta
1524 2375 1621 2412 hanc

92 2435 452 2487 interpretationem,
481 2434 570 2472 dum
598 2435 753 2472 verbum
779 2435 820 2473 in
848 2449 996 2474 carnem
1021 2436 1226 2480 transiisse,
1253 2441 1288 2475 et
1317 2451 1464 2476 carnem
1481 2440 1619 2477 nihilo-

94 2499 219 2536 minus
246 2511 266 2536 6
294 2497 436 2548 Spiritu
463 2501 591 2535 sancto
622 2497 819 2535 deductam
847 2511 926 2536 esse
953 2499 1076 2538 doces.
1106 2499 1238 2550 Neque
1265 2500 1364 2538 enim
1391 2501 1463 2539 hoc
1477 2502 1618 2553 patitur

93 2563 174 2614 ipsa
202 2563 455 2601 conversionis
483 2565 627 2608 natura,
653 2565 708 2606 ut,
736 2562 836 2612 quod
863 2563 905 2600 in
931 2563 1033 2601 aliud
1059 2564 1219 2602 transire
1246 2564 1367 2610 debet,
1394 2565 1433 2603 id
1459 2567 1622 2611 aliunde,

96 2641 208 2678 quam
244 2640 288 2666 ex
327 2641 417 2670 sese,
443 2627 482 2664 in
511 2639 554 2664 eo
581 2625 661 2677 ipso
691 2626 747 2663 sui
774 2626 925 2665 initium
953 2631 1087 2675 sumat,
1112 2628 1151 2666 in
1178 2629 1278 2680 quod
1305 2631 1464 2668 transire
1491 2631 1620 2678 debet3

95 2693 408 2743 quemadmodum
443 2691 482 2730 in
521 2692 621 2730 Cana
651 2691 815 2729 Galileae
853 2705 949 2743 aqua
976 2692 1050 2730 dici
1077 2707 1152 2732 non
1179 2697 1325 2744 poterat
1352 2695 1451 2733 facta
1478 2695 1619 2741 vinum,

140 2846 164 2884 ¹)
189 2845 264 2878 Luc.
287 2847 315 2878 2.
408 2847 434 2885 ²)
459 2846 546 2877 Ioan.
571 2844 599 2877 l.
686 2845 711 2884 ³)
736 2844 819 2877 Psal.
843 2845 882 2876 32
906 2846 982 2885 (33).
1067 2847 1094 2886 ⁴)
1119 2847 1187 2880 Gal.
1211 2848 1238 2880 3.
1325 2850 1350 2888 5)
1375 2848 1457 2880 Psal.
1482 2848 1520 2880 60
1544 2850 1619 2890 (61).

137 2901 164 2940 6)
188 2901 271 2935 Psal.
295 2902 334 2933 93
359 2903 423 2942 (94)
448 2902 497 2944 [in
520 2902 594 2934 edit.
618 2902 720 2933 Bonn.
744 2901 828 2934 Psal.
851 2901 916 2943 86.]
1024 2903 1050 2943 ⁷)
1074 2903 1162 2936 Ioan.
1185 2904 1214 2937 2.
1321 2905 1347 2944 8)
1373 2905 1447 2936 Luc.
1473 2906 1520 2938 16.

146 2956 181 2999 I.
1448 2965 1470 2999 3
