1818 3178
752 105 810 134 ΕΡ.
840 103 982 132 noc'rn.
1563 93 1636 129 525

107 212 144 247 et
179 212 344 247 mutuam
380 208 551 245 locorum
580 206 834 248 collationem.
863 208 948 254 (31)
1002 205 1169 244 Primum
1197 207 1321 242 autem
1350 202 1559 241 adferemus
1585 215 1641 248 ea,

109 273 248 324 quibus
276 285 346 310 nos
372 271 718 323 paedobaptismum
749 274 919 309 nostrum
949 270 1227 308 confirmamus.
1257 267 1403 306 Deinde
1429 278 1517 305 vero
1547 279 1641 317 quae

109 338 156 375 ab
185 335 407 375 adversariis
435 336 666 374 obiiciantur
693 336 918 374 refellemus.
947 337 1113 384 Agemus
1141 346 1228 372 vero
1258 333 1357 371 bona
1386 332 1458 369 fide
1485 337 1521 369 et
1547 343 1640 382 pau-

110 402 175 448 cis,
209 407 251 440 ut
287 401 351 452 qui
389 413 466 439 non
501 404 580 439 tam
617 401 662 438 de
705 413 860 438 numero
904 403 1211 449 argumentorum
1258 398 1305 435 ad
1349 395 1641 435 ostentationem

107 478 220 517 quam
256 464 301 502 de
338 464 475 502 virtute
511 465 636 515 potius
672 464 719 502 ad
755 465 919 502 fructum
957 463 1118 514 aliquem
1156 461 1368 500 faciendum
1398 460 1642 510 cogitandum

107 542 186 567 esse
212 535 406 580 putamus:
435 529 676 580 pondererari
703 542 745 566 ea
771 529 957 566 malumus
985 541 1096 579 quam
1124 525 1325 566 numerari.

158 593 325 632 Primum
360 594 477 643 igitur
512 607 532 633 e
569 593 765 644 scripturis
804 593 875 630 hoc
922 593 1124 630 habemus:
1163 592 1293 629 Unum
1329 603 1409 629 esse
1450 590 1643 641 utriusque

108 658 297 697 Ecclesiae
324 662 515 696 aeternum
544 665 657 709 atque
684 658 957 696 immutabilem
985 657 1121 701 Deum,
1146 669 1261 694 unam
1289 668 1355 706 per
1382 655 1576 693 Christum
1602 654 1642 691 in

108 722 212 760 illum
251 723 443 773 utriusque
479 722 670 760 Ecclesiae
703 722 827 765 fidem,
863 735 975 760 unam
1011 721 1051 759 in
1087 725 1245 771 utraque
1272 719 1443 757 Ecclesia
1471 718 1644 770 proposi-

106 791 184 825 tam
229 786 543 837 promissionibus
587 786 720 824 salutis
757 791 908 824 nostrae
944 785 1142 829 rationem,
1179 784 1342 835 denique
1379 797 1492 821 unam
1530 783 1643 821 unius

106 854 284 901 perpetuo
312 849 383 887 Dei
412 854 606 901 utramque
633 849 856 888 Ecclesiam.
884 849 1023 887 Paulus
1052 861 1138 886 vero
1169 848 1278 886 docet
1305 847 1502 899 proposito
1531 846 1644 885 nobis

107 912 404 950 circumcisionis
450 913 621 963 exemplo
668 916 899 950 sacramenta
936 913 1162 962 σφραγῖδας
1210 923 1291 948 esse
1327 913 1480 947 nostrae
1516 909 1646 946 salutis

106 976 329 1028 oblataeque
365 976 404 1014 in
442 977 594 1014 Christo
632 976 781 1015 divinae
817 989 906 1026 erga
942 988 1012 1014 nos
1048 975 1206 1024 gratiae.
1261 974 1438 1026 Appellat
1465 973 1578 1019 enim,
1604 977 1646 1010 ut

106 1044 213 1077 antea
246 1053 394 1091 quoque
424 1040 600 1086 diximus,
627 1040 717 1078 fidei
743 1040 927 1078 iustitiam
956 1053 1036 1077 eam
1066 1039 1138 1077 Dei
1165 1039 1205 1076 iu
1233 1051 1303 1076 nos
1334 1037 1647 1083 benevolentiam,

106 1117 180 1155 qua
216 1117 285 1142 nos
319 1105 385 1142 ille
419 1109 573 1156 propter
609 1105 731 1143 filium
767 1118 890 1147 suum,
925 1104 1017 1142 olim
1055 1103 1294 1155 promissum,
1323 1115 1427 1140 nunc
1454 1115 1541 1140 vero
1569 1102 1646 1140 iam

105 1168 328 1215 exhibitum,
364 1173 545 1220 acceptat,
585 1182 629 1207 ac
666 1168 786 1206 iustos
823 1168 915 1206 adeo
953 1167 1000 1206 ad
1036 1167 1196 1205 salutem
1232 1169 1381 1218 reputat
1407 1166 1536 1212 etiam,
1563 1178 1647 1203 cum

106 1237 231 1271 tamen
269 1239 403 1271 natura
441 1237 571 1271 nostra
599 1232 702 1270 aliud
730 1245 807 1270 non
835 1244 963 1270 sumus
990 1243 1101 1282 quam
1128 1235 1355 1282 peccatores,
1384 1229 1415 1267 si
1449 1229 1506 1267 illi
1532 1227 1646 1266 modo

107 1312 182 1337 non
210 1312 363 1350 prorsus
390 1298 612 1337 diffidamus
666 1297 787 1335 Docet
813 1296 904 1335 item
931 1300 1057 1348 patres
1085 1300 1237 1334 nostros
1265 1294 1422 1333 eandem
1448 1293 1646 1331 nobiscum

105 1374 228 1400 escam
257 1361 487 1413 spiritualem
517 1362 638 1399 edisse
664 1365 701 1399 et
732 1361 832 1399 idem
867 1360 1008 1398 bibisse
1045 1360 1234 1411 poculum,
1271 1371 1403 1410 nempe
1440 1358 1645 1397 Christum.

105 1426 187 1465 Iam
224 1426 281 1464 his
315 1426 369 1464 ita
396 1426 527 1477 positis
555 1431 668 1477 atque
695 1426 878 1477 scriptura
908 1425 1153 1470 confirmatis,
1180 1425 1233 1462 ita
1262 1424 1412 1462 demum
1441 1435 1517 1461 non
1546 1435 1635 1460 sane

103 1505 150 1530 ex
178 1491 340 1529 humana
366 1490 610 1542 Philosophia
639 1490 703 1528 sed
730 1504 750 1528 e
779 1489 882 1528 verbi
910 1489 1028 1528 divini
1055 1489 1256 1527 autoritate
1278 1487 1638 1538 argumentabimur.

107 1559 142 1596 l.
172 1557 344 1595 Quorum
370 1569 468 1594 unus
504 1561 559 1594 est
585 1561 762 1607 perpetuo
791 1560 964 1594 aeternus
992 1559 1102 1605 atque
1128 1553 1376 1593 immutabilis
1413 1553 1527 1599 Deus,
1562 1565 1639 1590 una

105 1621 273 1659 omnium
309 1621 440 1658 salutis
467 1621 514 1658 ab
543 1625 695 1659 aeterno
722 1620 762 1659 in
791 1620 942 1658 Christo
970 1619 1163 1671 proposita
1191 1618 1301 1664 ratio,
1328 1631 1402 1656 una
1431 1617 1537 1663 fides,
1562 1629 1639 1654 una

106 1685 287 1731 Ecclesia,
320 1684 419 1723 idem
458 1685 663 1736 spiritualis
700 1684 806 1723 cibus
845 1697 888 1722 ac
924 1689 1049 1735 potus,
1084 1696 1215 1721 eorum
1252 1695 1329 1720 non
1366 1688 1523 1733 possunt
1559 1693 1639 1719 esse

105 1750 179 1788 nisi
197 1749 326 1788 eadem
343 1749 454 1788 etiam
472 1753 713 1788 sacramenta.
744 1753 779 1789 2.
800 1749 1028 1787 Iudaeorum
1046 1748 1184 1800 pariter
1211 1761 1254 1786 ac
1284 1747 1514 1785 Graecorum
1542 1759 1638 1784 unus

104 1820 215 1865 atque
250 1813 350 1851 idem
384 1819 564 1865 perpetuo
593 1814 706 1859 Deus,
732 1827 808 1852 una
836 1815 884 1852 ab
912 1818 1063 1851 aeterno
1093 1812 1224 1850 salutis
1250 1812 1292 1850 in
1321 1812 1472 1850 Christo
1500 1824 1639 1862 propo-

105 1879 176 1917 sita
203 1878 310 1925 ratio,
341 1892 411 1916 una
441 1878 546 1924 fides,
573 1892 645 1916 una
673 1878 841 1916 Ecclesia
868 1878 1042 1929 idemque
1082 1877 1287 1928 spiritualis
1315 1876 1421 1914 cibus
1448 1889 1492 1913 ac
1515 1881 1638 1927 potus.

106 1945 141 1983 3.
164 1944 266 1993 Ergo
291 1944 519 1982 Iudaeorum
537 1943 676 1995 pariter
694 1957 738 1981 ac
757 1944 986 1982 Graecorum
1014 1955 1092 1980 non
1119 1948 1277 1994 possunt
1303 1955 1383 1980 esse
1411 1941 1484 1979 nisi
1511 1940 1639 1979 eadem

105 2007 217 2046 etiam
237 2012 545 2048 sacramenta.—
566 2008 689 2046 Maior
709 2014 792 2060 apte
810 2008 1007 2046 deducitur
1023 2021 1068 2046 ex
1088 2021 1198 2059 supra
1227 2007 1375 2058 scriptis
1402 2007 1642 2052 testimoniis,

105 2074 179 2113 nisi
207 2074 239 2112 si
266 2083 498 2112 sacramenta
527 2078 656 2112 nostra
684 2088 805 2126 neque
833 2074 880 2112 ad
907 2074 1179 2124 fidem,·neque
1206 2073 1253 2112 ad
1279 2073 1502 2118 Ecclesiam,
1521 2085 1640 2124 neque

104 2139 151 2177 ad
187 2139 416 2191 spiritualem
451 2140 554 2178 illius
588 2152 711 2178 escam
748 2144 813 2177 aut
848 2144 979 2191 potum
1015 2139 1146 2178 referri
1183 2139 1340 2177 omnino
1378 2138 1549 2184 velimus,
1576 2138 1640 2176 sed

103 2209 184 2243 tum
210 2205 320 2259 plane
348 2218 396 2244 ne
423 2209 656 2243 sacramenta
684 2204 835 2256 quidem
861 2209 983 2244 erunt.
1038 2204 1227 2242 Minorem
1262 2204 1400 2255 probat
1427 2208 1508 2242 tota
1535 2202 1641 2241 Pauli

104 2269 152 2307 ad
186 2268 404 2308 Rhomanos
442 2270 616 2321 epistola.
672 2269 787 2308 Quod
816 2269 847 2307 si
876 2270 1002 2308 eadem
1032 2269 1108 2307 sint
1134 2269 1329 2320 utriusque
1359 2269 1550 2307 Ecclesiae
1578 2282 1639 2307 sa·

104 2338 304 2380 eramenta,
330 2334 396 2385 qui
422 2334 503 2372 fieri
523 2334 559 2372 id
580 2333 653 2372 iam
681 2337 818 2385 potest,
845 2338 885 2372 ut
913 2333 1151 2372 commutatis
1179 2334 1329 2372 illorum
1359 2333 1541 2384 symbolis
1569 2333 1641 2372 alia

105 2397 187 2436 aliis
225 2411 301 2436 non
340 2399 571 2437 succedant?
608 2403 673 2437 aut
710 2398 742 2436 si
770 2398 987 2444 succedunt,
1015 2411 1090 2450 quo
1117 2402 1226 2450 pacto
1256 2398 1416 2443 demum,
1443 2398 1509 2450 qui
1535 2412 1641 2437 man·

105 2461 192 2500 dato
233 2462 300 2500 Dei
336 2462 384 2500 ad
422 2475 531 2500 usum
567 2463 719 2501 illorum
746 2462 996 2501 admittuntur
1023 2463 1064 2501 in
1093 2468 1213 2500 vetere
1241 2463 1422 2508 Ecclesia,
1450 2462 1563 2501 iidem
1590 2463 1639 2501 ab

103 2540 147 2566 eo
174 2528 273 2580 apud
301 2541 369 2566 nos
397 2528 510 2566 hodie
537 2530 760 2567 arceantur?
788 2528 833 2566 Id
854 2528 1026 2580 equidem
1052 2532 1253 2580 utrumque
1279 2528 1518 2580 probandum
1546 2533 1641 2567 esset

104 2593 340 2640 adversariis,
383 2594 601 2645 priusquam
646 2593 858 2632 encomium
911 2598 1060 2640 canant,
1109 2607 1192 2631 cum
1240 2607 1310 2632 nos
1356 2599 1392 2632 et
1426 2595 1555 2632 eadem
1600 2593 1639 2631 in

103 2661 260 2709 utraque
295 2657 465 2696 Ecclesia
493 2663 727 2697 sacramenta
755 2671 834 2696 esse
861 2671 906 2696 ex
934 2657 1135 2709 praedictis
1164 2658 1390 2696 testimoniis
1417 2662 1454 2696 et
1481 2657 1641 2696 eundem

102 2722 255 2760 illorum
290 2735 399 2760 usum
436 2722 591 2761 retineri
625 2722 760 2761 debere
803 2722 1014 2762 doceamus.
1067 2724 1191 2774 Atque
1218 2722 1428 2774 optandum
1456 2727 1512 2760 est
1539 2735 1642 2766 sane,

103 2791 145 2824 ut
181 2792 246 2825 aut
283 2787 355 2825 hoc
393 2788 491 2826 clare
528 2792 564 2826 et
602 2787 772 2826 delucide
800 2787 951 2833 faciant,
980 2794 1046 2826 aut
1075 2801 1121 2826 ne
1147 2787 1307 2839 amplius
1335 2785 1543 2825 Ecclesiam
1571 2786 1641 2824 Dei

103 2851 292 2892 scindunt.
348 2852 421 2891 Sed
451 2852 510 2891 hic
540 2853 794 2904 respondenti
823 2852 863 2890 Si
890 2853 988 2892 idem
1017 2866 1103 2892 usus
1132 2866 1211 2892 esse
1240 2853 1372 2892 debeat
1401 2851 1576 2907 baptismi
1604 2853 1640 2894 et
