1818 3178
1554 97 1626 135 301

107 218 304 262 credimus,
339 223 430 254 tum
466 221 637 252 sanctam
673 213 827 252 Domini
858 225 1008 250 carnem
1037 216 1070 250 et
1090 224 1182 262 pre·
1234 212 1299 248 aut
1325 221 1363 247 se
1389 209 1544 260 ipsemet
1561 220 1631 245 no·

104 283 242 320 ciosum
270 282 346 320 eius
373 281 591 328 sanquinem
626 280 754 317 adesse
784 286 815 316 el
842 279 937 315 sumi
962 279 1000 314 in
1021 277 1176 314 Euoha·
1230 275 1374 312 biscum
1404 286 1476 310 una
1505 272 1631 310 haere·

104 348 226 391 ristz'a,
262 346 454 396 quando
486 345 687 394 peraqitur
723 344 921 382 secundum
964 344 1039 381 eius
1076 342 1180 379 insti·
1234 352 1316 377 seos
1374 339 1632 375 Sacramenta·

106 412 291 448 lutz‘onem.
1236 404 1312 441 riae
1323 403 1557 446 condemnet,
1570 405 1634 438 aut

1236 481 1304 505 nos
1333 479 1456 505 secum
1485 472 1557 503 una
1584 465 1632 502 ab

106 537 172 575 illa
201 536 344 575 liberet.
400 536 482 574 Nos
510 536 607 574 enim
636 535 733 573 idem
761 535 870 586 plane
898 538 933 572 et
962 533 1156 571 docuimus
1184 545 1326 583 semper
1354 536 1389 568 et
1416 543 1517 569 nunc
1545 542 1634 567 con-

110 604 250 640 stanter
280 601 466 646 docemus,
494 600 593 651 quod
622 599 682 636 hic
709 598 968 648 Paragraphus
998 597 1177 642 continet,
1205 595 1276 633 nisi
1295 595 1324 633 si
1342 594 1552 642 west-(fol.
1569 595 1635 641 51)

107 666 241 717 phalus
286 665 325 703 in
363 665 439 703 suis
474 665 590 715 ipsius
628 663 750 702 verbis
787 675 903 700 novas
937 675 1082 698 rursum
1120 660 1280 698 latebras
1325 672 1499 710 quaerere
1536 658 1636 696 velit.

110 729 263 768 Etenim
303 730 333 767 si
371 742 454 767 vere
490 728 661 778 agnoscit
688 740 769 765 eum
799 739 878 764 esse
906 725 1114 775 legitimum
1141 724 1361 762 Dominicae
1388 723 1637 760 ordinationis

110 807 220 832 usum
255 794 294 831 in
334 794 457 831 Coena
494 807 574 838 sua,
611 793 686 830 sive
713 792 753 829 in
780 790 1029 835 Eucharistia,
1055 794 1096 826 ut
1125 790 1329 833 credamus,
1357 802 1489 839 corpus
1517 788 1637 838 ipsum

111 863 147 897 et
183 859 403 907 sanguinem
444 857 581 895 Christi
619 855 772 893 Domini
808 860 918 905 atque
946 853 1037 891 adeo
1065 854 1265 904 ipsummet
1294 852 1482 889 Christum
1511 851 1640 888 adesse

112 928 148 961 et
186 924 280 960 sumi
317 922 354 960 in
386 935 452 959 sua
482 922 604 959 Coena
634 920 710 957 sive
737 918 988 962 Eucharistia,
1015 921 1094 955 tum
1122 917 1349 968 praesertim,
1379 929 1461 953 cum
1489 929 1530 953 ea
1556 928 1639 965 per·

113 988 238 1037 agitur
266 987 367 1024 iuxta
398 985 536 1023 Christi
556 984 709 1022 Domini
727 982 1016 1025 institutionem,
1033 1003 1084 1010 —
1104 994 1246 1031 nosque
1264 981 1301 1017 id
1323 993 1464 1031 semper
1484 979 1639 1029 agnovi-

113 1065 196 1089 mus
234 1056 344 1101 atquc
383 1050 455 1086 hoc
491 1048 728 1099 potissimum
764 1046 915 1084 nomine
951 1045 1170 1096 particulam
1210 1058 1310 1082 cum
1346 1045 1386 1081 in
1421 1046 1642 1092 Augustana

116 1115 361 1153 Confessionc
397 1113 444 1150 ad
482 1117 626 1163 tempus
664 1111 842 1161 mysticae
876 1110 916 1147 in
946 1110 1069 1146 Coena
1107 1109 1266 1146 actionis
1293 1108 1430 1159 potius,
1458 1121 1567 1158 quam
1596 1107 1643 1144 ad

114 1181 195 1230 ipsa
231 1180 378 1217 Coenae
411 1178 593 1215 elementa
627 1177 797 1213 locumve
835 1175 873 1212 in
902 1174 977 1211 illis
1005 1175 1120 1212 ullum
1150 1173 1381 1211 referendam
1407 1186 1486 1210 esse
1514 1172 1643 1209 docui-

117 1258 213 1290 mus,
238 1265 287 1272 -
316 1242 489 1280 ostendat
518 1241 771 1291 Westphalus,
800 1253 864 1276 cur
892 1240 930 1276 id
958 1239 996 1276 in
1024 1238 1134 1276 nobis
1163 1238 1324 1282 damnet,
1352 1237 1451 1288 quod
1471 1237 1530 1273 hic
1546 1237 1645 1288 ipse-

117 1311 192 1346 met
230 1307 366 1344 diserte
402 1307 610 1357 profitetur,
647 1304 721 1342 nisi
756 1304 789 1342 si
817 1316 925 1341 voces
953 1303 1036 1340 illas
1064 1308 1159 1340 tum
1189 1309 1223 1339 et
1251 1301 1447 1352 quando
1477 1300 1523 1338 ad
1550 1306 1644 1338 tcm-

115 1385 186 1424 pus
229 1372 352 1423 ipsum
391 1371 536 1409 Coenae
573 1369 649 1408 sive
685 1369 946 1407 Eucharistiae
983 1367 1195 1405 referendas
1231 1380 1310 1404 esse
1345 1371 1467 1415 neget,
1503 1379 1549 1403 ne
1584 1369 1646 1402 aut

119 1436 282 1487 seipsum
327 1434 526 1473 nobiscum
571 1434 759 1479 damnare,
796 1438 858 1471 aut
896 1446 964 1471 nos
1001 1446 1123 1470 secum
1163 1446 1236 1469 una
1270 1432 1429 1469 liberare
1467 1431 1645 1468 videatur.

120 1498 304 1536 Ostendat
331 1498 433 1543 item,
460 1510 534 1548 quo
562 1502 672 1548 pacto
701 1509 808 1534 usum
839 1495 1088 1532 ordinationis
1116 1494 1336 1531 Dominicae
1362 1494 1400 1531 in
1432 1493 1555 1530 Coena
1582 1505 1647 1529 sua

118 1563 261 1613 negligi
288 1577 309 1600 a
344 1563 454 1600 nobis
483 1562 595 1608 dicat,
622 1576 641 1598 a
671 1575 708 1599 se
737 1574 823 1599 vero
852 1560 1054 1603 observari,
1083 1573 1165 1597 cum
1195 1558 1289 1597 nihil
1317 1558 1417 1595 aliud
1447 1558 1506 1595 hic
1530 1571 1647 1607 agno-

121 1626 211 1673 scat,
248 1642 360 1679 quam
394 1631 430 1665 et
468 1640 536 1664 nos
577 1639 719 1678 semper
747 1625 980 1674 agnovimus.
1037 1624 1186 1662 Quodsi
1213 1623 1301 1660 iude
1329 1622 1485 1671 colligit,
1514 1635 1648 1673 corpus

120 1698 157 1732 et
183 1693 401 1743 sanguinem
432 1691 573 1730 Christi
602 1691 755 1728 Domini
783 1704 822 1728 re
847 1690 940 1741 ipsa,
968 1692 1034 1729 διὰ
1063 1692 1198 1736 ε’ῑὲους,
1225 1689 1263 1726 in
1291 1701 1385 1739 pane
1406 1688 1551 1725 Coenae
1571 1699 1650 1724 csse

120 1760 322 1809 (quatenus
367 1757 506 1808 ubique
542 1758 629 1802 est),
672 1755 711 1792 in
748 1768 844 1806 pane
877 1755 968 1792 item
1005 1753 1211 1804 dispensari
1250 1757 1285 1790 et
1322 1752 1428 1798 sumi,
1464 1756 1542 1789 tum
1579 1764 1649 1788 nos

122 1823 218 1861 nihil
246 1822 354 1860 huius
383 1822 429 1860 ab
458 1823 539 1873 ipso
569 1821 629 1858 hic
658 1821 940 1858 commemorari
970 1819 1139 1863 dicimus,
1167 1823 1202 1856 et
1230 1818 1474 1856 nihilominus
1504 1817 1573 1854 hoc
1590 1816 1652 1865 agi

122 1888 169 1925 ab
206 1888 283 1933 illo,
318 1891 361 1924 ut
399 1887 443 1924 de
479 1899 547 1923 usu
584 1885 804 1923 Dominicae
838 1885 1088 1922 ordinationis
1116 1888 1213 1921 recte
1243 1883 1378 1920 sentire
1405 1882 1522 1919 videri
1549 1881 1651 1919 velit.

126 1952 347 1990 Collectioni
383 1965 469 1989 vero
504 1952 624 2002 ipsius
661 1964 737 1988 non
775 1951 1011 1991 assentimur,
1050 1949 1079 1986 si
1107 1949 1146 1986 in
1183 1961 1277 1999 pane
1312 1948 1391 1998 ipso
1428 1948 1560 1997 reipsa,
1588 1950 1652 1986 Bab,

126 2019 264 2063 ε’ίδους,
302 2029 434 2067 corpus
473 2015 612 2053 Christi
647 2014 731 2052 ideo
767 2028 846 2052 esse
882 2013 1088 2064 dispensari
1124 2019 1159 2050 et
1196 2012 1292 2049 sumi
1321 2011 1524 2055 contendit,
1553 2009 1653 2061 quod

123 2081 218 2118 illud
231 2081 352 2124 nobis,
372 2081 562 2132 quando
591 2092 641 2117 co
655 2093 706 2117 en
720 2094 740 2117 a
767 2079 1042 2130 peragitur,
1062 2091 1145 2115 vere
1163 2077 1203 2114 in
1224 2077 1348 2114 cibum
1369 2077 1465 2114 vitae
1482 2081 1652 2113 aeternae

125 2146 307 2190 exhiberi,
341 2150 377 2183 et
419 2158 502 2183 vere
548 2158 568 2182 a
596 2144 707 2182 nobis
735 2157 798 2181 ore
824 2144 911 2181 fidei
940 2147 1090 2181 nostrae
1118 2142 1268 2190 su-(fol.
1298 2141 1418 2189 52)1ni
1445 2140 1652 2178 credamus.

127 2210 209 2248 Nos
237 2210 335 2248 enim
365 2222 489 2247 veram
515 2221 558 2246 ac
587 2209 785 2246 salutarem
815 2207 980 2258 corporis
1009 2212 1044 2245 et
1074 2206 1265 2255 sanguinis
1295 2204 1436 2242 Christi
1463 2204 1538 2242 veri
1566 2217 1650 2254 par-

122 2275 378 2326 ticipationem
415 2274 454 2311 in
485 2274 607 2311 Coena
636 2272 833 2311 statuimus
860 2285 923 2323 per
949 2271 1061 2308 fidem
1091 2284 1170 2307 curn
1201 2269 1383 2307 catholica
1411 2268 1550 2306 Christi
1579 2267 1651 2304 Ec-

129 2340 251 2383 clesia,
286 2339 433 2377 etiarnsi
468 2339 507 2376 in
547 2338 693 2376 Coenae
728 2337 920 2375 elementis
948 2336 1090 2373 nullam
1117 2335 1266 2372 illorum
1297 2333 1561 2385 quoquomodo
1591 2346 1656 2370 ne·

128 2419 200 2457 que
235 2405 392 2442 localem
420 2404 682 2448 inclusionem,
708 2415 826 2453 neque
852 2402 1075 2439 immensam
1103 2400 1362 2451 praesentiam,
1388 2400 1503 2436 multo
1533 2398 1656 2436 minus

129 2475 253 2509 autem
291 2482 524 2507 communem
563 2468 664 2506 illam
693 2467 817 2518 impiis
843 2466 981 2518 pariter
1008 2479 1050 2504 ac
1078 2465 1148 2517 piis
1175 2464 1510 2516 participationem,
1539 2476 1655 2513 agno-

127 2549 287 2573 scamus.
342 2534 437 2572 Inde
472 2546 558 2571 vero
595 2533 704 2570 facile
739 2536 794 2570 est
831 2531 966 2577 videre,
1001 2535 1082 2568 uter
1116 2536 1298 2576 nostrum,
1330 2541 1449 2578 egone
1486 2542 1531 2565 an
1571 2540 1654 2565 vero

129 2600 368 2651 Westphalus
403 2598 539 2650 potius,
576 2597 773 2635 formulam
811 2596 1005 2641 sermonis,
1042 2595 1144 2632 cuius
1173 2594 1352 2638 meminit,
1379 2594 1528 2631 obtorto
1559 2593 1654 2630 collo

124 2665 166 2703 in
204 2678 312 2702 suum
346 2664 470 2702 trahat
506 2675 704 2706 carcerem,
738 2661 891 2699 inducto
929 2660 984 2698 illi
1021 2673 1118 2697 novo
1156 2672 1267 2696 sensu
1303 2662 1338 2696 et
1374 2658 1519 2695 invecta
1557 2669 1653 2694 nova

129 2728 301 2766 doctrina
335 2728 379 2766 de
414 2727 621 2779 praesentia
658 2726 734 2764 sive
770 2725 880 2763 locali
917 2725 994 2762 sive
1030 2725 1211 2762 immensa
1249 2723 1414 2774 corporis
1452 2721 1590 2760 Christi
1617 2722 1657 2759 in

129 2806 225 2844 pane
260 2794 417 2836 Coenae,
453 2805 496 2830 ac
533 2790 721 2829 communi
757 2789 882 2841 impiis
918 2788 1056 2840 pariter
1091 2792 1200 2838 atque
1227 2787 1298 2838 piis
1326 2787 1426 2824 illius
1454 2786 1657 2823 manduca·

130 2858 245 2905 tione,
289 2871 365 2896 non
413 2858 523 2895 modo
569 2856 761 2905 incognita
801 2854 1015 2892 Catholicae
1051 2852 1192 2891 Christi
1227 2850 1429 2898 Ecclesiae,
1466 2851 1528 2889 sed
1565 2863 1658 2904 quae
