1818 3178
1523 79 1596 118 279

70 190 116 229 Si
149 190 345 237 furoribus
373 189 482 227 Arrii
507 190 614 227 hodie
640 192 765 230 adhuc
791 198 882 230 esset
908 193 1130 240 opponenda
1181 191 1230 229 ad
1247 204 1354 242 quem
1374 190 1527 228 modum
1546 203 1588 228 o-

67 256 197 304 alz'qua
234 255 428 304 confessio,
463 267 514 291 an
551 255 734 293 Nicenam
762 257 863 293 illam
898 270 971 293 non
999 257 1123 294 liceret
1171 255 1588 304 limArria-(fol.13)nis

67 317 281 367 opponere?
322 320 384 355 An
407 318 530 366 potius
556 319 734 357 similibus
763 321 999 365 clamoribus,
1028 334 1122 369 qua·
1176 320 1361 357 Nicenum
1376 319 1587 369 symbolum

67 383 118 419 les
152 388 238 420 sunt
273 382 679 428 Sacramentariorum,
712 390 928 432 pateremur
963 397 1028 421 nos
1057 385 1125 421 ab·
1179 398 1200 421 a
1237 383 1376 421 sanctis
1413 383 1587 421 Patribus

68 446 168 490 duci,
211 458 255 482 ue
289 445 505 482 audiremus
542 446 835 496 obiur9atz‘one1n
872 449 1020 492 duram,
1057 462 1123 486 nos
1176 448 1445 499 opponebatur,
1464 447 1504 484 id
1519 460 1588 497 ego

65 504 250 547 hominum
278 511 420 559 scripta
448 523 632 559 opponere
662 512 869 550 Arrianis?
1172 513 1243 564 piis
1279 513 1453 551 omnibus
1485 513 1588 563 judi-

1176 578 1338 615 candum
1403 578 1590 628 relinquo.

1174 641 1353 692 Exempla
1363 641 1462 679 enim
1469 642 1587 680 West-

1173 705 1278 755 phali
1307 709 1343 743 et
1370 719 1523 743 suorum
1549 706 1588 744 in

1178 782 1248 807 nos
1267 773 1490 821 nostrosque
1509 770 1588 808 edi-

1178 839 1216 872 ta
1244 847 1322 872 non
1349 835 1506 873 obscure
1533 839 1588 873 te-

1175 901 1335 943 stantur,
1377 911 1451 949 quo
1498 911 1587 936 con-

63 959 146 998 silio
191 960 302 998 nobis
347 974 368 998 a
404 960 623 1011 Westphalo
669 960 893 1009 Augustana
928 960 1127 999 Confessio
1166 967 1387 1013 opponatur.
1443 963 1585 1003 Deinde

63 1023 236 1062 ostendat
271 1023 523 1075 Westphalus‚
559 1024 596 1062 et
630 1036 668 1062 se
705 1036 790 1061 cum
824 1024 899 1061 suis
927 1025 1159 1074 syncretistis
1186 1030 1335 1076 patrum
1360 1027 1522 1073 illorum,
1549 1032 1585 1065 et

61 1101 131 1125 nos
171 1088 420 1127 Arrianorum
467 1088 551 1126 loco
596 1101 687 1133 esse,
733 1100 816 1125 cum
862 1092 985 1139 patres
1026 1089 1192 1140 plerique
1230 1104 1358 1128 omnes
1395 1092 1586 1133 doctrinae

63 1152 349 1203 Westphalicae‚
392 1165 487 1203 quae
528 1153 638 1190 nobis
674 1165 757 1190 cum
792 1152 874 1203 ipso
912 1157 1153 1192 controversa
1188 1158 1256 1199 est,
1290 1155 1517 1193 unanimiter
1553 1160 1588 1193 et

61 1217 258 1254 manifeste
285 1221 492 1268 repugnent
520 1220 762 1267 nostramque
790 1216 1001 1255 doctrinam
1027 1223 1276 1269 propugnent.
1321 1220 1512 1257 Postremo
1540 1219 1586 1256 li-

62 1279 121 1316 bri
154 1279 227 1330 ipsi
262 1280 413 1317 Patrum
440 1283 639 1325 testantur,
666 1293 757 1317 num
785 1280 864 1318 sola
892 1281 1037 1319 Nicena
1065 1282 1273 1329 Confessio,
1300 1283 1453 1334 eiusque
1479 1288 1587 1322 auto·

59 1344 151 1381 ritas
188 1345 358 1395 opposita
394 1348 472 1382 tum
507 1345 621 1383 fuerit
659 1345 843 1391 Arrianis,
879 1349 915 1383 et
943 1347 1093 1397 quidem
1120 1360 1162 1385 eo
1193 1348 1363 1395 consilio,
1390 1354 1429 1386 ut
1455 1353 1585 1397 tyran-

60 1422 196 1448 norum
229 1410 400 1447 lanienae
427 1411 693 1460 objicerentur.
747 1411 802 1448 Ut
828 1411 979 1448 interim
1005 1417 1159 1459 taceam,
1186 1413 1296 1450 nobis
1325 1417 1584 1463 Augustanam

60 1472 346 1511 Confessionem
381 1473 533 1524 opponi,
562 1473 622 1510 cui
650 1486 719 1511 nos
748 1474 1032 1521 subscribimus,
1057 1489 1128 1526 qua
1155 1480 1260 1526 parte
1286 1476 1396 1514 nobis
1425 1477 1583 1527 opponi-

59 1540 134 1582 tur,
175 1540 212 1575 et
254 1536 300 1574 ab
341 1537 501 1588 ipsomet
548 1537 766 1588 Westphalo
813 1551 856 1575 ac
893 1539 968 1576 suis
1006 1539 1215 1577 doctrinam
1248 1541 1350 1578 illius
1388 1541 1580 1591 depravari

58 1602 304 1647 ostendimus,
332 1602 478 1640 etiamsi
504 1602 606 1640 illius
634 1615 672 1640 se
698 1607 995 1653 propugnatores
1023 1617 1103 1641 esse
1125 1605 1281 1653 jactent.
1311 1605 1468 1642 Utinam
1496 1618 1581 1642 vero

60 1667 173 1705 semel
207 1666 408 1718 aliquando
446 1667 485 1704 id
521 1668 599 1710 fiat,
625 1670 667 1704 ut
696 1667 789 1704 seria
816 1667 985 1705 modesta
1013 1671 1049 1706 et
1077 1668 1290 1706 Christiana
1319 1669 1493 1706 tractatio
1523 1683 1582 1706 sa-

60 1732 325 1770 cramentariae
362 1731 478 1781 hujus
508 1731 782 1770 controversiae
809 1745 854 1769 ex
883 1733 995 1770 verbo
1024 1733 1093 1771 Dei
1119 1733 1337 1771 instituatur
1364 1734 1404 1771 in
1429 1734 1583 1771 lenitate

57 1801 94 1835 et
127 1797 300 1835 libertate
335 1797 564 1842 Christiana,
600 1796 712 1847 inque
738 1796 802 1834 illa
829 1810 907 1834 non
932 1801 1011 1835 tam
1037 1798 1208 1849 equidem
1235 1798 1442 1843 hominum,
1470 1812 1582 1850 quam

56 1861 184 1913 potius
212 1861 281 1899 Dei
308 1861 436 1907 solius,
462 1861 582 1911 gloria
610 1865 821 1912 quaeratur.
848 1862 931 1910 (fol.
963 1864 1028 1910 14)

1203 1928 1336 1966 Ioan.
1364 1927 1387 1965 ὲ,
1413 1927 1580 1967 Lasco.

567 1992 602 2027 8.
1212 1991 1295 2028 Imo
1340 2004 1425 2028 vero
1471 1991 1581 2029 bilem

428 2053 756 2104 Westphalus.
1175 2055 1236 2092 hio
1271 2068 1375 2092 suam
1412 2055 1584 2094 cohibeat

112 2119 374 2168 Reprelzendat
410 2131 507 2155 mmo
545 2119 692 2154 Alomus
720 2120 786 2156 isle
814 2120 1025 2168 Epi-scopos
1052 2133 1111 2157 ve-
1164 2119 1406 2157 Aristarchus
1425 2120 1505 2166 iste,
1516 2121 1580 2170 qui

57 2186 145 2221 teris
185 2183 388 2222 Ecclesiae.
425 2184 488 2230 qui
523 2195 604 2218 eam
620 2183 749 2228 fidem,
779 2195 874 2230 qnae
903 2185 939 2218 z'n
968 2183 1118 2230 Synoclo
1171 2184 1583 2232 nequesecumsanctis

59 2251 200 2286 Nz‘ceae
229 2250 392 2291 collecta,
421 2249 624 2283 docuerunt
653 2260 724 2290 eos,
752 2249 816 2296 qui
833 2249 886 2283 arl
906 2249 1115 2284 Ecclesiam.
1167 2247 1241 2284 illis
1261 2247 1447 2291 Patribus,
1463 2261 1582 2298 neque

58 2314 201 2351 assumi
236 2312 445 2360 cupiebam,
479 2318 511 2348 et
545 2319 731 2360 suspectos
767 2312 811 2348 de
840 2313 947 2348 Arrii
973 2312 1120 2349 haeresi
1169 2324 1236 2348 nos
1249 2324 1328 2348 oum
1341 2312 1522 2357 Arrianis,
1535 2313 1584 2349 si-

61 2385 232 2416 urserunt
269 2378 321 2413 acl
341 2377 470 2423 fidem.
525 2377 655 2424 Neque
681 2383 923 2424 susceperunt
951 2390 1022 2422 eos,
1052 2378 1126 2413 m‘sz'
1176 2376 1264 2413 milc
1290 2376 1494 2426 quidquam
1514 2377 1581 2414 ha·

58 2443 329 2488 conficerentur,
364 2454 401 2477 se
427 2442 540 2488 juxtra
579 2441 689 2477 verba
726 2442 864 2477 Ne'cene'
897 2441 1060 2488 symbols,
1091 2447 1122 2477 et
1174 2440 1271 2485 bere,
1294 2440 1424 2478 dooerc
1447 2445 1582 2491 potest,

49 2509 162 2557 juxta
199 2507 429 2548 z'ntelleclam,
457 2506 522 2554 qai
539 2518 612 2553 per
639 2506 751 2542 verba
779 2506 842 2542 illa
869 2506 1115 2553 siqnificacur,
1168 2505 1232 2542 sed
1268 2505 1411 2542 cavillis
1456 2506 1583 2544 sannis

62 2573 224 2610 credere.
1167 2575 1202 2606 et
1264 2569 1441 2607 conviciis
1503 2571 1580 2617 agit

1168 2634 1306 2676 omnia,
1332 2639 1374 2672 ut
1393 2649 1438 2672 ne
1454 2639 1580 2673 mutus

1170 2698 1351 2743 videatur,
1371 2699 1515 2736 etiamsi
1526 2700 1583 2736 ni-

609 2802 614 2808 ·
1170 2762 1222 2799 hil
1252 2762 1397 2808 habeat,
1425 2763 1523 2812 quod
1542 2764 1582 2802 in

58 2840 126 2866 nos
154 2827 435 2877 doctrinamque
463 2830 629 2865 nostram
657 2825 776 2864 dicere
803 2827 934 2866 merito
964 2827 1092 2877 possit.
1147 2828 1238 2866 Non
1265 2828 1380 2878 igitur
1407 2841 1475 2866 nos
1504 2829 1572 2866 Pa-
