1818 3178
418 70 470 98 Du
499 68 785 100 SACRAMENTIS
815 71 1036 100 EchESIAE
1063 71 1245 100 CHRISTI.
1526 62 1597 99 231

123 173 422 226 Approbavimus
456 171 572 221 igitur
605 171 692 218 iam,
733 176 788 224 ut·
812 187 931 226 spero,
965 174 1176 212 doctrinam
1213 176 1381 212 nostram
1408 173 1453 211 de
1481 185 1596 210 coena

67 239 166 278 iusta
194 251 236 276 ac
263 237 429 288 legitima
457 236 658 275 verborum
687 250 832 284 coenae,
859 238 962 278 iuxta
988 239 1210 277 familiarem
1237 237 1440 290 scripturae
1474 249 1597 280 usum,

68 303 316 355 explicatione
348 305 384 339 et
421 305 670 340 consentanea
706 303 936 354 reliquorum
971 303 1050 341 eius
1089 303 1237 354 generis
1264 303 1433 341 omnium
1461 303 1595 340 Sacra-

66 370 280 406 mentorum
315 365 526 404 collatione.
582 365 825 405 Ostendimus
859 367 961 414 item,
996 381 1069 418 qua
1103 368 1144 406 in
1181 371 1286 418 parte
1313 366 1592 418 simplicitatem

65 429 385 481 interpretationis
421 428 520 480 apud
555 442 618 467 eos
654 431 896 481 requiramus,
931 431 1030 482 quod
1067 431 1115 470 ad
1142 431 1253 470 verba
1282 443 1419 469 coenae
1446 429 1593 471 attinet,

66 495 132 546 qui
176 507 214 532 se
256 493 357 531 illius
399 494 550 531 nomine
595 493 773 533 hactenus
819 495 1078 542 venditarunt,
1123 495 1176 533 sic
1220 498 1261 533 ut
1306 494 1482 545 aequiora
1526 506 1596 532 nos

67 560 241 610 deinceps
285 558 433 609 piorum
475 558 644 597 omnium
684 559 822 598 iudicia
866 573 931 611 per
965 559 1036 598 Dei
1078 561 1239 609 gratiam
1284 560 1479 597 habituros
1515 572 1595 596 esse

67 637 147 663 non
182 623 408 661 dubitamus.
463 622 512 661 Et
547 628 589 661 ut
624 624 736 665 finem
763 624 837 661 iam
864 623 1017 662 tandem
1044 628 1194 662 nostrae
1220 624 1331 662 huius
1358 623 1593 661 tractationis

69 688 260 726 faciamus.
314 687 488 725 Vidimus
524 700 601 725 non
636 700 753 738 usque
780 687 871 725 adeo
901 687 1086 725 difficilem
1123 688 1164 726 in
1192 701 1230 725 se
1256 701 1335 726 esse
1364 700 1509 725 causam
1537 690 1597 724 to-

79 766 147 791 :am
174 753 272 791 hanc
300 752 638 799 sacramentariam,
675 766 770 803 quae
798 765 882 789 cum
910 751 1127 801 vulgaribus
1155 753 1264 803 plane
1291 756 1401 803 atque
1428 765 1447 790 e
1474 751 1596 789 media

76 816 176 865 nebo
210 816 336 868 petitis
373 816 504 865 signis,
540 816 633 853 citra
669 815 974 860 controversiam,
1011 818 1157 853 constet
1183 828 1229 853 ex
1253 815 1322 854 Dei
1347 815 1465 866 ipsius
1493 814 1595 852 ordi-

78 881 235 919 mtione.
280 881 433 918 Certum
467 883 535 924 est,
570 892 651 918 eam
677 880 774 918 nihil
800 880 840 918 in
869 892 906 917 se
934 879 1161 917 difficultatis
1188 879 1338 925 habere,
1365 879 1438 917 nisi
1465 882 1595 929 quate-

78 956 141 982 1113
178 944 219 982 in
252 944 355 981 illam
390 943 564 980 inimicus
599 942 662 980 ille
698 942 810 980 homo
847 955 913 980 sua
948 941 1094 979 zizania
1125 941 1276 987 insevit,
1313 942 1480 992 quinon
1508 940 1599 978 alibi

77 1009 210 1046 maiore
246 1012 384 1047 conatu
420 1008 497 1045 fere
534 1007 724 1045 doctrinae
758 1006 957 1058 puritatem
993 1006 1137 1051 infecit,
1172 1019 1214 1044 eo
1256 1006 1357 1057 quod
1394 1019 1471 1044 non
1509 1005 1602 1043 alibi

78 1075 181 1112 nobis
216 1074 328 1112 etiam
361 1085 510 1110 omnem
546 1072 676 1110 salutis
710 1076 860 1110 nostrae
894 1071 1078 1110 rationem
1115 1071 1250 1109 clarius
1286 1072 1508 1122 patefactam
1544 1083 1601 1115 ac,

78 1139 172 1176 ve'ut
200 1137 268 1176 sub
296 1137 459 1186 imagine
487 1137 570 1185 (fol.
601 1138 711 1184 13912)
739 1135 901 1187 quadam
929 1135 1122 1185 signorum
1149 1135 1367 1181 visibilium,
1394 1135 1442 1173 ob
1472 1135 1600 1172 oculos

77 1203 181 1240 nobis
219 1201 422 1239 clarissime
456 1201 616 1251 positam
653 1214 733 1238 esse
770 1200 922 1238 videret.
978 1199 1151 1237 Vidimus
1177 1200 1279 1245 item,
1316 1200 1415 1237 unde
1442 1200 1602 1250 primum

78 1271 153 1305 ort¹L
191 1267 266 1305 sint
302 1267 392 1304 haec
428 1265 472 1303 de
508 1279 547 1303 re
584 1265 880 1303 Sacramentaria
909 1264 1074 1304 dissidia.
1118 1265 1262 1316 Nempe
1299 1279 1343 1303 ex
1372 1265 1474 1302 varia
1502 1264 1603 1302 vocis

79 1331 304 1369 Saeramenti
338 1335 424 1368 ante
461 1330 586 1368 omnia
623 1330 877 1381 usurpatione,
913 1344 986 1381 qua
1022 1331 1164 1368 factum
1200 1333 1255 1368 est
1293 1334 1433 1381 postea,
1471 1334 1510 1367 ut
1538 1330 1602 1367 alii

75 1396 153 1446 plus
189 1409 320 1447 aequo,
346 1395 410 1433 alii
437 1408 523 1433 vero
551 1396 689 1441 minus,
716 1395 923 1433 tribuerent
951 1395 1068 1445 signis
1097 1396 1438 1433 Sacramentorum.
1480 1397 1602 1433 Aucta

76 1473 158 1498 vero
196 1474 275 1498 esse
311 1460 472 1497 vidimus
518 1460 608 1498 haec
644 1459 799 1497 dissidia
835 1473 879 1498 ex
917 1473 994 1498 non
1031 1460 1120 1498 satis
1158 1460 1356 1510 diligenter
1395 1460 1602 1498 observatis

79 1525 305 1563 Sacramenti
341 1525 521 1575 partibus,
558 1524 647 1562 dum
683 1524 747 1561 alii
784 1524 853 1562 sub
891 1525 989 1574 signi
1024 1538 1114 1562 voce
1150 1538 1208 1562 res
1245 1524 1459 1562 actionibus
1488 1525 1602 1562 sacris

79 1589 246 1627 adhiberi
282 1589 423 1633 solitas,
459 1589 523 1626 alii
559 1602 645 1626 vero
673 1589 858 1627 actionem
887 1589 1005 1640 ipsam
1034 1593 1226 1627 externam
1254 1602 1317 1627 seu
1348 1589 1607 1634 ceremoniam,

79 1654 141 1692 alii
176 1668 323 1692 rursum
359 1654 438 1691 sine
475 1654 690 1691 discrimine
725 1658 910 1705 utrunque
945 1655 1107 1704 intelligi
1143 1654 1351 1699 voluerunt,
1376 1675 1426 1683 —
1453 1658 1488 1691 et
1517 1654 1605 1691 dum

80 1719 245 1768 mysterii
282 1718 568 1756 Sacramentalis
605 1718 716 1756 etiam
753 1718 848 1756 ratio
883 1718 964 1769 ipsa
1001 1718 1101 1756 varie
1128 1719 1394 1769 explicaretur,
1422 1731 1491 1756 nec
1519 1718 1608 1755 satis

80 1783 290 1821 communio
320 1786 448 1821 nostra
477 1796 561 1820 cum
590 1782 740 1820 Christo
769 1782 932 1820 Domino
962 1786 1160 1833 partesque
1189 1782 1288 1820 illius
1308 1782 1606 1820 observarentur.

77 1847 136 1885 Ita
163 1847 275 1892 enim,
303 1847 392 1885 dum
420 1861 484 1885 sua
513 1847 670 1898 quisque
696 1846 792 1884 tueri
819 1860 862 1883 ac
889 1859 1124 1898 propugnare
1153 1848 1275 1892 vellet,
1304 1850 1499 1885 creverunt
1529 1847 1605 1884 dis-

79 1911 173 1949 sidia
217 1915 327 1963 atque
363 1910 409 1948 ad
445 1924 590 1962 pugnas
631 1911 780 1949 demum
816 1916 968 1949 ventum
1003 1916 1071 1950 est.
1135 1913 1196 1949 Ad
1232 1912 1456 1950 medendum
1492 1912 1606 1962 igitur

78 1975 178 2014 hisce
213 1976 333 2022 malis,
370 1976 493 2013 fontes
520 1975 671 2012 illorum
697 1979 869 2014 excutere
897 1976 1106 2021 voluimus,
1135 1981 1174 2014 ut
1202 1977 1422 2023 videremus,
1449 1977 1604 2014 ubinam

79 2044 116 2078 et
150 2040 339 2091 quomodo
376 2040 588 2077 aberratum
617 2039 665 2077 sit
691 2054 711 2077 a
739 2053 864 2091 scop0.
921 2040 1165 2079 Ostendimus
1193 2041 1232 2078 in
1259 2041 1411 2079 variatis
1438 2041 1513 2078 illis
1541 2055 1606 2078 vo-

80 2105 199 2147 cibus,
234 2117 279 2142 ex
316 2104 451 2154 quibus
489 2104 644 2141 dissidia
680 2104 806 2142 omnia
842 2108 922 2142 orta
951 2110 1050 2150 sunt,
1078 2119 1202 2142 veram
1228 2105 1417 2156 propriam
1445 2118 1487 2142 ac
1513 2105 1607 2154 legi·

80 2169 209 2207 timam
236 2182 362 2207 earum
390 2169 714 2218 significationem.
751 2170 880 2207 Partes
910 2170 1233 2208 Sacramentorum
1259 2170 1363 2207 iuxta
1393 2170 1607 2207 unanimem

80 2233 196 2272 totius
234 2233 447 2284 Scripturae
485 2246 707 2271 consensum
744 2234 827 2282 (fol.
868 2236 977 2282 140³)
1014 2235 1259 2285 explicuimus
1295 2238 1331 2272 ct
1367 2235 1532 2283 singulas
1568 2235 1608 2271 in

82 2296 239 2346 singulis
267 2296 378 2334 etiam
407 2296 657 2334 Sacramentis
685 2296 731 2333 ad
758 2310 871 2334 unum
900 2297 1131 2348 eundemque
1159 2298 1309 2335 modum
1338 2303 1609 2336 commonstra-

82 2360 216 2399 vimus.
246 2360 503 2406 Ostendimus,
530 2364 710 2411 quatenus
736 2361 832 2398 inter
860 2374 988 2399 omnes
1018 2362 1061 2399 de
1080 2363 1258 2412 mysterio
1284 2364 1608 2400 Sacramentorum

82 2425 292 2470 conveniat,
328 2425 391 2476 qui
426 2425 634 2462 doctrinam
670 2425 868 2475 Euangelii
896 2426 1183 2477 amplectuntur,
1218 2427 1281 2475 (de
1316 2427 1415 2477 Papa
1448 2428 1547 2465 enim
1575 2432 1610 2465 et

83 2502 150 2528 suo
186 2503 299 2539 grege
335 2490 396 2526 hic
433 2489 529 2526 nihil
555 2489 712 2538 agimus,
749 2502 833 2526 cum
861 2502 933 2540 quo
962 2490 1103 2527 nullam
1132 2490 1273 2541 alioqui
1298 2490 1338 2528 in
1367 2491 1480 2528 sacris
1509 2504 1611 2528 com·

83 2555 301 2593 munionem
336 2557 488 2605 propter
524 2553 839 2605 blasphemiarum
876 2558 912 2592 et
947 2555 1180 2593 idololatriae
1214 2555 1331 2606 ipsius
1359 2556 1609 2593 abominatio-

83 2632 149 2657 nes
186 2618 385 2667 habemus)
413 2623 449 2655 et
483 2619 733 2669 exposuimus,
759 2618 860 2669 quod
888 2619 1013 2656 omnia
1041 2624 1168 2657 nostra
1197 2619 1350 2658 dissidia
1380 2620 1475 2657 circa
1504 2620 1610 2670 signa

83 2682 320 2735 potissimum
357 2686 392 2721 et
429 2683 609 2720 elementa
646 2682 973 2721 Sacramentorum
1006 2687 1211 2723 versentur.
1268 2684 1375 2722 Quae
1410 2697 1498 2722 sane
1526 2697 1609 2721 cum

86 2747 162 2786 sint
205 2747 386 2786 vilissima
422 2747 462 2784 in
499 2751 818 2786 sacramentorum
856 2748 1174 2794 consideratione,
1209 2749 1320 2788 nobis
1356 2750 1466 2787 etiam
1514 2749 1610 2787 tanti

84 2811 254 2849 facienda
291 2824 367 2849 non
403 2815 537 2858 essent,
572 2816 613 2849 ut
649 2815 801 2862 propter
836 2812 900 2850 illa
936 2812 1069 2851 animis
1110 2826 1258 2865 quoque
1286 2813 1422 2852 nostris
1451 2813 1610 2851 invicem
