1818 3178
627 144 678 171 DE
708 146 795 173 FUG.
827 145 976 173 PAPJS'P.
1006 145 1158 172 SACRIS.

126 244 242 282 sacris
261 245 354 286 istis,
374 245 434 292 (2)
456 250 491 281 et
507 244 545 282 in
567 245 678 283 missa
695 259 861 297 praeser-

123 308 204 352 tim,
247 307 430 358 impietas.
482 307 663 360 Denique,
708 310 782 348 ulla
819 323 867 348 ne

123 373 209 410 talis
251 373 289 410 in
327 371 428 410 hisce
460 374 668 423 praesentia
708 375 864 412 obtendi

122 436 252 487 possit,
294 449 388 486 quae
434 437 533 474 salva
576 437 724 475 interim
771 452 861 476 con-

123 499 278 537 seientia
305 499 454 538 admitti
482 501 708 552 concedique
729 502 864 552 possit.

169 755 203 794 Ι.
259 756 345 793 Jam
372 757 471 807 quod
500 758 545 794 ad
575 758 744 795 homines
771 758 858 795 atti-

119 824 193 865 net,
246 821 424 871 quoniam
475 822 646 859 audimus
692 822 854 859 hominis

120 882 323 920 Christiani
350 884 390 921 in
418 884 487 921 hac
514 885 733 935 quaestione
752 897 856 921 men-

115 947 258 984 tionem
284 948 377 992 fieri,
404 949 639 999 perspicuum
665 953 734 993 est,
762 949 855 986 nihil

117 1023 197 1048 eam
233 1011 418 1061 pertinere
448 1012 493 1049 ad
522 1025 617 1055 eum,
644 1012 709 1062 qui
736 1025 854 1062 neque

116 1074 329 1126 impellitur,
355 1089 424 1114 nec
450 1082 631 1119 movetur,
659 1081 699 1114 ut
734 1077 858 1124 digni-

115 1143 231 1177 tatem
265 1140 355 1178 Jesu
393 1141 533 1178 Christi
559 1146 774 1191 promoveat
801 1146 858 1178 at-

117 1217 188 1254 que
213 1209 371 1249 tueatur,
396 1209 432 1242 et
459 1205 556 1242 vitae
581 1209 752 1242 aeternae
772 1218 856 1255 par-

115 1266 232 1317 ticeps
269 1267 347 1305 fiat.
400 1266 587 1311 Profecto,
625 1267 762 1317 quibus
800 1267 856 1304 di-

116 1330 242 1378 gnitas
291 1329 381 1368 Jesu
427 1330 568 1367 Christi
609 1336 721 1381 atque
758 1332 857 1369 salus

115 1409 183 1433 sua
231 1399 381 1434 aeterna
434 1396 540 1434 cordi
573 1391 659 1442 vest,
703 1397 863 1435 libenter

114 1460 260 1510 fugient
320 1465 357 1498 et
417 1461 624 1506 evitabunt,
677 1461 860 1512 quidquid

115 1524 336 1581 dignitatem
381 1524 472 1562 Jesu
508 1525 649 1563 Christi
684 1539 854 1577 quoquo-

114 1588 225 1625 modo
273 1589 484 1633 obscurare,
520 1589 690 1640 viamque
727 1590 856 1628 salutis

114 1666 201 1690 suae
245 1653 425 1704 impedire
469 1659 580 1705 atque
615 1656 853 1706 praecludere

113 1717 293 1756 videatur.
348 1718 555 1763 Praeterea,
583 1732 700 1770 quum
727 1719 853 1758 videa-

115 1794 196 1819 mus
232 1782 277 1820 de
312 1783 524 1821 istiusmodi
563 1784 787 1822 Christianis
813 1785 854 1823 in

113 1846 331 1896 quaestione
366 1850 494 1884 nostra
523 1861 731 1886 sermonem
758 1849 851 1894 fieri,

113 1910 178 1961 qui
206 1910 319 1947 verbo
347 1910 417 1948 Dei
442 1911 671 1962 impietatem
692 1913 856 1963 Papisrni

112 1975 349 2022 agnoverint,
393 1975 481 2012 hinc
527 1977 639 2014 etiam
674 1977 857 2026 intelligi-

114 2051 207 2082 mus,
243 2038 282 2075 in
320 2038 390 2075 hac
427 2040 647 2089 quaestione
681 2049 854 2091 exceptos

111 2115 203 2147 esse,
247 2102 312 2153 qui
356 2103 525 2140 nondum
559 2103 599 2141 in
637 2104 747 2142 corde
784 2118 849 2142 suo

112 2165 288 2209 sentiant,
343 2166 388 2203 de
441 2167 701 2215 magnitudine
736 2168 851 2213 illius,

111 2242 206 2280 quae
225 2230 262 2266 in
285 2230 458 2281 Papismo
481 2235 548 2275 est,
566 2232 768 2281 impietatis
781 2232 855 2270 sibi

114 2294 226 2331 verbo
256 2293 324 2331 Dei
352 2307 569 2345 persuasum
595 2309 687 2340 esse,
715 2300 754 2333 ut
775 2309 854 2334 cre-

111 2358 202 2396 dant
249 2372 328 2396 eam
372 2358 549 2408 dignitati
586 2360 675 2398 Jesu
713 2360 854 2399 Christi

108 2427 146 2460 et
190 2435 277 2460 suae
323 2423 435 2460 saluti
476 2423 638 2468 obstare,
688 2425 857 2475 quamvis

109 2486 356 2524 nihilominus
385 2488 600 2538 ceteroquin
628 2489 761 2526 acriter
788 2489 848 2526 in-

110 2548 300 2592 cumbant,
312 2551 372 2596 (3)
392 2548 482 2587 Jesu
492 2550 544 2586 Ch
553 2549 630 2587 risti
642 2563 859 2600 promovere

109 2611 344 2662 dignitatern,
367 2614 515 2664 sintque
535 2615 676 2652 assidui
696 2615 735 2652 in
756 2628 858 2652 com-

109 2677 272 2728 paranda
285 2678 358 2715 sibi
369 2683 517 2716 aeterna
530 2679 648 2716 salute
659 2684 694 2716 et
714 2679 854 2717 fuerint

1609 137 1655 171 69

915 246 985 284 hoe
1039 249 1149 294 groot
1195 245 1240 283 de
1283 243 1542 293 godlooszheit
1591 245 1654 281 des

918 310 1173 347 Pauwstdoms
1196 309 1234 346 in
1254 308 1364 345 dezen
1376 307 1657 356 godsdiensten,

917 377 977 423 (2)
1009 374 1102 412 ende
1123 374 1160 411 in
1181 372 1398 410 zonderheit
1416 373 1454 409 in
1476 372 1539 410 der
1560 372 1655 409 Mis·

916 452 953 475 se
979 451 1035 487 zy.
1084 438 1137 474 Te
1165 438 1294 480 lesten,
1322 437 1365 473 of
1388 449 1472 473 men
1500 436 1656 485 eenighe

920 502 1050 539 zulcke
1085 501 1453 550 teghenwordigheyt
1491 500 1539 549 by
1568 500 1655 538 deze

913 565 1078 614 dinghen
1107 565 1212 603 zolde
1231 565 1395 614 moghen
1419 565 1654 609 voorstellen,

914 629 973 666 die
981 629 1048 666 mit
1058 629 1196 677 goeder
1206 629 1426 679 consciency
1435 629 1654 678 verwillight

911 692 1006 730 ende
1033 692 1243 741 toeghelate
1269 693 1399 730 mocht
1426 693 1582 731 werden.

963 757 1032 806 [L]
1063 758 1115 794 Ζο
1133 758 1213 795 veel
1227 757 1300 795 dan
1317 771 1367 795 nu
1388 758 1432 796 de
1450 758 1649 796 menschen

909 821 1047 871 belagt,
1083 821 1202 870 dewijl
1239 835 1294 871 wy
1332 823 1473 860 hooren
1511 823 1573 860 dat
1609 823 1650 860 in

912 884 1018 922 dezer
1036 884 1177 933 vraghe
1194 898 1302 922 eenes
1323 886 1543 924 Christenen
1556 887 1650 936 ghe-

908 948 1024 986 meldt
1049 949 1174 994 werdt,
1201 962 1243 986 zo
1263 949 1343 987 zien
1365 963 1420 999 wy
1439 951 1504 988 wel
1524 952 1586 989 dat
1604 965 1648 1001 zy

907 1011 993 1049 dien
1022 1012 1099 1049 niet
1126 1016 1273 1061 angaet,
1302 1012 1361 1050 die
1376 1013 1455 1050 niet
1472 1014 1647 1062 gheroert

912 1077 1011 1115 noch
1032 1077 1220 1126 beweeght
1239 1078 1357 1114 werde
1377 1078 1422 1115 de
1433 1079 1649 1128 wardigheit

908 1141 998 1179 Jesu
1026 1141 1167 1179 Christi
1192 1146 1228 1179 te
1255 1142 1436 1179 vol-deren
1463 1147 1508 1180 eii
1531 1148 1567 1181 te
1584 1144 1648 1181 be-

911 1205 1089 1251 schermE,
1115 1206 1209 1243 ende
1237 1205 1299 1243 het
1325 1207 1459 1244 eewich
1487 1207 1594 1244 leuen
1613 1213 1651 1245 te

910 1269 1108 1306 verwarue.
1144 1268 1343 1306 Voorwaer
1371 1269 1457 1307 dien
1485 1269 1529 1307 de
1556 1272 1648 1306 war-

910 1331 1053 1380 digheit
1087 1331 1177 1370 Jesu
1206 1332 1347 1370 Christi
1373 1333 1466 1371 ende
1493 1333 1561 1371 hor
1588 1347 1648 1372 ee-

915 1398 1033 1447 wighe
1061 1398 1237 1447 zaligheit
1256 1402 1312 1436 ter
1328 1399 1457 1436 herten
1476 1404 1573 1448 gaet,
1592 1400 1650 1438 die

915 1463 1033 1500 sullen
1060 1463 1181 1511 ghern
1208 1463 1403 1513 sehuywen
1432 1469 1477 1501 θῇ
1499 1465 1651 1513 miJ'den,

908 1528 998 1565 alles
1025 1532 1095 1565 wat
1121 1527 1165 1565 de
1185 1528 1413 1578 wardigheyt
1433 1528 1523 1566 Jesu
1539 1529 1648 1567 Chri-

910 1591 959 1629 sti
995 1591 1211 1641 eenighsins
1240 1592 1397 1641 schijnet
1423 1598 1459 1631 te
1486 1594 1646 1645 verduy-

908 1661 1043 1701 steren,
1069 1657 1163 1695 ende
1191 1657 1262 1695 den
1282 1657 1384 1707 wegh
1405 1658 1513 1696 horer
1531 1659 1648 1709 zalig-

907 1721 996 1771 heyt
1022 1725 1058 1759 te
1083 1721 1330 1759 verhinderen
1358 1722 1454 1760 ende
1479 1727 1515 1761 te
1531 1723 1648 1762 belet·

906 1790 982 1824 ten.
1011 1785 1258 1825 Darbeneuen
1285 1800 1455 1825 wanneer
1481 1801 1537 1838 wy
1557 1789 1650 1835 zien,

905 1849 968 1891 dat
986 1850 1027 1887 in
1049 1850 1112 1888 der
1130 1850 1270 1900 vraghe
1288 1864 1360 1889 van
1372 1851 1528 1889 zulcken
1540 1853 1649 1890 Chri-

910 1919 1041 1952 stenen
1078 1914 1290 1966 ghesproke
1317 1916 1441 1961 werdt,
1469 1917 1528 1954 die
1557 1918 1650 1955 door

910 1977 973 2016 het
1008 1979 1109 2016 word
1149 1978 1276 2016 Godes
1304 1979 1366 2017 des
1395 1980 1649 2020 Pauwstdoms

906 2042 1168 2091 godlooszheit
1187 2043 1404 2082 bekennen:
1425 2057 1467 2081 zo
1479 2050 1649 2084 verstaen

905 2119 959 2156 wy
987 2106 1082 2143 oock
1103 2106 1244 2153 hierwt,
1264 2107 1328 2145 dat
1347 2121 1419 2146 van
1439 2108 1545 2146 dezer
1564 2123 1649 2147 vra-

902 2170 975 2218 ghe
1002 2170 1244 2219 wtghesloten
1269 2184 1354 2221 zyn,
1371 2172 1431 2209 die
1449 2173 1531 2209 ziek
1548 2174 1646 2211 noch

907 2234 986 2271 niet
1021 2234 1062 2271 in
1099 2234 1187 2271 h6re
1216 2235 1318 2272 herte
1343 2235 1547 2284 gheuoelen
1577 2252 1649 2277 van

909 2297 973 2335 der
1000 2298 1194 2346 grootheit
1221 2298 1284 2336 der
1303 2300 1572 2348 godlooszheit,
1591 2303 1649 2341 die

906 2362 946 2400 in
976 2362 1045 2400 den
1075 2363 1270 2400 Pauwstde
1291 2364 1335 2410 is,
1356 2365 1449 2402 door
1468 2366 1530 2404 het
1548 2369 1648 2406 word

911 2426 1037 2464 Godes
1090 2440 1338 2466 ouerwonnen
1382 2434 1418 2467 te
1457 2443 1542 2481 zyn,
1588 2433 1658 2476 dat

901 2503 945 2540 zy
999 2491 1222 2540 gheloouen,
1269 2493 1313 2530 de
1361 2494 1462 2532 zelue
1497 2509 1542 2545 zy
1588 2497 1652 2534 der

910 2552 1130 2602 wardigheit
1198 2554 1288 2592 Jesu
1349 2558 1409 2604 (3)
1499 2557 1653 2605 Christi,

911 2617 1006 2655 ende
1061 2617 1169 2656 horer
1222 2620 1398 2669 zaligheit
1443 2623 1649 2671 enteghen:

907 2680 1044 2719 hoewel
1072 2682 1258 2740 nochtans
1287 2683 1332 2721 de
1359 2685 1462 2723 zelue
1491 2699 1553 2724 sus
1580 2701 1649 2725 an-

109 2747 380 2793 quantumpote
411 2743 606 2792 diligentes
626 2743 741 2785 ineo,
760 2744 862 2794 quod
919 2745 1002 2782 ders
1037 2745 1119 2783 zick
1154 2748 1303 2785 mocht&
1340 2749 1579 2800 benarstighe
1609 2752 1653 2791 de

118 2805 289 2843 divinum
317 2811 384 2851 est,
412 2820 478 2857 pro
509 2806 624 2844 debili
652 2820 717 2843 sua
739 2808 859 2844 facul-

112 2875 186 2906 tate
215 2870 474 2918 agnoscendo;
505 2871 549 2908 de
589 2871 726 2922 quibus
753 2871 857 2923 equi·

912 2808 1142 2860 wardigheyt
1178 2811 1267 2849 Jesu
1305 2812 1443 2850 Christi
1479 2819 1514 2851 te
1542 2828 1651 2853 voor-

912 2872 1036 2918 deren,
1054 2875 1149 2914 ende
1170 2876 1264 2913 oock
1283 2877 1555 2928 zorghuuldich
1567 2883 1654 2932 zijn,
