1818 3178
152 94 226 130 568
806 100 865 128 nr.
893 99 1038 128 noc'rn.

150 203 244 241 adeo
282 201 353 240 Dei
392 200 510 251 ipsius
546 199 657 238 etiam
694 204 890 240 κοινωνίαν
926 198 1201 250 quodammodo
1230 199 1418 240 habuisse.
1470 200 1552 238 Iam
1581 200 1613 238 si
1638 200 1678 239 in

151 266 290 304 Israele
317 263 383 315 qui
410 262 551 301 hostias
578 262 741 301 edebant
769 262 925 300 summis
952 275 1101 314 quoque
1128 261 1278 300 illarum
1303 263 1490 314 mysteriis
1512 276 1681 302 commu-

152 329 344 372 nicabant,
371 340 466 379 quae
492 339 570 365 non
597 330 773 378 poterant
800 326 873 364 nisi
901 326 1028 364 divina
1056 339 1147 371 esse,
1165 348 1215 355 —
1237 327 1354 365 multo
1371 328 1542 379 equidem
1562 327 1684 377 magis

152 405 265 437 nunc,
301 392 425 443 inquit
460 391 611 438 Paulus,
645 404 774 429 mensa
812 404 877 429 seu
905 403 1021 428 coena
1049 389 1216 436 Domini,
1245 403 1339 441 quae
1364 391 1471 442 panis
1499 391 1684 430 fractione

154 459 316 500 constat,
350 459 407 493 est
442 460 615 496 κοινωνίαι
643 468 721 492 non
749 468 878 492 eorum
905 454 1018 492 modo
1047 468 1143 506 quae
1169 454 1328 502 edimus,
1354 469 1485 507 nempe
1510 456 1618 508 panis
1646 460 1684 495 et

153 519 243 565 vini,
279 519 343 557 sed
381 531 611 556 summorum
649 531 798 569 quoque
833 518 936 556 illius
973 519 1252 569 mysteriorum,
1287 519 1325 558 h.
1353 532 1399 565 e.,
1442 520 1607 571 corporis
1646 525 1683 559 et

155 583 350 634 sanguinis
395 582 550 627 Christi,
587 586 621 621 et
658 582 817 633 proinde
851 582 959 620 iuxta
995 582 1206 620 doctrinam
1245 583 1518 620 contrariorum
1554 584 1686 634 epulae

155 661 305 700 quoque
330 647 618 686 imolatitiorum
645 660 740 697 quae
766 659 917 684 mensae
945 646 1229 685 daemoniorum
1258 651 1358 693 sunt,
1385 647 1491 685 aliud
1511 660 1590 685 esse
1608 661 1685 686 non

155 716 313 765 possunt
350 711 520 750 convivis
557 710 633 749 suis
661 711 837 749 omnibus
865 724 976 762 quam
1002 710 1189 762 ipsissima
1216 717 1389 752 κοινωνίοι
1416 711 1690 751 demoniorum.

157 777 269 815 Hanc
296 789 377 815 esse
403 775 511 814 Pauli
538 775 611 813 hoc
637 775 722 812 loco
751 775 1113 824 argumentationem
1140 787 1215 812 non
1245 774 1401 824 negabis
1428 775 1574 826 opinor,
1600 788 1688 813 nam

156 842 195 880 id
231 841 346 880 verba
379 840 461 891 ipsa
487 839 597 877 Pauli
623 839 858 890 apertissime
883 842 1083 886 testantur,
1109 838 1256 877 etiamsi
1284 838 1385 876 hunc
1411 838 1452 877 in
1479 838 1554 876 illis
1582 839 1686 876 ordi-

157 919 243 945 nem
271 905 479 957 Apostolus
506 917 584 943 non
611 903 838 943 observarit.
884 903 1018 954 Neque
1045 903 1135 941 item
1163 902 1319 953 negabis
1346 915 1456 941 voces
1482 902 1522 941 in
1550 903 1689 954 quibus

158 969 214 1007 vis
240 969 322 1020 ipsa
348 967 684 1018 argumentationis
713 967 874 1005 maxima
901 980 944 1004 ex
973 970 1078 1018 parte
1103 967 1225 1018 posita
1251 970 1307 1005 est
1333 966 1372 1005 in
1392 970 1471 1005 tota
1489 980 1689 1017 argumen-

157 1033 301 1072 tatione
338 1032 469 1070 eodem
506 1031 619 1069 modo
648 1030 768 1082 accipi
795 1030 951 1069 omnino
979 1034 1164 1090 oportere,
1192 1044 1238 1069 ne
1265 1030 1438 1069 vitiosam
1465 1031 1690 1081 minimeque

160 1097 234 1136 sibi
270 1096 530 1135 cohaerentem
566 1095 931 1145 argumentationem
967 1095 1164 1141 faciamus,
1200 1099 1237 1134 et
1263 1095 1317 1133 ita
1342 1095 1493 1134 interim
1520 1099 1692 1147 oportere

159 1160 290 1212 accipi,
325 1164 366 1198 ut
395 1160 601 1198 sententiae
627 1172 722 1210 quae
749 1158 985 1197 defendenda
1013 1159 1218 1211 suscipitur
1247 1159 1370 1198 modis
1397 1160 1573 1198 omnibus
1600 1161 1691 1198 sub-

162 1226 308 1265 serviat.
348 1225 484 1276 Itaque
512 1237 595 1262 cum
622 1224 663 1261 in
691 1223 968 1261 communionis
996 1237 1087 1262 voce
1116 1224 1232 1262 situm
1260 1225 1308 1263 sit
1336 1216 1408 1262 hoc
1433 1225 1519 1263 loeo
1545 1225 1693 1276 pondus

162 1304 273 1328 omne
319 1289 436 1328 totius
473 1289 651 1327 Paulinae
687 1288 1038 1338 argumentationis,
1072 1287 1199 1336 (docet
1235 1289 1335 1327 enim
1380 1289 1507 1327 eadem
1549 1289 1694 1327 ratione

163 1356 290 1407 epulas
352 1354 639 1392 imolatitiorum
699 1358 894 1394 κοινωνίαν
955 1366 1036 1392 esse
1107 1353 1384 1402 demoniorum)
1454 1354 1691 1406 perspicuum

163 1425 219 1457 est
264 1418 541 1456 communionis
599 1430 728 1455 vocem
780 1417 888 1455 aliter
948 1416 1067 1468 accipi
1134 1430 1211 1456 non
1255 1431 1364 1468 posse
1416 1417 1455 1456 in
1506 1420 1585 1456 tota
1622 1417 1693 1455 hac

168 1482 274 1522 Pauli
307 1482 642 1533 argumentatione,
671 1495 782 1533 quam
810 1481 993 1533 accipitur
1028 1482 1068 1520 in
1104 1496 1146 1520 ea
1173 1483 1441 1534 propositione,
1468 1497 1541 1534 qua
1568 1483 1690 1529 docet,

163 1548 291 1599 epulas
325 1547 612 1585 imolatitiorum
649 1559 729 1584 esse
766 1545 1026 1584 demoniorum
1061 1551 1253 1587 κοινωνίαν
1279 1551 1317 1585 et
1343 1546 1489 1585 illarum
1519 1547 1697 1584 convivas

166 1612 429 1651 demoniorum
468 1615 664 1658 κοινωνούς
701 1610 875 1661 appellat.
929 1610 1007 1648 Hic
1035 1623 1121 1648 vero
1149 1610 1270 1648 active
1296 1610 1435 1661 exponi
1471 1623 1547 1648 non
1573 1613 1696 1661 potest

167 1690 287 1729 neque
321 1663 420 1715 enim
449 1675 622 1714 demonia
648 1675 689 1713 in
715 1675 1000 1713 idololatrarum
1027 1674 1146 1726 epulis
1174 1674 1450 1713 distribuuntur
1476 1678 1539 1713 aut
1565 1674 1700 1720 mani·,

166 1743 237 1781 bus
273 1742 531 1781 ministrorum
567 1740 826 1792 porriguntur,
854 1740 917 1778 sed
945 1739 1091 1791 passive
1117 1740 1242 1792 potius
1269 1752 1337 1792 pro
1364 1752 1493 1778 eorum
1520 1739 1699 1778 societate

167 1806 328 1858 quadam
373 1818 416 1843 ac
457 1804 758 1857 participatione,
802 1817 914 1855 quam
950 1804 1088 1842 Paulus
1123 1803 1203 1855 ipse
1237 1816 1326 1842 mox
1362 1808 1540 1854 μετοχῆν
1576 1807 1700 1851 vocat,

168 1884 263 1923 quae
290 1870 411 1909 active
440 1883 530 1908 sane
557 1868 695 1920 exponi
724 1868 944 1907 nullomodo
971 1871 1108 1920 potest.
1137 1868 1266 1907 Quare
1292 1880 1339 1905 ne
1364 1867 1405 1906 in
1432 1866 1585 1919 reliquis
1612 1867 1698 1919 qui·

169 1935 254 1973 dem
280 1934 460 1972 Paulinae
486 1932 559 1971 hoc
584 1932 669 1970 loco
695 1931 1033 1982 argumentationis
1060 1931 1229 1983 partibus
1256 1931 1376 1970 active
1401 1944 1444 1970 ea
1471 1944 1544 1969 vox
1562 1931 1700 1983 exponi

168 2002 293 2050 potest
327 1998 496 2042 omnino,
530 2010 577 2035 ne
603 1996 778 2047 Apostoli
806 1995 1170 2046 argumentationem
1197 1995 1390 2034 violemus.
1445 1995 1569 2034 Quid!
1597 1995 1698 2046 quod

170 2076 290 2115 neque
316 2062 356 2100 in
383 2062 463 2113 ipsa
490 2060 702 2111 argumenti
729 2060 878 2098 Paulini
906 2060 1188 2098 confirmatione
1214 2059 1262 2098 ab
1281 2060 1450 2111 exemplo
1470 2061 1556 2107 (62)
1576 2059 1700 2098 Israe-

170 2129 218 2166 lis
254 2127 369 2180 petita
408 2127 528 2165 active
553 2125 719 2175 intelligi
745 2139 786 2164 ea
813 2138 888 2164 vox
916 2125 1182 2176 quoquomodo
1210 2128 1346 2176 potest,
1373 2125 1461 2162 dum
1486 2124 1624 2162 Paulus
1653 2125 1693 2163 in

172 2191 315 2229 Israele
351 2202 427 2235 eos,
464 2188 530 2241 qui
565 2188 701 2227 hostiis
728 2192 978 2235 vescerentur,
1004 2201 1082 2226 non
1110 2188 1320 2226 hostiarum
1348 2188 1459 2226 modo
1485 2188 1590 2227 iuxta
1618 2201 1700 2226 car·-

172 2268 271 2302 nem,
306 2253 371 2292 sed
408 2252 620 2291 divinorum
656 2265 805 2304 quoque
842 2252 1107 2303 mysteriorum
1135 2258 1329 2294 κοινωνίαν
1357 2252 1533 2291 habuisse
1561 2253 1702 2291 docet?

173 2319 308 2370 Neque
334 2317 435 2356 enim
462 2321 542 2355 tum
571 2316 868 2355 distribuebatur
896 2321 960 2355 aut
986 2317 1163 2355 manibus
1190 2316 1453 2367 porrigebatur
1480 2316 1559 2368 ipse
1587 2316 1701 2356 Deus.

176 2383 263 2421 Quo
299 2386 409 2433 pacto
445 2380 562 2431 igitur
596 2380 636 2418 in
670 2380 792 2418 medio
820 2386 1041 2429 argumento
1068 2381 1178 2419 aliter
1205 2394 1434 2432 exponamus
1460 2380 1512 2427 id,
1538 2381 1639 2432 quod
1666 2384 1704 2419 et

172 2447 212 2485 in
247 2447 411 2501 themate
438 2446 520 2497 ipso
548 2448 585 2484 et
610 2445 650 2483 in
680 2445 966 2483 confirmatione
993 2445 1109 2484 totius
1137 2445 1349 2495 argumenti
1375 2444 1529 2483 nonnisi
1555 2445 1702 2496 passive

175 2511 314 2562 exponi
350 2514 521 2561 oportere
561 2509 742 2555 videmus,
782 2513 823 2548 ut
857 2509 1006 2547 interim
1043 2514 1184 2548 taceam
1220 2509 1332 2548 verba
1368 2509 1448 2560 ipsa
1484 2508 1590 2547 Pauli
1625 2520 1702 2546 non

174 2576 369 2615 admittere
398 2575 458 2613 hic
485 2574 646 2613 activam
675 2573 951 2612 communionis
978 2573 1339 2625 interpretationem.
1368 2574 1409 2611 Si
1436 2573 1536 2611 enim
1563 2571 1702 2609 Paulus

177 2642 248 2679 sub
285 2640 562 2678 communionis
591 2640 743 2677 nomine
771 2642 968 2689 διεινομίοιν
997 2639 1162 2690 aliquam
1189 2637 1449 2682 intellexisset,
1475 2636 1586 2675 aliam
1614 2648 1702 2674 sane

175 2705 280 2742 illius
306 2704 491 2742 rationem
518 2702 749 2749 adduxisset,
776 2702 1006 2753 dixissetque
1033 2702 1247 2740 hauddubie
1282 2715 1351 2740 nos
1368 2700 1464 2752 fieri
1491 2713 1603 2738 unum
1621 2712 1704 2737 cor-

177 2782 261 2819 pus,
294 2780 370 2806 non
407 2780 495 2811 esse,
534 2766 648 2817 idque
684 2770 837 2818 propter
869 2766 1038 2818 corporis
1078 2765 1416 2817 participationem.
1469 2763 1584 2802 Nunc
1621 2776 1705 2801 cum

179 2833 318 2871 diserte
359 2831 471 2879 dicat,
496 2843 566 2869 nos
592 2844 711 2869 unum
739 2843 874 2882 corpus
901 2843 989 2878 esse,
1016 2843 1093 2869 non
1120 2835 1241 2869 autem
1260 2829 1368 2881 fieri,
1395 2842 1526 2880 nempe
1553 2827 1708 2874 Christi,
