1818 3178
181 144 321 174 XXVIII
822 143 899 171 PRA
905 141 1066 172 ΕῈΑΤΙΟθ

185 275 205 299 11
226 251 415 306 Catech.)
459 252 510 292 iis
535 250 759 304 petentibus
789 251 871 302 ipse
900 250 1046 306 belyz'ee
1076 253 1283 294 transtuli.
1349 254 1436 297 Qua
1467 252 1510 293 in
1542 267 1585 294 re
1614 268 1697 295 ver-

184 347 205 372 η
225 326 367 366 naeulo
407 337 578 365 sermone
618 345 674 352 —-
717 326 799 362 tam
842 323 1014 376 turpiter
1054 325 1180 366 eheu!
1220 325 1346 366 abusu
1393 326 1610 378 depravato
1640 350 1697 359 -——

184 419 205 444 ῃ
224 397 380 448 saepius
420 410 495 436 non
533 395 676 448 absque
715 394 877 435 licentia
923 397 1094 450 quadam
1125 411 1219 437 usus
1249 412 1345 447 sum,
1378 399 1698 453 quemadmodum

185 490 206 515 ῃ
226 469 346 509 etiam
388 468 429 508 in
475 466 735 521 Confessione
774 467 878 520 feci,
926 472 1008 508 tam
1049 473 1095 509 uz}
1130 469 1186 509 ad
1209 469 1382 525 priscam
1405 471 1582 527 formam
1613 487 1698 513 eum

185 561 205 587 tt
219 555 292 593 pro
332 540 443 581 virili
473 539 656 592 portione
684 540 920 591 reducerem,
950 555 1065 595 quam
1097 541 1241 582 ideireo
1272 557 1434 598 quoque,
1467 548 1514 585 ut
1544 545 1591 585 ab
1623 545 1698 586 Ee-

183 633 205 658 n
223 612 345 653 alesia
387 625 490 666 quae
526 611 589 652 hie
623 626 643 652 e
673 612 841 653 diversis
870 613 1098 654 nationibus
1129 614 1293 654 collecta
1325 620 1382 656 est
1409 616 1551 657 melius
1582 616 1700 659 intel-

184 706 205 731 u
225 681 466 736 Ziqeretur.”

242 754 291 796 Id
328 769 455 810 porro
482 754 525 796 in
559 753 736 796 editione
767 762 908 798 nostra
939 756 1185 812 praesertim
1217 772 1389 813 operam
1420 757 1621 811 dedimus,
1656 766 1702 803 ut

183 827 351 868 lectioni
382 834 578 868 accurata
611 825 837 869 verborum
869 828 1205 884 interpunctione
1238 829 1565 875 consuleremus.
1617 832 1703 875 No-

182 900 253 950 vit,
295 899 365 953 qui
401 898 706 941 reformationis
737 899 827 940 aevi
859 915 986 942 manu
1016 915 1202 955 unquam
1235 901 1349 943 trivit
1378 903 1544 958 scripta,
1577 918 1702 958 quam

183 985 334 1027 parum
376 971 599 1012 sententias
645 969 854 1012 incidendi
896 971 1089 1022 rationes,
1132 987 1237 1027 quae
1277 978 1381 1014 tunc
1410 988 1489 1016 usu
1521 984 1703 1025 venerat,

185 1042 382 1084 orationis
427 1042 715 1098 perspicuitati
754 1041 1011 1097 prodessent.
1073 1041 1264 1086 Onerosa
1305 1052 1559 1087 commatum
1594 1045 1703 1088 mole

184 1113 496 1156 lucubrationes
541 1129 636 1155 suas
677 1121 913 1170 aggravant
955 1121 995 1156 et
1024 1116 1269 1171 gravissime
1299 1117 1532 1173 impediunt
1562 1117 1703 1160 lectio-

184 1201 293 1237 nem,
328 1186 396 1227 cui
426 1201 481 1228 sc.
516 1184 814 1227 diluciditatem
845 1186 1053 1228 somniant
1083 1186 1262 1230 adferre.
1311 1187 1521 1240 Incidunt,
1554 1188 1704 1231 discin-

185 1257 301 1309 dunt,
344 1257 520 1306 findunt,
561 1256 793 1308 subsecant,
840 1263 1052 1310 truncant,
1085 1258 1329 1311 dilacerant,
1363 1260 1559 1304 mulilant
1590 1261 1705 1304 deni-

186 1345 265 1384 que
296 1330 522 1372 sententiae
563 1335 765 1378 tenorem,
808 1330 940 1371 donec
980 1332 1092 1372 omni
1133 1332 1294 1373 succiso
1325 1340 1541 1376 contextus
1576 1350 1707 1377 nervo

186 1402 428 1444 tremefacta
474 1401 660 1444 membra
705 1417 871 1444 omnem
913 1402 997 1443 vim
1038 1403 1206 1445 vitalem
1251 1405 1475 1458 excutiant,
1521 1412 1562 1448 et
1607 1422 1704 1449 cum

186 1481 306 1530 poeta
351 1474 466 1515 triste
501 1473 645 1530 lugeat
675 1474 876 1515 exanimis
908 1473 1040 1516 lector
1084 1497 1104 1522 ss
1126 1475 1296 1518 avulsae
1342 1476 1528 1519 cecidere
1559 1493 1709 1521 manus

190 1565 210 1590 η
226 1550 471 1598 exsectaque
509 1542 657 1599 lingua
703 1542 924 1598 palpitat.’'
985 1542 1099 1596 Quin
1141 1544 1226 1587 imo
1266 1546 1492 1588 sexcenties
1522 1546 1705 1590 eiusdem

188 1615 413 1656 sententiae
444 1621 584 1670 partes
614 1621 697 1656 tam
731 1629 867 1656 crasse
898 1630 921 1657 a
952 1631 995 1657 se
1027 1616 1204 1658 invicem
1236 1616 1434 1660 divellere
1466 1634 1638 1674 prorsus
1668 1626 1709 1662 et

187 1686 426 1729 abstrahere
457 1702 540 1728 non
576 1686 859 1737 reformidant,
895 1692 941 1728 ut
963 1688 1181 1742 quinquies
1202 1689 1384 1731 sexiesve
1406 1691 1528 1746 gravi
1549 1699 1707 1747 puncto

189 1765 229 1800 et
259 1774 366 1800 nova
398 1757 545 1799 initiali
575 1757 714 1799 littera
745 1758 785 1799 in
809 1756 952 1806 eodem
978 1759 1202 1801 verborum
1226 1760 1451 1816 complexu
1472 1762 1707 1805 offendaris.

190 1829 299 1872 Cum
337 1830 489 1872 fiducia
536 1829 786 1872 contendere
827 1830 958 1873 ausim
1000 1831 1121 1881 nulli,
1164 1847 1216 1874 ne
1257 1831 1491 1875 doctissimo
1530 1834 1710 1889 quidem,

188 1909 271 1944 tam
305 1917 435 1959 sagax
467 1908 549 1943 tam
585 1902 802 1957 perspicax
833 1917 920 1943 esse
951 1903 994 1944 in
1025 1902 1205 1958 legendo
1235 1903 1469 1960 ingenium,
1503 1907 1602 1960 quin
1625 1922 1709 1949 sae-

189 1973 282 2029 pius
328 1974 636 2029 interrumpere
682 1973 902 2014 lectionem
949 1980 990 2015 et
1033 1973 1239 2016 redordiri
1280 1974 1439 2025 debeat,
1477 1978 1636 2032 quoties
1666 1979 1708 2021 in

189 2053 272 2087 tam
305 2044 502 2086 mutilum
535 2052 574 2086 et
604 2045 845 2087 distractum
879 2045 1077 2088 orationis
1108 2047 1309 2089 sceletum
1340 2048 1543 2092 inciderit.
1604 2049 1709 2093 Suc-

189 2132 363 2159 currere
392 2117 471 2159 hac
504 2124 620 2172 parte
651 2117 798 2159 lectori
830 2125 870 2160 et
902 2118 1118 2160 manifesto
1148 2119 1295 2162 inorbo
1327 2120 1483 2163 mederi
1516 2122 1596 2164 mei
1621 2129 1711 2165 erat

189 2190 311 2230 officii
342 2190 572 2232 secundum
607 2205 712 2241 eam,
744 2205 867 2244 quam
890 2206 1018 2247 supra
1038 2191 1118 2233 iam
1144 2193 1472 2248 praefinivimus,
1496 2195 1705 2251 regulam,

189 2263 313 2305 huius
353 2263 519 2319 generis
560 2262 761 2318 opuscula
803 2262 854 2304 ad
884 2263 1116 2320 expeditam
1151 2264 1372 2308 lectionem
1405 2268 1584 2310 maxime
1620 2283 1706 2310 esse

189 2333 508 2376 accomodanda.
569 2333 715 2376 Primo
760 2333 909 2376 obtutu
940 2342 1101 2378 vetusta
1134 2337 1463 2394 interpungendi
1494 2339 1600 2380 ratio
1631 2339 1704 2381 ali-

190 2404 495 2460 quodammodo
534 2420 633 2446 sane
675 2405 847 2447 retineri
886 2421 1002 2462 posse
1035 2406 1263 2461 videbatur,
1299 2409 1459 2463 quoties
1491 2412 1710 2453 sententia·

188 2494 282 2519 rum
330 2478 571 2533 compositio
617 2477 756 2532 aliqua
800 2486 921 2533 parte
962 2479 1003 2521 in
1046 2488 1182 2522 mente
1212 2481 1394 2523 auctoris
1424 2482 1579 2525 arctius
1611 2498 1709 2526 cum

188 2549 395 2591 incisionis
441 2548 616 2604 legibus,
650 2564 755 2603 quae
786 2564 862 2591 suo
894 2550 1085 2606 vigerent
1117 2559 1315 2608 tempore,
1350 2553 1634 2606 cohaererent,
1668 2563 1708 2597 et

187 2621 228 2662 in
279 2620 416 2676 primo
462 2619 585 2661 Lasci
633 2623 820 2662 adversus
865 2623 1114 2675 fflemonem,
1148 2627 1195 2666 de
1225 2626 1504 2668 incarnatione
1543 2625 1708 2676 Cho-isti,

188 2691 328 2732 libello
367 2690 524 2745 aliquot
553 2691 698 2733 saltem
732 2692 856 2734 huius
887 2694 976 2734 aevi
1009 2695 1194 2751 reliquiis
1224 2711 1321 2737 cum
1349 2697 1501 2738 iudicio
1533 2713 1707 2753 parcere

189 2770 361 2803 conatus
406 2777 510 2803 sum.
572 2762 677 2804 Mox
708 2770 845 2805 autem
878 2767 1133 2820 experientia
1165 2766 1351 2818 edoctus,
1388 2783 1510 2822 quam
1545 2769 1709 2811 lubrica

189 2833 254 2874 via
293 2833 357 2884 sit,
408 2832 511 2875 duas
553 2833 763 2876 distinctas
805 2850 829 2876 a
874 2851 917 2877 se
959 2837 1135 2879 invicem
1169 2839 1497 2895 interpungendi
1529 2841 1709 2881 rationes

188 2904 290 2952 iusta
322 2904 578 2962 coniungere
611 2905 717 2948 velle
749 2906 1047 2959 distributione,
1083 2910 1152 2952 ubi
1187 2910 1254 2954 ubi
1287 2911 1406 2953 furca
1438 2910 1703 2969 perfidiosam
