1818 3178
191 102 263 140 472
670 113 811 139 SUMMA
839 112 980 139 coNrR.
1011 114 1062 140 DE
1091 113 1237 142 COENA.

194 214 385 251 credamus
423 214 462 250 in
500 225 566 249 sua
593 212 843 251 institutione.
900 213 1004 251 Quid
1033 228 1119 252 vero
1147 215 1195 252 ad
1221 229 1300 254 eam
1330 217 1475 255 Coenae
1502 217 1721 266 dignitatem

192 282 301 328 atque
328 276 525 314 efficaciam
553 276 640 313 addi
666 277 837 327 amplius,
864 281 927 314 aut
955 278 1045 328 quid
1074 278 1118 315 de
1137 278 1201 316 illa
1220 281 1519 330 magnificentius
1544 280 1721 318 constitui

190 342 338 392 potest?
374 339 424 378 Et
452 353 536 377 cum
565 341 609 378 de
637 340 693 378 his
721 341 897 378 omnibus
925 343 1027 378 nulla
1053 342 1100 379 sit
1128 343 1280 381 omnino
1307 345 1403 383 inter
1431 345 1561 382 doctos
1589 358 1717 383 omnes

194 405 456 450 controversia,
492 419 568 443 non
604 406 776 456 equidem
803 419 869 456 pro
899 406 1045 444 Coenae
1071 407 1187 457 ipsius
1216 408 1396 458 dignitate
1422 414 1533 461 atque
1560 411 1718 448 efficacia

192 474 375 508 certamen
403 471 501 508 inter
528 471 613 508 illos
641 484 720 508 esse
749 471 1018 516 existimamus,
1046 472 1109 509 sed
1137 486 1203 522 pro
1234 474 1378 512 Coenae
1405 476 1608 521 elementis,
1626 489 1719 526 quae

190 549 278 573 sane
314 535 413 572 haud
448 535 523 572 scio
551 548 599 572 an
627 535 725 572 tanti
753 535 873 572 facere
902 536 1115 579 debeamus,
1143 541 1182 573 ut
1210 541 1360 588 propter
1386 539 1536 577 illorum
1568 543 1714 577 contro·

189 600 344 637 versiam
375 599 561 637 Eeclesias
590 599 768 644 scindere,
797 599 1160 647 doe-(114³)trinam
1189 605 1354 639 nostram
1380 602 1420 639 in
1450 603 1719 640 dubitationem

188 663 287 715 apud
330 664 508 714 populum
556 676 699 709 vocare,
746 676 894 701 eausam
929 664 1130 713 Euangelii
1167 665 1361 703 calumniis
1399 679 1441 703 ac
1478 667 1717 717 blasphemiis

189 728 484 765 adversariorum
510 741 693 778 exponere
721 741 862 778 nosque
882 729 982 779 ipsos
1004 729 1163 766 invicem
1183 730 1419 780 proscindere
1439 744 1482 768 ac
1503 731 1593 768 diris
1612 745 1718 782 prac-

187 797 286 831 terea
314 793 489 830 omnibus
509 793 688 830 devovere
709 793 923 832 debeamus.
954 794 1035 832 Nos
1057 798 1152 832 certe
1167 794 1386 844 sanguinem
1403 796 1543 833 Christi
1564 795 1718 833 Domini

188 861 223 895 et
261 858 378 906 legem
417 858 608 894 charitatis
639 858 874 896 Christianae
901 859 1019 909 pluris
1047 872 1126 896 esse
1154 859 1264 897 nobis
1292 860 1501 898 faciendam
1529 860 1719 898 existima-

186 935 279 967 mus,
316 935 427 971 quam
471 926 511 959 ut
548 935 761 972 quenquam
789 923 968 968 omnium,
994 936 1061 973 pro
1092 922 1227 973 quibus
1257 923 1427 962 Christus
1455 929 1623 962 mortuus
1652 929 1721 969 est,

185 990 334 1036 propter
363 986 629 1023 elementorum
659 987 953 1024 controversiam
981 987 1145 1024 iudicare
1174 989 1437 1038 quoquomodo
1466 989 1635 1028 velimus.

236 1051 326 1088 Tres
363 1054 450 1088 sunt
477 1060 600 1088 autem
630 1051 837 1088 Doctorum
864 1051 932 1088 hac
972 1051 1143 1106 iii-parte
1171 1055 1386 1098 sententiae,
1414 1067 1569 1104 quarum
1598 1055 1718 1105 prima

184 1115 374 1154 elementis
403 1116 547 1153 Coenae
573 1117 655 1166 plus
677 1116 829 1154 caeteris
849 1116 1001 1154 tribuit:
1032 1118 1147 1155 altera
1166 1118 1212 1155 ad
1232 1118 1394 1156 ministri
1414 1132 1505 1170 opus
1523 1119 1563 1156 id
1583 1124 1716 1165 totum,

183 1180 284 1231 quod
312 1180 413 1231 prior
442 1181 633 1218 elementis
661 1181 807 1227 tribuit,
834 1182 1069 1219 referendum
1095 1183 1218 1232 potius
1241 1197 1318 1221 esse
1337 1187 1461 1234 putat:
1491 1184 1600 1222 tertia
1620 1198 1721 1229 vero,

185 1244 284 1294 quod
320 1244 422 1294 prior
460 1248 616 1295 utraque
653 1246 711 1282 vel
739 1245 942 1291 elementis,
972 1246 1029 1282 vel
1056 1246 1219 1284 ministri
1244 1247 1344 1297 operi
1372 1247 1535 1285 tribuere
1562 1247 1720 1293 videtur,

182 1308 220 1344 id
255 1311 375 1345 totum
412 1309 592 1346 transfert
629 1309 676 1346 ad
703 1309 864 1359 Spiritus
892 1310 1012 1347 saneti
1040 1323 1145 1360 opus,
1173 1314 1351 1361 tanquam
1379 1312 1519 1349 assidui
1547 1313 1651 1350 testis
1681 1317 1717 1351 et

181 1372 447 1420 glorificatoris
477 1373 617 1410 Christi
645 1372 800 1410 Domini
829 1373 927 1424 apud
957 1387 1042 1411 suos
1069 1374 1108 1411 in
1138 1374 1303 1424 qualibet
1331 1375 1448 1426 ipsius
1469 1375 1718 1415 institutione.

233 1437 379 1474 Primae
433 1438 638 1475 sententiae
693 1438 863 1475 doctores
909 1438 1080 1475 nituntur
1127 1438 1286 1489 simplici
1331 1439 1527 1476 verborum
1574 1441 1718 1478 Coenae

180 1501 487 1551 interpretatione
515 1505 626 1551 atque
652 1501 756 1539 iuxta
785 1501 882 1539 hanc
908 1505 1216 1551 argumentantur
1245 1503 1291 1540 ad
1322 1504 1419 1540 hunc
1447 1504 1620 1541 modum:
1677 1505 1715 1541 Si

182 1579 307 1603 verum
335 1568 403 1612 est,
431 1566 619 1617 inquiunt,
648 1567 748 1617 quod
774 1567 826 1604 ait
855 1567 1038 1611 Christus,
1066 1581 1198 1618 panem
1226 1581 1305 1605 esse
1335 1581 1467 1618 corpus
1497 1582 1616 1613 suum,
1647 1569 1717 1606 hoc

182 1635 248 1677 est,
286 1631 535 1668 substantiam
574 1631 738 1682 corporis
776 1632 832 1669 sui
870 1632 1062 1678 naturalis,
1090 1646 1178 1670 sane
1205 1632 1245 1670 in
1271 1646 1368 1683 pane
1395 1635 1525 1681 (narn)
1554 1637 1619 1670 aut
1648 1634 1715 1671 sub

183 1708 290 1746 pane,
315 1695 356 1732 in
395 1695 484 1733 vino
521 1695 622 1742 item,
653 1696 890 1734 distribuitur
918 1710 961 1734 ae
987 1697 1189 1747 percipitur
1218 1697 1262 1734 ab
1292 1697 1480 1739 omnibus,
1506 1697 1578 1748 piis
1606 1711 1719 1748 aeque

183 1764 294 1811 atque
330 1761 466 1811 impiis,
504 1761 715 1798 substantia
753 1762 935 1799 naturalis
973 1762 1139 1812 corporis
1168 1765 1203 1799 et
1231 1761 1425 1811 sanguinis
1456 1762 1610 1800 Christi.
1666 1764 1718 1801 At

185 1838 273 1862 vero
301 1838 379 1862 non
405 1828 529 1876 potest
556 1839 633 1863 non
660 1839 740 1864 esse
767 1839 907 1871 verum,
934 1826 1035 1877 quod
1063 1827 1116 1864 ait
1146 1826 1327 1872 Christus,
1358 1839 1440 1864 cum
1469 1827 1516 1864 sit
1542 1826 1623 1877 ipsa
1652 1841 1715 1865 ve-

183 1891 286 1928 ritas.
327 1890 468 1928 Verum
499 1895 554 1928 est
581 1891 707 1941 igitur,
735 1892 775 1929 in
802 1905 897 1942 pane
925 1905 967 1929 ac
995 1893 1082 1929 vino
1112 1892 1257 1929 Coenae
1284 1905 1375 1939 esse,
1404 1891 1578 1929 distribui
1606 1896 1718 1943 atque

187 1955 233 1992 ab
272 1955 446 1993 omnibus
483 1956 562 1993 51110
600 1956 827 2001 discrimine,
864 1969 926 1994 ore
962 1956 1072 1994 etiam
1113 1957 1264 2000 carnali,
1301 1955 1441 2007 percipi
1469 1956 1717 1993 substantiam

187 2022 351 2071 corporis
379 2024 415 2058 et
443 2021 637 2070 sanguinis
667 2021 806 2059 Christi
833 2022 1027 2059 naturalis.
1082 2021 1286 2058 Adducunt
1312 2021 1353 2058 in
1381 2021 1489 2058 huius
1518 2034 1604 2058 suae
1632 2035 1717 2059 sen-

184 2086 681 2124 tentiae-confirmationem
718 2087 825 2124 Pauli
859 2088 984 2124 locum
1018 2086 1062 2124 de
1089 2086 1247 2134 indigno
1275 2086 1383 2137 panis
1416 2086 1562 2124 Coenae
1589 2100 1654 2124 esu
1681 2089 1717 2124 et

187 2151 355 2200 neglecta
394 2151 559 2201 corporis
593 2150 784 2188 Dominici
823 2151 1100 2197 diiudicatione,
1138 2154 1173 2188 et
1202 2154 1353 2199 negant,
1382 2150 1582 2187 diiudicari
1608 2164 1718 2201 posse

188 2229 320 2267 corpus
348 2215 516 2260 Domini,
544 2216 575 2254 si
603 2229 678 2254 non
707 2217 850 2255 edatur.
897 2217 1067 2254 Tuentur
1093 2219 1280 2267 praeterea
1309 2229 1414 2253 suam
1443 2215 1539 2253 hanc
1567 2219 1717 2253 senten·

187 2281 279 2318 tiam
316 2280 362 2318 ad
398 2281 498 2318 hunc
534 2281 712 2319 modum:
765 2281 907 2319 Dicunt
942 2281 1075 2319 violari
1112 2281 1312 2318 verborum
1341 2281 1486 2318 Coenae
1513 2281 1717 2326 veritatem,

191 2345 334 2382 detrahi
371 2345 461 2383 item
498 2346 687 2396 potentiae
724 2346 865 2384 Christi
901 2346 948 2383 ab
976 2346 1036 2390 iis,
1063 2345 1127 2396 qui
1155 2345 1365 2383 doctrinam
1393 2345 1491 2382 hane
1519 2358 1595 2382 non
1623 2345 1716 2382 reci-

187 2410 308 2460 piunt,
353 2413 400 2456 et,
438 2424 520 2448 cum
556 2411 595 2448 id
631 2411 678 2448 ab
713 2411 816 2448 omni
853 2410 1003 2448 homine
1041 2410 1253 2448 Christiano
1291 2410 1403 2459 longe
1438 2410 1600 2447 alienum
1638 2422 1715 2447 esse

191 2477 373 2524 oporteat,
409 2487 485 2512 non
519 2488 628 2525 posse
663 2488 791 2513 omnes
826 2488 902 2512 non
936 2475 1045 2512 etiam
1076 2475 1248 2512 assentiri
1277 2475 1362 2512 huie
1390 2474 1604 2517 sententiae,
1631 2473 1714 2524 qui-

191 2552 334 2589 cunque
363 2539 567 2577 Christiani
593 2554 672 2578 esse
699 2541 845 2579 volunt.
900 2540 1023 2590 Atque
1051 2540 1141 2577 haec
1168 2540 1244 2577 fere
1271 2539 1469 2589 praecipua
1498 2541 1596 2583 sunt,
1623 2550 1715 2587 quae

190 2604 331 2655 primae
358 2604 467 2641 huius
496 2605 702 2643 sententiae
730 2605 901 2643 doctores
929 2605 1074 2642 adferre
1103 2605 1236 2643 solent.

241 2669 319 2706 Alii
361 2681 508 2706 rursum
553 2673 652 2716 sunt,
686 2671 750 2721 qui
787 2671 827 2708 in
862 2670 1016 2721 reliquis
1053 2670 1202 2721 quidem
1240 2668 1414 2707 omnibus
1454 2680 1535 2704 cum
1572 2666 1713 2716 primae

189 2735 297 2773 istius
334 2735 539 2772 sententiae
567 2735 785 2774 doctoribus
820 2737 895 2774 fere
923 2737 1175 2781 consentiunt,
1203 2739 1457 2786 praeterquam
1486 2731 1584 2782 quod
1622 2732 1716 2769 altc-

192 2814 272 2838 ram
315 2800 503 2851 quandam
547 2800 877 2849 ratio-(115²)nern
923 2801 1095 2839 adferunt
1130 2800 1207 2838 eius
1245 2798 1406 2844 unionis,
1444 2811 1555 2848 quam
1593 2810 1714 2834 sacra-

194 2867 392 2904 mentalem
429 2869 576 2904 vocant.
632 2865 763 2915 Neque
806 2867 905 2904 enim
940 2867 1042 2903 illam
1078 2866 1117 2903 in
1156 2865 1225 2902 hoc
1264 2863 1464 2901 consistere
1498 2866 1644 2912 putant,
1680 2867 1718 2900 ut
