1818 3178
1521 99 1591 137 371

64 211 146 249 loco
185 210 320 248 habere
346 209 565 255 debeamus,
593 212 632 247 ut
660 209 717 246 vel
745 222 826 247 cum
855 208 1077 255 Pharisaeis‚
1105 209 1169 260 qui
1194 208 1304 246 initio
1330 208 1371 246 in
1400 208 1499 245 Mosi
1527 221 1589 245 ca·

63 275 195 312 thedra
232 288 314 312 vere
352 273 608 317 consederant.
635 274 693 312 vel
720 274 907 312 cum.sale
934 274 1106 318 cvanido,
1132 274 1197 324 qui
1223 279 1332 312 antea
1360 273 1480 312 bonus
1509 274 1590 311 sue·

64 346 134 381 rat.
171 337 331 377 conferri
366 337 496 388 possit,
534 350 616 375 cum
654 338 776 376 omnis
815 338 929 376 totius
957 337 1136 388 Papistici
1163 338 1306 376 ordinis
1334 338 1498 387 dignitas
1524 350 1591 375 ex-

66 403 237 441 cellentia
273 402 390 439 virtus
433 407 543 452 atque
577 402 760 439 autoritas
796 406 831 439 et
867 402 1017 440 initium
1045 415 1151 440 suum
1179 406 1215 439 et
1242 415 1480 452 progressum
1508 414 1591 439 om·-

65 481 149 506 nem
177 480 252 505 nou
280 466 430 504 aliunde
457 466 604 511 habeat,
632 479 742 517 quam
771 479 816 503 cx
844 466 1060 517 blasphema
1087 467 1151 503 illa
1179 466 1218 504 in
1247 467 1437 504 Christum
1457 466 1590 503 Domi-

66 545 154 570 num
189 537 422 581 mortemque
458 531 575 581 ipsius
617 530 872 581 propiciatorii
908 530 1033 567 nescio
1072 531 1175 567 cuius
1213 530 1385 567 sacrificii
1411 531 1448 568 in
1481 529 1597 567 Missa.

64 596 214 646 eiusque
258 595 456 646 peculiaris
503 594 700 632 sacerdotii
737 594 907 631 doctrina
942 598 978 631 et
1013 593 1293 641 imaginatione.
1350 594 1475 632 Quam
1512 606 1595 630 cum

65 659 172 697 evelli
208 672 359 710 prorsus
395 664 506 710 atquc
542 659 685 696 aboleri
711 658 752 695 in
779 658 909 709 primis
936 658 976 695 in
1003 657 1172 695 Ecclesia
1200 663 1381 708 oporteat,
1401 658 1593 708 siquidem

67 724 235 762 Christus
272 724 457 761 Dominus
487 724 562 761 ullo
589 723 702 761 modo
730 736 887 772 regnum
915 723 1014 773 apud
1042 736 1111 760 nos
1139 736 1246 760 suum
1273 723 1313 761 in
1342 723 1512 760 doctrina
1540 723 1597 760 sui

66 788 265 838 Euangelii
302 788 435 826 debeat
471 788 653 831 obtinere,
688 787 797 825 facile
835 788 919 834 (63)
948 790 1003 824 est
1031 786 1167 830 videre,
1195 790 1422 837 quantopere
1449 786 1496 824 ad
1524 786 1597 824 Pa-

63 867 150 904 pam
195 853 348 904 eiusque
389 859 685 904 propugnatores
729 851 913 902 pertineat
965 864 1053 888 cura
1088 851 1354 889 instaurandae
1389 852 1598 899 religionis,

66 918 139 955 nisi
173 918 205 955 si
241 918 288 955 ad
322 918 431 967 lupos
468 929 615 967 quoque
652 929 777 953 curam
814 915 969 952 ovilium
988 904 1180 966 ¹pertinere
1206 916 1404 966 praecipue
1431 916 1601 960 velimus,

66 995 108 1020 eo
146 981 247 1032 quod
283 981 381 1019 rictu
409 994 474 1018 suo
505 994 612 1018 canes
640 981 776 1018 referre
804 979 1079 1030 quodammodo
1108 979 1316 1025 videantur,
1343 979 1479 1029 quibus
1506 980 1601 1016 alio-

65 1049 131 1099 qui
166 1048 291 1086 ovium
329 1046 497 1084 custodia
535 1045 635 1086 credi
671 1044 776 1088 solet,
813 1057 895 1081 cum
934 1049 1057 1081 tamen
1094 1044 1216 1081 omnis
1245 1056 1332 1080 cura
1360 1056 1403 1080 ac
1431 1044 1602 1081 custodia

67 1127 201 1151 canum
233 1113 272 1150 in
311 1112 381 1149 hoc
417 1111 654 1162 potissimum
681 1109 902 1147 adhibeatur
930 1109 1106 1154 ovilibus,
1134 1112 1175 1146 ut
1202 1109 1248 1146 ab
1278 1108 1352 1146 illis
1379 1109 1459 1159 lupi
1486 1122 1599 1159 quam

65 1178 284 1227 longissime
327 1181 537 1214 arceantur.
590 1176 714 1225 Atque
760 1174 832 1211 hoc
868 1174 921 1211 ita
956 1173 1003 1211 ad
1039 1171 1198 1223 primam
1234 1173 1331 1211 hanc
1365 1173 1597 1223 Papistarum

71 1242 322 1280 obiectionem
350 1239 587 1291 respondisse
614 1238 705 1276 satis
733 1238 814 1275 erit.

112 1301 155 1345 ‘2.
210 1306 364 1351 Dicunt,
400 1303 608 1341 Ecclesiam
644 1316 723 1340 esse
769 1302 979 1339 columnam
1016 1315 1059 1338 ac
1087 1301 1206 1339 basim
1236 1301 1415 1346 veritatis,
1443 1314 1486 1339 ac
1513 1315 1601 1353 pro-

68 1371 157 1408 inde
201 1370 303 1407 illam
347 1382 471 1407 errare
512 1367 800 1418 haudquaquam
834 1379 959 1417 posse3
997 1379 1034 1403 se
1062 1370 1185 1403 autem
1219 1366 1488 1415 gubernatores
1525 1379 1604 1403 esse

68 1435 269 1481 Ecclesiae,
305 1447 431 1485 quare,
468 1446 553 1470 cum
581 1432 748 1470 Ecclesia
784 1444 907 1469 errare
943 1443 1018 1468 non
1055 1431 1186 1481 possit,
1213 1443 1281 1468 nec
1309 1444 1347 1468 se
1375 1444 1535 1481 quoque,
1562 1436 1604 1468 ut

67 1499 169 1537 illius
204 1499 484 1549 gubernatores,
519 1497 597 1534 ullo
635 1496 748 1534 modo
784 1508 905 1546 posse,
941 1508 984 1532 ac
1019 1495 1179 1545 proinde
1215 1494 1262 1531 ad
1299 1508 1337 1532 se
1369 1495 1603 1545 potissimum

68 1563 333 1601 recurrendum
369 1575 448 1600 esse
489 1562 528 1599 in
567 1561 742 1598 omnibus
771 1560 1037 1597 controversiis
1064 1559 1260 1609 religionis
1289 1572 1411 1610 neque
1439 1560 1519 1597 sine
1548 1559 1605 1609 ip-

70 1628 120 1665 sis
157 1627 217 1665 hic
254 1627 368 1665 statui
404 1626 605 1677 quicquam
639 1629 703 1662 aut
740 1625 873 1662 debere
900 1624 1100 1661 autetiam
1130 1636 1250 1674 posse.
1307 1624 1387 1661 Nos
1416 1635 1528 1674 porro
1557 1624 1603 1662 ad

70 1692 161 1729 hacc
194 1691 471 1742 respondemus.
525 1691 617 1727 Esse
646 1690 717 1726 hoe
745 1689 895 1740 quidem
925 1689 1085 1726 Satanae
1112 1688 1319 1737 ingenium,
1348 1693 1387 1725 ut
1416 1702 1503 1725 suae
1530 1689 1606 1725 im-

68 1755 198 1806 pietati
242 1755 368 1791 fucum
402 1756 487 1802 (64)
533 1752 743 1790 sanctitatis
787 1752 948 1802 aliquem
986 1751 1180 1797 obtendat,
1212 1764 1290 1801 quo
1328 1751 1606 1788 fraudulentius

68 1822 187 1865 fallat,
222 1821 285 1859 scd
320 1820 402 1864 fieri
436 1821 586 1857 interim
622 1831 700 1857 non
742 1831 862 1869 posse,
898 1818 988 1868 quin
1018 1831 1055 1855 se
1083 1817 1222 1855 alicubi
1251 1816 1458 1867 hypocrisis
1486 1817 1603 1867 ipsius

69 1885 217 1937 prodat.
271 1885 332 1922 Ita
367 1892 403 1922 et
438 1884 501 1921 isti
529 1888 714 1921 conantur
741 1882 892 1932 quidem
919 1881 1039 1919 modis
1069 1881 1243 1919 omnibus
1272 1880 1465 1930 tyrannidi
1492 1886 1603 1931 atque

70 1949 252 2001 impietati
287 1949 495 1999 speciosum
523 1948 712 1985 Ecclesiae
737 1947 888 1984 titulum
915 1946 1129 1991 obtendere,
1157 1945 1220 1983 sed
1248 1948 1425 1982 retectam
1452 1945 1504 1982 ita
1528 1945 1600 1982 iam

71 2013 251 2050 habemus
272 2012 375 2049 verbi
397 2011 513 2049 divini
530 2011 612 2048 luce
630 2010 875 2060 imposturam
894 2009 1058 2059 ipsorum
1078 2031 1128 2037 —
1148 2008 1196 2046 sit
1214 2008 1376 2046 Domino
1397 2009 1537 2058 gratia!
1552 2031 1603 2038 --

71 2083 111 2116 ut
139 2091 207 2115 nos
234 2077 339 2125 (hac)
367 2076 508 2127 alioqui
535 2076 575 2113 in
602 2075 671 2112 hac
697 2078 801 2124 parte
828 2086 905 2110 non
932 2077 1010 2111 tam
1037 2073 1145 2110 facile
1173 2086 1284 2123 quam
1312 2076 1447 2122 putant
1475 2073 1603 2111 fallere

72 2142 230 2193 amplius
274 2141 431 2193 possint.
487 2140 657 2178 Produnt
702 2144 824 2177 autem
861 2138 1010 2189 ipsimet
1046 2151 1150 2175 suam
1187 2138 1264 2174 sive
1300 2137 1488 2174 inscitiam
1526 2138 1605 2176 sive

71 2207 251 2245 malitiam
280 2203 349 2244 hac
385 2219 451 2244 sua
477 2204 776 2243 ratiocinatione.
827 2203 928 2240 Dum
955 2202 1053 2240 enim
1081 2215 1126 2240 ex
1154 2202 1270 2240 Paulo
1301 2201 1442 2247 dicunt,
1469 2201 1601 2240 Eccle-

72 2273 163 2310 siam
194 2285 273 2310 esse
308 2272 519 2308 columnam
546 2284 589 2307 ac
615 2270 778 2307 fulcrum
805 2267 984 2313 veritatis,
1011 2271 1075 2305 aut
1102 2280 1190 2305 saue
1218 2267 1287 2314 sub
1316 2266 1504 2304 Ecclesiae
1531 2280 1600 2304 no-

71 2337 171 2375 mine
205 2336 316 2374 unius
359 2336 541 2373 duntaxat
578 2333 733 2387 alicuius
760 2332 939 2383 temporis
967 2331 1087 2369 locive
1123 2331 1331 2368 Ecclesiam
1359 2331 1597 2380 intelligunt:

71 2405 107 2439 et
142 2404 222 2438 tum
257 2401 368 2450 plane
403 2413 424 2437 a
459 2403 583 2437 mente
619 2410 663 2435 ac
699 2396 884 2435 sententia
921 2396 1028 2434 Pauli
1056 2409 1168 2447 quam
1194 2395 1413 2445 longissime
1440 2395 1599 2442 absunt3

72 2470 137 2503 aut
172 2465 292 2516 (quod
336 2464 454 2501 multo
491 2462 659 2513 gravius)
697 2462 855 2499 scientes
891 2461 994 2499 illam
1028 2474 1071 2498 ac
1107 2461 1273 2498 volentes
1312 2460 1526 2510 depravant,
1561 2465 1602 2498 ut

72 2530 196 2568 verbis
233 2529 379 2567 demum
416 2527 645 2579 Apostolicis
682 2527 729 2564 ad
766 2525 1060 2563 confirmandam
1097 2539 1202 2563 suam
1237 2525 1473 2575 tyrannidem
1508 2525 1602 2562 insi-

75 2594 177 2632 diose
211 2594 428 2632 abutantur.
483 2592 625 2642 Estque
661 2591 755 2628 falsa
785 2591 875 2628 haec
901 2590 1066 2641 ipsorum
1097 2589 1281 2637 doctrina,
1308 2603 1381 2640 qua
1407 2590 1463 2626 illi
1491 2590 1600 2627 unius

73 2657 230 2695 alicuius
273 2657 452 2708 temporis
486 2656 606 2693 locive
641 2654 862 2700 Ecclesiam,
897 2659 983 2705 post
1025 2654 1336 2705 Apo-(65)stolos
1373 2654 1603 2704 praesertim,

76 2723 285 2761 columnam
321 2735 365 2759 ac
401 2722 560 2759 fulcrum
599 2720 766 2758 veritatis
802 2732 883 2758 esse
909 2720 1071 2768 fingunt.
1125 2722 1214 2766 Aut,
1243 2719 1275 2756 si
1302 2719 1527 2770 Apostolum
1557 2719 1602 2756 dc

76 2786 257 2824 catholica
293 2786 382 2833 illic,
417 2785 585 2823 omnium
619 2784 791 2822 videlicet
825 2787 861 2822 et
896 2786 1106 2834 temporum
1142 2787 1178 2821 et
1212 2783 1397 2828 locorum,
1433 2782 1601 2820 Ecclesia

78 2850 181 2902 loqui
216 2851 391 2897 fatentur,
427 2863 522 2902 quae
558 2848 698 2900 alioqui
734 2853 769 2886 et
805 2847 1008 2907 Prophetas
1043 2852 1079 2885 ct
1115 2847 1318 2898 Apostolos
1355 2859 1483 2883 omncs
1521 2860 1603 2884 cum

1379 2911 1450 2948 24*
