1818 3178
757 119 814 146 ΕΡ.
845 119 990 146 DOCTR.
1569 109 1641 146 491

111 224 217 265 teret,
263 219 337 258 nisi
371 219 498 258 divina
533 219 653 270 ipsius
692 219 948 258 misericordia
985 219 1033 257 ab
1070 232 1112 258 ea
1156 220 1367 258 calamitate
1408 219 1645 259 relevaretur.

115 283 391 320 Commemorat
427 287 552 319 autem
580 283 760 333 propheta
788 282 912 327 etiam,
940 282 1032 333 quid
1061 281 1174 320 nobis
1202 282 1429 333 praestiterit
1459 282 1549 320 haec
1576 281 1648 319 Dei

112 346 380 386 misericordia.
417 346 581 385 Redimit
608 347 657 385 ab
685 347 851 392 interitu,
879 347 1015 398 inquit,
1043 347 1155 385 vitam
1185 351 1366 391 nostram,
1395 347 1646 385 condemnato

112 412 289 450 nimirum
318 411 388 449 sub
416 411 559 462 peccati
588 412 710 450 nostri
739 412 979 450 maledictum
1010 426 1054 450 ac
1081 412 1121 450 in
1149 416 1307 451 mortem
1337 412 1486 449 demum
1505 411 1646 450 tradito

111 476 223 514 etiam
251 474 448 524 unigenito
477 475 556 513 filio
585 490 666 518 suo.
693 477 758 526 qui
789 476 938 514 sublata
966 476 1004 514 in
1035 490 1074 514 se
1103 490 1199 514 noxa
1230 476 1332 514 omni
1361 481 1512 514 nostrae
1539 476 1645 514 infir·

112 538 254 577 mitatis
290 538 643 591 communicataque
681 540 845 578 vicissim
883 540 992 578 nobis
1031 554 1096 578 sua
1132 541 1350 578 innocentia
1378 541 1577 591 magnifice
1605 540 1644 578 in

113 616 151 642 se
178 602 218 640 id
244 606 367 641 totum
396 603 572 650 restituit,
598 604 699 654 quod
728 603 768 642 in
797 604 880 642 Ada
908 609 1060 655 parente
1089 609 1217 642 nostro
1245 604 1501 643 amiseramus.
1532 605 1648 642 Sanat

115 672 306 720 praeterea
343 681 475 705 omnes
512 668 755 707 infirmitates
793 674 941 706 nostras
977 669 1024 706 ab
1053 668 1136 707 Ada
1164 673 1319 720 parente
1348 673 1479 707 nostro
1508 669 1548 706 in
1577 682 1647 706 nos

113 736 352 783 propagatas.
381 732 529 770 Deinde
556 734 734 784 quoniam
764 747 841 771 non
869 739 944 771 tam
973 720 1171 771 infirmitas
1197 733 1280 784 ipsa
1308 747 1327 770 a
1357 734 1469 771 nobis
1498 733 1647 772 sublata

112 801 169 835 est
205 810 319 848 quam
353 796 586 834 infirmitatis
625 810 724 835 noxa
760 798 900 848 potius,
928 809 1070 848 nosque
1099 797 1188 835 dum
1218 798 1278 835 hic
1308 797 1476 835 vivemus
1504 797 1648 848 absque

112 866 264 912 peccato
301 874 382 899 esse
417 874 495 898 non
533 874 744 911 possumus,
777 861 816 899 id
854 874 1004 912 quoque
1040 862 1203 912 pertinet
1239 861 1287 899 ad
1322 861 1548 900 ineffabilem
1577 861 1648 899 Dei

111 925 422 968 misericordiam,
460 930 498 964 ut
533 925 733 964 nobiscum
771 940 847 964 non
886 939 955 978 pro
991 939 1035 964 eo
1073 939 1116 963 ac
1142 925 1266 964 indies
1294 939 1518 964 mereremur
1547 930 1646 975 agat.

114 989 306 1028 Nimirum
334 1003 411 1028 non
438 990 599 1041 amplius
629 990 793 1028 intuetur
814 991 854 1028 in
884 991 994 1028 nobis
1023 1004 1063 1028 ea
1092 990 1240 1037 delicta,
1268 1004 1365 1042 quae
1392 990 1539 1028 assidue
1559 1003 1648 1028 sane

111 1055 161 1092 ab
186 1054 405 1093 infirmitate
434 1060 562 1093 nostra
593 1055 852 1105 designantur,
871 1055 935 1093 sed
954 1055 994 1093 in
1013 1056 1130 1093 filium
1152 1069 1259 1093 suum
1280 1055 1515 1106 unigenitum
1535 1056 1649 1094 semel

113 1120 295 1157 translata
324 1124 503 1170 perpetuo
533 1119 643 1158 nobis
671 1120 797 1157 omnia
827 1120 1028 1165 condonet,
1056 1119 1168 1157 unica
1187 1133 1315 1157 eorum
1335 1120 1547 1170 expiatione
1566 1120 1647 1170 pla·

113 1189 232 1223 catus.
260 1185 352 1222 Non
379 1184 485 1229 iacit,
511 1185 646 1235 inquit.
676 1184 781 1222 iuxta
811 1188 962 1235 peccata
990 1189 1120 1222 nostra
1149 1197 1270 1235 neque
1296 1184 1401 1222 iuxta
1425 1184 1648 1235 iniquitates

113 1254 260 1288 nostras
298 1249 473 1287 retribuit
508 1248 631 1288 nobis.
690 1249 794 1286 Quid
830 1249 931 1300 quod
963 1252 1069 1286 tanto
1107 1249 1220 1286 etiam
1257 1249 1458 1287 intervallo
1486 1262 1506 1286 a
1535 1248 1647 1286 nobis

112 1318 265 1366 peccata
293 1314 420 1352 omnia
450 1318 581 1351 nostra
608 1314 820 1356 submovet.
847 1319 989 1365 quanto
1018 1314 1109 1353 solis
1137 1319 1243 1353 ortus
1272 1314 1318 1352 ab
1348 1327 1483 1352 occasu
1506 1314 1647 1352 distat?

112 1380 162 1417 Et
197 1392 293 1430 quae
327 1392 372 1417 ex
411 1392 449 1416 se
477 1392 554 1417 non
584 1379 695 1417 modo
726 1379 843 1417 nullis
871 1379 1026 1417 omnino
1054 1379 1229 1431 praemiis
1256 1379 1384 1429 digna,
1413 1379 1476 1417 sed
1506 1379 1649 1431 suppli-

113 1445 179 1482 ciis
220 1457 369 1495 quoque
405 1457 482 1481 non
519 1444 677 1493 indigna
703 1448 894 1495 praeterea
922 1448 1040 1490 erant,
1068 1459 1110 1482 ea
1137 1444 1176 1483 in
1205 1445 1316 1483 nobis
1343 1458 1408 1496 per
1436 1444 1647 1483 misericor-

113 1509 212 1547 diam
240 1515 277 1547 et
303 1508 567 1547 miserationes
596 1522 681 1546 suas
710 1513 881 1547 coronat.
919 1509 1090 1547 Breviter
1117 1509 1170 1547 ita
1198 1514 1253 1548 est
1281 1523 1369 1559 erga
1399 1522 1468 1547 nos
1497 1508 1650 1548 affectus

113 1574 300 1612 Dominus
336 1573 435 1611 Deus
474 1577 611 1616 noster,
648 1573 679 1610 si
707 1573 829 1611 verbis
856 1573 1061 1624 prophetae
1098 1573 1296 1618 credimus,
1323 1578 1364 1611 ut
1390 1587 1476 1623 erga
1505 1573 1644 1612 liberos

113 1643 246 1677 natura
272 1638 481 1676 imbecilles
510 1643 613 1689 pater
640 1638 994 1687 indulgentissimus
1022 1639 1116 1676 affici
1145 1639 1252 1678 solet.
1306 1639 1448 1690 Estque
1475 1638 1526 1677 ita
1555 1651 1645 1690 opu-

110 1703 212 1741 lenta
241 1702 370 1741 divina
396 1703 500 1740 illius
527 1703 567 1740 in
595 1716 665 1740 nos
693 1702 962 1748 misericordia,
990 1707 1030 1741 ut
1056 1704 1159 1741 nulla
1189 1704 1283 1742 coeli
1311 1704 1358 1741 ad
1384 1708 1522 1742 terram
1544 1717 1646 1742 com·

112 1767 309 1818 paratione
336 1767 496 1818 exprimi
523 1767 615 1805 satis
643 1771 767 1818 queat.
822 1767 917 1805 Eam
945 1781 1056 1819 porro
1085 1768 1199 1806 talem
1227 1782 1271 1806 ac
1299 1772 1445 1806 tantam
1473 1782 1579 1806 suam
1605 1768 1646 1807 in

112 1846 181 1871 nos
218 1832 486 1882 benignitatem
523 1836 560 1870 et
593 1833 890 1870 misericordiam
926 1833 1080 1871 minime
1115 1833 1277 1871 obscuro
1316 1834 1421 1872 verbi
1449 1833 1507 1872 sui
1534 1834 1641 1872 testi-

112 1897 239 1935 monio
268 1897 380 1934 nobis
407 1901 584 1948 perpetuo
613 1896 791 1935 inculcat.
822 1897 935 1935 Hanc
962 1902 997 1935 et
1026 1897 1213 1936 institutis
1240 1898 1280 1936 in
1310 1898 1379 1936 hac
1406 1898 1647 1949 peculiariter

113 1961 295 2011 symbolis
331 1961 558 2012 quibusdam
595 1960 732 1999 animis
761 1961 902 2000 uostris
929 1962 982 2000 ita
1011 1962 1171 2000 subinde
1198 1967 1367 2008 renovat,
1394 1962 1542 2014 quoties
1569 1962 1646 2000 illis

110 2029 210 2064 recte
244 2025 398 2071 utimur,
437 2030 476 2064 ut
511 2025 599 2063 fidei
637 2030 787 2065 nostrae
823 2027 990 2076 vigorem
1028 2027 1128 2065 haud
1155 2028 1263 2065 aliter
1290 2027 1329 2065 in
1358 2027 1470 2066 nobis
1500 2041 1645 2078 semper

111 2104 181 2129 usu
206 2090 360 2128 illorum
388 2090 572 2137 restituat,
600 2104 711 2141 quam
739 2091 886 2142 aquilae
912 2092 1100 2138 iuventus,
1126 2096 1169 2130 ut
1196 2097 1251 2130 est
1279 2092 1317 2130 in
1345 2092 1556 2143 proverbio,
1587 2105 1647 2130 re·

110 2157 243 2194 novari
279 2157 385 2195 solet.
423 2155 505 2194 Iam
541 2160 578 2194 et
606 2169 750 2194 summa
776 2170 902 2195 rerum
928 2157 968 2195 in
998 2158 1073 2195 vita
1102 2157 1173 2195 hac
1207 2158 1377 2196 omnium
1406 2158 1514 2209 copia
1541 2171 1645 2197 suam

110 2221 220 2259 nobis
256 2221 442 2272 approbat
470 2234 554 2259 vere
581 2231 776 2272 paternam
806 2222 1053 2261 clementiam.
1108 2222 1199 2261 Non
1226 2222 1368 2274 patitur
1397 2222 1507 2261 nobis
1534 2223 1645 2274 quid-

107 2298 222 2336 quam
249 2285 377 2323 deesse
405 2285 575 2330 omnino,
601 2285 703 2336 quod
730 2286 843 2324 modo
872 2287 1034 2325 salutare
1061 2300 1142 2325 esse
1171 2287 1279 2325 sciat.
1309 2287 1384 2325 Dat
1411 2300 1532 2325 escam
1563 2291 1645 2325 toto

110 2353 291 2388 terrarum
329 2348 420 2387 orbe
455 2349 652 2387 universae
690 2350 795 2388 carni
837 2350 877 2388 in
916 2355 1088 2389 nostrum
1123 2351 1343 2403 obsequium
1381 2356 1417 2390 et
1454 2352 1565 2390 satiat
1604 2365 1646 2406 os

109 2420 281 2452 nostrum
309 2414 414 2451 omni
443 2413 629 2451 bonorum
657 2427 807 2463 genere.
861 2414 1043 2453 Vindicat
1070 2419 1219 2454 nostras
1247 2417 1308 2464 (7)
1338 2416 1495 2454 iniurias
1524 2430 1646 2468 neque

108 2479 315 2530 quidquam
353 2478 618 2528 praetermittit
641 2478 798 2517 omnino
827 2479 929 2530 quod
957 2480 1004 2517 ad
1034 2479 1370 2518 commendandam
1400 2480 1511 2518 nobis
1540 2494 1645 2518 suam

106 2543 204 2581 hanc
241 2542 538 2581 misericordiam
576 2543 748 2582 videatur
783 2544 1053 2595 quoquomodo
1089 2545 1289 2596 pertinere.
1344 2545 1452 2583 Haec
1481 2559 1570 2584 sane
1598 2546 1643 2583 de

106 2608 172 2645 illo
203 2609 254 2646 ita
280 2608 461 2659 propheta
491 2609 632 2653 omnia,
659 2608 722 2647 sed
752 2609 862 2647 docet
888 2609 1000 2647 etiam
1029 2610 1075 2648 ad
1103 2623 1199 2661 quos
1235 2610 1473 2662 potissimum
1501 2614 1642 2661 spectet

106 2676 212 2711 tanta
249 2672 352 2710 illius
383 2673 531 2710 bonitas
561 2678 596 2710 et
625 2673 893 2712 misericordia.
948 2673 1047 2712 Dum
1076 2674 1335 2713 infirmitatem
1364 2678 1536 2713 nostram
1565 2687 1644 2713 oin-

106 2750 192 2775 nem
227 2737 275 2774 ab
309 2736 375 2774 illo
405 2737 529 2774 sanari
557 2737 678 2780 docet,
707 2742 959 2788 contemptum
987 2738 1189 2790 impiorum
1218 2739 1435 2777 hauddubie
1463 2737 1642 2782 excludit,

102 2805 140 2839 et
167 2801 347 2851 quoniam
374 2801 407 2839 is
436 2801 537 2838 nulla
565 2802 638 2839 alia
657 2815 698 2839 re
725 2801 898 2851 dignosci
919 2801 1051 2840 melius
1072 2802 1120 2841 ab
1137 2803 1356 2841 infirmitate
1378 2806 1512 2854 potest,
1528 2815 1641 2852 quam

102 2868 255 2917 ἀφοβῖᾳ
292 2866 423 2915 (desiit
459 2866 558 2904 enim
593 2866 722 2904 timere
750 2866 815 2918 qui
844 2867 1068 2915 contemnit)
1098 2871 1138 2907 ut
1167 2868 1263 2906 nihil
1292 2881 1445 2919 prorsus
1473 2866 1518 2904 ad
1549 2879 1641 2907 cou-
