1818 3178
743 143 986 173 PRAEFATIO.
1538 139 1625 166 CVII

107 281 127 306 v
146 256 317 299 Patriae
357 252 437 296 sub
466 252 549 295 Tui
581 251 760 293 nominis
794 250 1027 307 patrocinio
1058 246 1376 304 assignarem;”
1414 247 1444 301 ¹)
1478 269 1529 276 -
1563 243 1623 286 di-

103 335 212 371 serte
253 332 469 383 praeterea
515 329 721 365 testantur
764 321 975 378 Epistolae
1008 327 1103 369 tres,
1136 334 1242 375 quae
1274 316 1494 359 comitatae
1526 321 1625 356 sunt

105 399 229 440 huius
267 395 398 438 libelli
429 393 686 449 exemplaria
717 392 768 434 ab
799 393 890 447 ipso
919 398 1092 432 auctore
1123 389 1174 431 ad
1204 387 1407 430 Poloniae
1439 386 1621 442 Regem,

105 467 306 512 Senatum
347 472 388 507 et
419 465 670 520 Equestrem
701 462 892 504 ordinem
928 461 1073 502 missa:
1107 459 1261 500 evincit
1291 458 1471 512 denique
1501 471 1622 513 prae-

104 539 326 581 monitoria
371 537 499 594 ipsius
539 536 635 577 libri
673 533 860 591 epistola,
908 547 990 589 qua
1028 531 1342 574 consensionem
1374 544 1492 571 suam
1525 542 1622 570 cum

105 609 377 652 confessione
410 609 668 665 Augustana
701 605 752 648 ob
781 621 871 646 eam
906 619 996 646 rem
1032 602 1242 658 professus
1273 608 1345 652 est,
1379 599 1489 655 quod
1520 599 1625 642 tanti

104 698 195 725 eam
229 680 435 724 faciebant
465 679 692 723 Polonicae
726 675 1036 719 reformationis
1066 674 1245 730 patroni.
1308 671 1397 716 Sub
1427 672 1554 714 finem
1585 686 1622 714 a.

107 755 218 797 1554
249 753 395 811 praelo
426 768 523 795 eum
555 750 713 794 Emdae
743 748 935 791 submisit
967 753 1119 796 noster,
1153 753 1201 787 ut
1232 746 1317 801 ipse
1338 745 1376 787 d.
1401 745 1424 787 5
1448 742 1623 787 Octobr.

106 828 218 869 1554
249 826 298 868 ad
333 825 445 869 Bull.
477 825 637 867 scribit:
675 846 696 871 ῃ
720 836 834 864 nunc
864 819 941 862 sub
964 819 1108 875 praelo
1129 826 1190 859 est
1212 818 1337 860 Ratio
1360 815 1625 874 gubernandi

107 921 129 946 n
154 904 340 940 nostram
372 898 415 939 in
449 896 612 952 Anglia
644 893 871 935 Ecclesiam
905 906 1000 933 cum
1035 890 1124 931 eius
1154 888 1301 931 ritibus
1332 904 1380 931 ac
1412 903 1624 930 caeremo-

108 993 128 1017 ῃ
152 970 271 1018 niis‚'’
306 971 338 1019 ³)
382 975 423 1010 et
462 974 641 1009 exeunte
672 980 783 1007 anno
825 962 1016 1019 sequenti
1060 961 1331 1003 Francoforti
1372 961 1528 1002 editum
1573 960 1624 1002 ad

104 1041 280 1083 eundem
318 1040 425 1082 misit
456 1039 519 1080 his
551 1037 705 1079 verbis:
742 1060 763 1085 η
778 1034 993 1078 Libellum
1026 1049 1050 1074 a
1084 1049 1149 1074 me
1178 1047 1294 1074 nunc
1324 1032 1511 1088 primum
1540 1031 1624 1073 edi-

108 1137 128 1162 η
148 1121 234 1155 tum
267 1112 338 1154 tibi
371 1113 502 1164 mitto,
535 1120 581 1152 ut
613 1110 730 1166 legas
761 1115 803 1150 et
833 1105 1034 1149 iudices.”
1055 1107 1088 1160 4)
1125 1105 1236 1146 Exiit
1267 1112 1406 1146 autem
1439 1103 1516 1145 sub
1547 1103 1625 1146 hoc

100 1185 243 1228 titulo:

164 1261 307 1302 Forma
339 1273 386 1300 ac
415 1258 522 1299 ratio
555 1259 640 1297 tota
671 1251 951 1295 Ecclesiastici
981 1249 1210 1300 ministerii,
1244 1249 1286 1290 in
1310 1247 1626 1301 pereqrinoram,

99 1332 348 1386 potissimum
379 1345 468 1372 vero
504 1330 786 1370 Germanorum
818 1323 1029 1366 Ecclesia:
1061 1323 1257 1363 instituta
1289 1320 1462 1362 Londini
1483 1320 1528 1360 ia
1548 1325 1628 1360 An-

99 1405 201 1458 qlia,
228 1419 305 1458 per
335 1402 636 1445 Pientissimum
667 1398 894 1451 Principem
930 1395 1102 1449 Arzyliae
1123 1399 1196 1436 etc.
1219 1394 1364 1446 Reqem
1387 1392 1627 1443 Edvmdum,

104 1477 191 1518 eius
221 1475 393 1517 nominis
423 1474 604 1515 Sextum.-
640 1487 743 1513 anno
768 1474 862 1524 post
897 1469 1098 1509 Christum
1130 1471 1270 1507 vatum
1303 1464 1430 1506 1550.
1479 1463 1626 1505 Addita

105 1551 161 1590 ad
196 1549 341 1589 calcem
375 1546 505 1587 libelli
536 1543 761 1597 Privileyio
792 1555 890 1583 suae
922 1538 1174 1582 Maiestatis.
1236 1539 1390 1579 Autore
1422 1535 1573 1577 Ioanne
1603 1534 1628 1575 a

103 1622 227 1662 Lasco
258 1618 453 1661 Poloniae
484 1618 656 1659 Barone.
723 1616 815 1655 Cum
847 1612 975 1654 Brevi
1007 1611 1127 1652 etiam
1162 1610 1224 1661 (in
1255 1609 1443 1662 Epistola
1478 1622 1629 1648 nanca-

100 1693 281 1747 patoria)
327 1691 620 1733 calumniarum
657 1687 909 1743 quarundam
949 1683 1233 1739 refutatione:
1277 1697 1380 1737 quae
1401 1682 1525 1737 salso
1556 1682 1626 1722 acl-

107 1780 241 1807 versus
280 1765 408 1817 ipsum
439 1763 482 1804 in
522 1759 862 1803 Martiniarzi
893 1757 1099 1798 cuiusdam
1130 1756 1243 1808 apud
1269 1755 1505 1795 Bremenscs
1533 1768 1626 1805 pas-

106 1837 204 1878 toris
226 1834 527 1891 farrayine
558 1833 760 1886 inspersae
790 1831 998 1872 habentur.
1063 1828 1177 1870 Psal.
1214 1826 1311 1867 140.
1352 1825 1427 1868 Vir
1457 1825 1627 1879 linquam

106 1924 182 1950 non
221 1907 416 1960 cliriqetur
453 1907 496 1946 in
539 1909 668 1946 terra:
715 1902 752 1943 V
749 1903 849 1943 irum
899 1902 1095 1955 iniquam,
1139 1899 1286 1939 malum
1331 1897 1544 1939 venabitur
1575 1898 1630 1938 acl

103 1979 399 2035 praecipitium.
434 1977 483 2032 (s.
517 1975 556 2017 d.
591 1975 618 2017 l.
649 1981 689 2015 et
719 1975 766 2029 t.)
806 1971 1020 2030 [Francos.
1054 1970 1104 2012 ad
1137 1970 1282 2011 Moen.
1315 1985 1352 2011 a.
1387 1968 1530 2025 1555]

168 2050 352 2108 Epistola
399 2047 705 2104 nuncupatoria
736 2045 832 2086 data
863 2052 925 2086 est
954 2042 1005 2085 ad
1037 2040 1359 2099 sigismundum
1391 2041 1555 2097 Regem
1588 2047 1628 2081 et

106 2123 354 2167 Martiniani
395 2120 585 2178 pastoris,
633 2119 657 2160 i.
691 2133 725 2160 e.
772 2116 944 2158 Ioannis
984 2115 1195 2166 Timanni,
1229 2113 1440 2155 Ecclesiae
1472 2111 1628 2155 Sancto

107 2197 295 2240 Martino
326 2194 484 2236 dicatae
515 2190 626 2248 apud
658 2191 906 2232 Bremenses
938 2188 1127 2244 pastoris,
1161 2186 1349 2227 libellum
1383 2184 1460 2227 sub
1479 2186 1628 2226 ,Farra-

101 2270 212 2325 yinis
241 2266 363 2309 titulo
394 2264 551 2306 editum
588 2260 836 2318 perstringit
877 2274 925 2300 ac
957 2258 1125 2300 refutat.
1172 2255 1401 2313 Epistolam
1437 2255 1627 2311 sequitur

108 2340 310 2399 praefatio
349 2337 399 2379 ad
430 2336 672 2385 Lectorem,
706 2347 833 2389 quam
866 2330 1019 2386 excipit
1051 2329 1244 2384 deinceps
1277 2327 1471 2383 copiosus
1501 2325 1627 2368 index

107 2427 264 2461 rerum,
311 2423 437 2466 quem
484 2407 675 2448 omittere
720 2404 761 2446 in
799 2403 876 2445 hoc
908 2401 1056 2444 saltem
1090 2399 1231 2441 libello
1261 2399 1450 2455 iniquum
1486 2397 1629 2440 fuisset

108 2493 147 2528 et
191 2498 316 2526 usum
363 2492 631 2534 summopere
671 2474 952 2531 impedivisset
992 2479 1118 2528 atque
1161 2471 1400 2514 lectionem.
1461 2469 1513 2512 In
1544 2469 1628 2511 fine

107 2557 203 2599 libri
234 2554 416 2611 diploma
449 2551 613 2607 regium
647 2547 815 2590 affixum
850 2552 922 2588 est.
971 2544 1202 2601 Reperitur
1232 2543 1357 2584 etiam
1389 2543 1428 2584 in
1461 2541 1625 2598 paucis-

151 2704 176 2743 1)
200 2702 225 2733 I.
248 2701 266 2732 a
288 2701 408 2736 Lssco,
436 2698 546 2739 Opera,
570 2696 640 2727 Vol.
663 2695 705 2727 II.
730 2706 760 2736 p,
783 2694 832 2726 13.

149 2759 175 2797 2)
199 2756 332 2793 Ibidem,
355 2753 426 2785 Vol.
449 2753 475 2785 Ι,
500 2763 530 2794 p.
554 2751 624 2782 349.
669 2750 813 2791 „Itaque
842 2759 907 2780 cum
935 2758 1017 2788 prae
1046 2747 1185 2778 manibus
1207 2747 1345 2778 haberem
1369 2745 1516 2781 libellam,
1539 2753 1626 2785 quem

106 2810 323 2851 „renascentis
343 2809 416 2840 istic
440 2806 606 2848 Euanyelii
628 2805 729 2836 initiis
751 2803 944 2835 commodare
960 2803 1081 2844 posse.”
1105 2801 1154 2834 Of.
1179 2801 1313 2838 Ibidem,
1337 2811 1367 2844 p.
1392 2799 1451 2830 355
1475 2801 1508 2830 et
1531 2797 1602 2833 387.

148 2870 174 2908 3)
199 2868 224 2899 1.
247 2867 265 2898 ὲ
286 2866 407 2902 ΕΑεοο,
434 2864 545 2904 opera,
569 2862 638 2893 Vol.
661 2861 705 2892 ΙΙ.
728 2871 760 2903 p.
782 2859 854 2894 708.

148 2926 174 2969 ⁴)
197 2922 330 2960 Ibidem,
352 2932 384 2964 p.
408 2919 477 2957 714,
