1818 3178
760 117 1006 147 PRAEFATIO.
1573 119 1647 148 XIX

119 228 371 264 memoratos
412 237 482 264 eos
523 222 719 278 reperias.
780 223 882 265 Esse
923 224 1101 280 denique
1141 224 1252 266 inter
1282 222 1484 280 opuscula
1514 223 1642 280 ipsius

118 292 199 335 alia
231 308 412 349 quorum
446 294 667 344 versiones,
698 293 778 336 alia
810 309 990 350 quorum
1028 295 1299 338 secundariae
1321 301 1481 337 tantum
1504 294 1645 337 editio-

119 380 192 407 nes
221 365 509 414 innotuissent,
541 366 767 422 primariae
800 381 898 408 vero
928 373 970 408 et
999 382 1075 409 suo
1096 382 1288 409 sermone
1311 368 1528 424 loquentes
1548 383 1641 424 per·

120 443 249 492 petuo
279 452 366 478 sese
397 436 689 479 subduxissent
720 438 959 494 conspectui
991 445 1030 480 et
1062 439 1365 494 conquisitioni.
1409 438 1544 480 Plura
1576 438 1644 480 ad-

120 508 218 550 dere
259 524 433 564 possem,
475 509 545 551 sed
587 516 633 551 ut
671 508 800 551 libere
841 509 989 561 dicam,
1033 509 1082 551 de
1125 525 1174 551 eo
1205 510 1490 553 convincendo
1522 509 1645 566 plane

119 578 397 636 desperarem,
429 581 497 622 cui
527 581 636 623 hisce
666 596 749 623 non
781 579 1059 637 persuadetur
1091 582 1366 637 argumentis,
1400 582 1528 624 Lasci
1548 597 1646 638 ope-

122 668 219 696 rum
259 660 299 696 et
339 670 547 697 summam
580 670 666 697 esse
696 654 1000 712 exemplarium
1032 656 1256 711 penuriam
1285 665 1325 698 et
1355 655 1642 699 incredibilem

121 726 208 768 fere
239 727 467 771 caritatem.

177 797 262 840 Vel
303 798 361 840 sic
405 809 546 840 tamen
588 813 713 855 apum
756 812 857 854 prae
888 797 1160 840 formicarum
1192 799 1432 855 exemplum
1464 799 1567 841 mihi
1599 800 1640 841 in

120 868 289 912 edendis
331 869 457 912 Lasci
497 870 692 925 operibus
722 868 984 925 sequendum
1017 869 1141 912 fuisse
1172 870 1323 912 merito
1355 871 1448 927 quis
1479 877 1648 913 conten-

120 941 219 984 dere
249 941 324 984 sibi
356 942 484 984 videri
515 948 664 998 posset.
700 941 769 983 Ad
802 941 914 998 nigri
946 942 1128 997 agminis
1159 943 1290 984 instar
1321 943 1498 998 quaesiti
1532 950 1648 986 tena-

120 1028 224 1067 cem,
261 1029 327 1055 me
357 1029 456 1055 eum
486 1029 572 1056 esse
602 1013 823 1065 iocabitur,
857 1013 908 1056 de
939 1029 1023 1070 quo
1053 1014 1166 1057 canit
1197 1022 1340 1071 poeta:

242 1088 317 1129 Ore
348 1087 489 1139 trahit,
522 1089 778 1143 quodeunque
799 1091 934 1141 potest
966 1091 1087 1142 atque
1118 1087 1237 1129 addit
1265 1102 1403 1130 acervo

242 1161 364 1205 Quem
404 1159 545 1202 struit.

123 1229 333 1272 Formicis
374 1230 632 1286 ingeniosius
671 1228 798 1287 longe
838 1235 881 1271 et
921 1228 1123 1286 gracilius
1160 1244 1289 1286 apum
1335 1244 1421 1271 esse
1458 1243 1649 1278 examen,

120 1317 227 1358 quae
255 1317 331 1358 per
361 1317 506 1344 omnes
538 1302 708 1358 quidem
743 1301 920 1343 volitant
941 1316 1122 1358 campos,
1145 1316 1223 1343 nec
1244 1310 1383 1344 tamen
1406 1301 1485 1343 nisi
1507 1316 1645 1343 rorem

120 1373 357 1416 madentem
380 1389 452 1415 ore
475 1374 623 1430 legunt
644 1379 687 1414 et
709 1373 910 1429 liquentia
933 1373 1058 1414 mella
1081 1372 1183 1415 favis
1200 1373 1368 1429 stipant.
1400 1373 1498 1415 Non
1517 1373 1651 1430 frugi-

117 1445 259 1502 legum
291 1444 362 1487 sed
393 1444 574 1487 mellifer
605 1445 744 1501 potius
775 1444 1022 1486 imitandum
1056 1445 1173 1486 nobis
1205 1460 1291 1487 esse
1313 1460 1468 1501 genus:
1507 1445 1647 1500 itaque

117 1532 183 1560 me
215 1532 386 1574 quoque
416 1517 624 1573 exquisito
654 1516 874 1573 florilegi0‚
907 1531 1035 1572 quam
1067 1517 1256 1558 omnium
1290 1532 1398 1573 quae
1420 1524 1648 1573 supersunt

118 1590 310 1642 editione,
346 1591 479 1647 magis
503 1589 552 1631 de
574 1589 674 1631 orbe
695 1589 880 1631 litterato
901 1588 1025 1631 fuisse
1051 1590 1245 1632 meritum
1263 1591 1271 1633 !
1303 1589 1477 1632 Lubens
1499 1590 1646 1642 fateor,

118 1678 183 1705 me
219 1678 387 1719 quoque
418 1662 578 1704 dudum
610 1661 693 1704 tale
725 1661 944 1704 consilium
976 1661 1155 1704 volvisse
1185 1663 1339 1707 animo.
1404 1663 1646 1713 Arridebat,

119 1750 226 1791 quae
271 1734 503 1791 praeclara,
548 1749 654 1791 quae
701 1735 859 1790 optima
890 1734 1107 1790 nitidaque
1138 1734 1262 1791 plane
1291 1736 1332 1778 in
1365 1736 1454 1778 eius
1484 1737 1649 1793 scriptis

117 1807 273 1858 insunt,
308 1807 423 1849 tenui
455 1807 727 1863 compingere
757 1805 914 1858 libello,
950 1806 1115 1848 reiectis
1146 1822 1254 1863 quae
1281 1806 1333 1850 ab
1364 1807 1454 1850 aliis
1484 1808 1649 1865 saepius

116 1884 156 1920 et
196 1878 345 1920 melius
391 1877 500 1920 dicta
543 1894 629 1920 esse
661 1893 890 1920 censerem.
952 1878 1140 1920 Fortiter
1171 1886 1309 1921 tamen
1342 1881 1443 1936 quin
1477 1880 1649 1923 consilio

120 1950 219 1992 huic
264 1950 546 2007 indulgerem,
595 1950 750 1992 obstitit
795 1950 1108 2006 opusculorum,
1158 1967 1266 2007 quae
1313 1960 1479 2008 praesto
1511 1961 1645 2006 erant,

119 2029 270 2065 natura
301 2030 426 2079 atque
457 2022 630 2067 indoles.
674 2021 781 2076 Quis
810 2022 927 2065 verbi
959 2038 1085 2066 causa
1115 2039 1198 2066 non
1231 2024 1440 2081 intelligit,
1472 2026 1515 2068 in
1548 2042 1647 2083 ope-

119 2095 235 2137 ribus
266 2094 506 2152 symbolicis
537 2102 577 2136 et
607 2094 814 2151 liturgicis
846 2094 1014 2137 edendis
1047 2111 1241 2138 mancam
1273 2112 1446 2152 prorsus
1476 2105 1517 2140 et
1539 2112 1648 2140 cras-

117 2181 202 2208 sam
236 2165 364 2208 talem
394 2165 692 2223 recognitionis
722 2167 924 2208 rationem
950 2166 1105 2210 fuisse?
1128 2176 1167 2210 et
1189 2173 1330 2210 tamen
1353 2168 1568 2211 dimidium
1589 2178 1646 2212 to-

116 2236 198 2278 tius
240 2235 361 2277 molis
394 2251 442 2277 ea
473 2235 559 2278 sola
589 2237 670 2278 iam
705 2236 929 2293 complent.
989 2235 1113 2288 Quae
1145 2239 1285 2293 priore
1318 2238 1530 2281 volumine
1561 2238 1644 2282 col-

116 2306 216 2364 legi,
251 2306 457 2349 diversam
492 2306 661 2362 quidem
692 2307 875 2350 indolem
908 2308 1100 2350 referunt
1131 2316 1172 2351 et
1202 2309 1433 2352 istiusmodi
1465 2312 1644 2367 exquisi-

115 2379 218 2421 tioni
248 2379 383 2437 magis
416 2379 590 2421 fuissent
620 2378 837 2436 adaptata3
872 2381 941 2423 sed
964 2397 1016 2424 ne
1035 2383 1076 2424 in
1101 2381 1210 2424 hisce
1233 2382 1401 2439 quidem
1424 2384 1642 2426 consilium

118 2452 230 2509 quod
261 2451 459 2504 subierat,
482 2452 653 2509 probari
674 2453 822 2509 potuit.
855 2453 983 2497 Certo
1004 2470 1080 2498 nec
1102 2460 1151 2496 tu
1173 2455 1274 2512 ipse,
1298 2462 1346 2498 ut
1368 2456 1446 2499 hoc
1468 2472 1644 2509 sumam,

117 2523 187 2566 diu
217 2524 415 2567 haesisses
446 2540 598 2581 anceps
620 2525 661 2566 in
684 2526 894 2582 opusculis
914 2542 1042 2584 supra
1063 2528 1144 2570 iam
1169 2530 1518 2584 commemoratis,
1537 2547 1644 2587 quae

117 2602 287 2638 centum
318 2604 358 2639 et
388 2596 499 2653 quod
531 2597 717 2640 excurrit
745 2597 925 2648 florenis,
956 2599 988 2641 si
1021 2599 1189 2655 quando
1209 2608 1400 2652 veneant,
1424 2609 1641 2645 steterunt.

116 2666 213 2709 Non
255 2668 491 2724 interrupto
521 2675 666 2710 tenore
697 2668 971 2725 integerrima
1001 2670 1128 2713 Lasci
1160 2671 1287 2713 verba
1318 2671 1460 2728 legere
1491 2672 1643 2716 harum

119 2737 392 2793 cupediarum
423 2746 629 2781 amatores
658 2753 734 2780 suo
755 2739 846 2780 iure
863 2740 1065 2797 flagitant.
1096 2740 1216 2783 Idem
1250 2756 1421 2798 prorsus
1452 2742 1562 2786 valet
1591 2743 1642 2786 de

117 2809 298 2863 Epitome
312 2808 386 2852 illa
397 2812 519 2853 doctr.
535 2811 634 2853 Plzr.
654 2811 737 2862 Or„
752 2826 879 2868 quam
893 2827 1007 2854 nunc
1018 2813 1203 2869 primurn
1219 2828 1240 2855 e
1252 2812 1427 2869 pulvere
1439 2814 1641 2857 eruimus.

115 2879 266 2937 Neque
311 2880 431 2925 aliter
476 2881 732 2925 censendum
770 2883 821 2926 de
867 2885 956 2926 eius
997 2887 1086 2928 adv.
1133 2886 1304 2928 Hosium
1333 2884 1489 2938 libello,
1523 2887 1644 2930 euius

1366 2955 1416 2979 *ᾖ
1440 2958 1466 3000 2
