<?xml version="1.0" encoding="UTF-8"?>
<!DOCTYPE html PUBLIC "-//W3C//DTD XHTML 1.0 Transitional//EN"
    "http://www.w3.org/TR/xhtml1/DTD/xhtml1-transitional.dtd">
<html xmlns="http://www.w3.org/1999/xhtml" xml:lang="en" lang="en">
 <head>
  <title>
</title>
<meta http-equiv="Content-Type" content="text/html;charset=utf-8" />
  <meta name='ocr-system' content='tesseract 3.04.00' />
  <meta name='ocr-capabilities' content='ocr_page ocr_carea ocr_par ocr_line ocrx_word'/>
</head>
<body>
  <div class='ocr_page' id='page_1' title='image "./operatameditaqua01lask_0286.png"; bbox 0 0 1818 3178; ppageno 0'>
   <div class='ocr_carea' id='block_1_1' title="bbox 118 134 1276 171">
    <p class='ocr_par' dir='ltr' id='par_1_1' title="bbox 118 134 1276 171">
     <span class='ocr_line' id='line_1_1' title="bbox 118 134 1276 171; baseline -0.008 0"><span class='ocrx_word' id='word_1_1' title='bbox 118 136 188 171; x_wconf 76' lang='grc'><strong>154</strong></span> <span class='ocrx_word' id='word_1_2' title='bbox 465 140 514 166; x_wconf 83' lang='lat' dir='ltr'><strong>DE</strong></span> <span class='ocrx_word' id='word_1_3' title='bbox 543 135 821 165; x_wconf 74' lang='lat' dir='ltr'><strong>SAcRAMssN&#39;rIs</strong></span> <span class='ocrx_word' id='word_1_4' title='bbox 853 134 1069 161; x_wconf 43' lang='lat' dir='ltr'><strong>ECCLEQIAE</strong></span> <span class='ocrx_word' id='word_1_5' title='bbox 1097 134 1276 162; x_wconf 83' lang='lat' dir='ltr'><strong>CHRISTI.</strong></span> 
     </span>
    </p>
   </div>
   <div class='ocr_carea' id='block_1_2' title="bbox 63 234 1631 2911">
    <p class='ocr_par' dir='ltr' id='par_1_2' title="bbox 114 234 1631 547">
     <span class='ocr_line' id='line_1_2' title="bbox 116 234 1629 293; baseline -0.005 -10"><span class='ocrx_word' id='word_1_6' title='bbox 116 244 254 288; x_wconf 81' lang='lat' dir='ltr'><strong>tulerit,</strong></span> <span class='ocrx_word' id='word_1_7' title='bbox 288 255 415 293; x_wconf 88' lang='lat' dir='ltr'><strong>nempe</strong></span> <span class='ocrx_word' id='word_1_8' title='bbox 450 238 618 277; x_wconf 88' lang='lat' dir='ltr'><strong>meritum</strong></span> <span class='ocrx_word' id='word_1_9' title='bbox 645 241 681 275; x_wconf 90' lang='lat' dir='ltr'><strong>et</strong></span> <span class='ocrx_word' id='word_1_10' title='bbox 707 236 865 286; x_wconf 83' lang='lat' dir='ltr'>gloriam</span> <span class='ocrx_word' id='word_1_11' title='bbox 891 234 1077 286; x_wconf 84' lang='lat' dir='ltr'>passionis</span> <span class='ocrx_word' id='word_1_12' title='bbox 1113 237 1243 274; x_wconf 89' lang='lat' dir='ltr'><strong>mortis</strong></span> <span class='ocrx_word' id='word_1_13' title='bbox 1279 240 1315 275; x_wconf 85' lang='lat' dir='ltr'><strong>et</strong></span> <span class='ocrx_word' id='word_1_14' title='bbox 1351 238 1629 276; x_wconf 85' lang='lat' dir='ltr'><strong>resurrectionis</strong></span> 
     </span>
     <span class='ocr_line' id='line_1_3' title="bbox 117 301 1628 359; baseline -0.005 -12"><span class='ocrx_word' id='word_1_15' title='bbox 117 323 214 353; x_wconf 86' lang='lat' dir='ltr'><strong>suae,</strong></span> <span class='ocrx_word' id='word_1_16' title='bbox 249 321 339 359; x_wconf 85' lang='lat' dir='ltr'><strong>quae</strong></span> <span class='ocrx_word' id='word_1_17' title='bbox 374 306 428 343; x_wconf 88' lang='lat' dir='ltr'><strong>illi</strong></span> <span class='ocrx_word' id='word_1_18' title='bbox 469 304 538 341; x_wconf 90' lang='lat' dir='ltr'><strong>soli</strong></span> <span class='ocrx_word' id='word_1_19' title='bbox 573 302 711 352; x_wconf 85' lang='lat' dir='ltr'>alioqui</span> <span class='ocrx_word' id='word_1_20' title='bbox 745 301 784 338; x_wconf 88' lang='lat' dir='ltr'><strong>in</strong></span> <span class='ocrx_word' id='word_1_21' title='bbox 813 313 965 350; x_wconf 85' lang='lat' dir='ltr'><strong>corpore</strong></span> <span class='ocrx_word' id='word_1_22' title='bbox 993 312 1073 343; x_wconf 90' lang='lat' dir='ltr'><strong>suo,</strong></span> <span class='ocrx_word' id='word_1_23' title='bbox 1100 313 1121 337; x_wconf 87' lang='lat' dir='ltr'><strong>a</strong></span> <span class='ocrx_word' id='word_1_24' title='bbox 1147 302 1258 339; x_wconf 88' lang='lat' dir='ltr'><strong>nobis</strong></span> <span class='ocrx_word' id='word_1_25' title='bbox 1286 306 1452 353; x_wconf 86' lang='lat' dir='ltr'><strong>accepto,</strong></span> <span class='ocrx_word' id='word_1_26' title='bbox 1478 303 1628 353; x_wconf 87' lang='lat' dir='ltr'><strong>propria</strong></span> 
     </span>
     <span class='ocr_line' id='line_1_4' title="bbox 116 362 1630 419; baseline -0.005 -10"><span class='ocrx_word' id='word_1_27' title='bbox 116 375 230 413; x_wconf 86' lang='lat' dir='ltr'><strong>crant,</strong></span> <span class='ocrx_word' id='word_1_28' title='bbox 257 380 419 419; x_wconf 85' lang='lat' dir='ltr'><strong>quaeque</strong></span> <span class='ocrx_word' id='word_1_29' title='bbox 445 367 491 403; x_wconf 84' lang='lat' dir='ltr'><strong>ad</strong></span> <span class='ocrx_word' id='word_1_30' title='bbox 519 378 587 402; x_wconf 90' lang='lat' dir='ltr'><strong>nos</strong></span> <span class='ocrx_word' id='word_1_31' title='bbox 615 365 797 415; x_wconf 88' lang='lat' dir='ltr'><strong>pertinere</strong></span> <span class='ocrx_word' id='word_1_32' title='bbox 826 363 927 400; x_wconf 89' lang='lat' dir='ltr'><strong>nullo</strong></span> <span class='ocrx_word' id='word_1_33' title='bbox 955 362 1066 399; x_wconf 89' lang='lat' dir='ltr'><strong>modo</strong></span> <span class='ocrx_word' id='word_1_34' title='bbox 1093 364 1314 414; x_wconf 86' lang='lat' dir='ltr'><strong>potuissent,</strong></span> <span class='ocrx_word' id='word_1_35' title='bbox 1331 365 1404 402; x_wconf 91' lang='lat' dir='ltr'><strong>nisi</strong></span> <span class='ocrx_word' id='word_1_36' title='bbox 1421 365 1483 402; x_wconf 90' lang='lat' dir='ltr'><strong>ille</strong></span> <span class='ocrx_word' id='word_1_37' title='bbox 1502 378 1630 403; x_wconf 88' lang='lat' dir='ltr'><strong>eorum</strong></span> 
     </span>
     <span class='ocr_line' id='line_1_5' title="bbox 115 427 1631 478; baseline -0.003 -7"><span class='ocrx_word' id='word_1_38' title='bbox 115 435 222 472; x_wconf 86' lang='lat' dir='ltr'><strong>nobis</strong></span> <span class='ocrx_word' id='word_1_39' title='bbox 257 431 550 469; x_wconf 86' lang='lat' dir='ltr'><strong>communionem</strong></span> <span class='ocrx_word' id='word_1_40' title='bbox 586 429 625 465; x_wconf 91' lang='lat' dir='ltr'><strong>in</strong></span> <span class='ocrx_word' id='word_1_41' title='bbox 661 440 814 478; x_wconf 87' lang='lat' dir='ltr'><strong>corpore</strong></span> <span class='ocrx_word' id='word_1_42' title='bbox 849 433 884 464; x_wconf 88' lang='lat' dir='ltr'><strong>et</strong></span> <span class='ocrx_word' id='word_1_43' title='bbox 919 427 1102 476; x_wconf 86' lang='lat' dir='ltr'><strong>sanguine</strong></span> <span class='ocrx_word' id='word_1_44' title='bbox 1138 441 1218 474; x_wconf 87' lang='lat' dir='ltr'><strong>suo,</strong></span> <span class='ocrx_word' id='word_1_45' title='bbox 1251 442 1273 466; x_wconf 87' lang='lat' dir='ltr'><strong>a</strong></span> <span class='ocrx_word' id='word_1_46' title='bbox 1307 429 1418 467; x_wconf 90' lang='lat' dir='ltr'><strong>nobis</strong></span> <span class='ocrx_word' id='word_1_47' title='bbox 1455 429 1526 466; x_wconf 89' lang='lat' dir='ltr'><strong>hoc</strong></span> <span class='ocrx_word' id='word_1_48' title='bbox 1563 429 1631 467; x_wconf 88' lang='lat' dir='ltr'><strong>fini</strong></span> 
     </span>
     <span class='ocr_line' id='line_1_6' title="bbox 114 489 1166 547; baseline -0.006 -12"><span class='ocrx_word' id='word_1_49' title='bbox 114 502 273 547; x_wconf 76' lang='lat' dir='ltr'>accepte,</span> <span class='ocrx_word' id='word_1_50' title='bbox 298 494 460 543; x_wconf 80' lang='lat' dir='ltr'><strong>gratuito</strong></span> <span class='ocrx_word' id='word_1_51' title='bbox 489 506 554 543; x_wconf 88' lang='lat' dir='ltr'><strong>pro</strong></span> <span class='ocrx_word' id='word_1_52' title='bbox 584 505 649 529; x_wconf 87' lang='lat' dir='ltr'><strong>sua</strong></span> <span class='ocrx_word' id='word_1_53' title='bbox 676 490 932 528; x_wconf 82' lang='lat' dir='ltr'><strong>misericordia</strong></span> <span class='ocrx_word' id='word_1_54' title='bbox 961 489 1166 529; x_wconf 83' lang='lat' dir='ltr'><strong>detulisset.</strong></span> 
     </span>
    </p>

    <p class='ocr_par' dir='ltr' id='par_1_3' title="bbox 63 554 1630 1313">
     <span class='ocr_line' id='line_1_7' title="bbox 163 554 1630 610; baseline -0.002 -12"><span class='ocrx_word' id='word_1_55' title='bbox 163 562 324 610; x_wconf 86' lang='lat' dir='ltr'><strong>Cumque</strong></span> <span class='ocrx_word' id='word_1_56' title='bbox 350 558 520 595; x_wconf 89' lang='lat' dir='ltr'><strong>meritum</strong></span> <span class='ocrx_word' id='word_1_57' title='bbox 547 556 669 607; x_wconf 83' lang='lat' dir='ltr'><strong>ipsum</strong></span> <span class='ocrx_word' id='word_1_58' title='bbox 695 555 879 606; x_wconf 79' lang='lat' dir='ltr'><strong>passionis</strong></span> <span class='ocrx_word' id='word_1_59' title='bbox 907 567 950 591; x_wconf 91' lang='lat' dir='ltr'><strong>ac</strong></span> <span class='ocrx_word' id='word_1_60' title='bbox 969 554 1100 592; x_wconf 90' lang='lat' dir='ltr'><strong>mortis</strong></span> <span class='ocrx_word' id='word_1_61' title='bbox 1123 554 1275 601; x_wconf 75' lang='lat' dir='ltr'><strong>Christi,</strong></span> <span class='ocrx_word' id='word_1_62' title='bbox 1292 556 1412 605; x_wconf 82' lang='lat' dir='ltr'><strong>gloria</strong></span> <span class='ocrx_word' id='word_1_63' title='bbox 1433 557 1520 595; x_wconf 88' lang='lat' dir='ltr'><strong>item</strong></span> <span class='ocrx_word' id='word_1_64' title='bbox 1542 570 1630 595; x_wconf 84' lang='lat' dir='ltr'><strong>suae</strong></span> 
     </span>
     <span class='ocr_line' id='line_1_8' title="bbox 112 619 1630 672; baseline -0.003 -10"><span class='ocrx_word' id='word_1_65' title='bbox 112 622 401 666; x_wconf 85' lang='lat' dir='ltr'><strong>resurrectionis,</strong></span> <span class='ocrx_word' id='word_1_66' title='bbox 428 621 510 669; x_wconf 87' lang='lat' dir='ltr'><strong>(fol.</strong></span> <span class='ocrx_word' id='word_1_67' title='bbox 538 622 622 667; x_wconf 71' lang='lat' dir='ltr'><strong>47a)</strong></span> <span class='ocrx_word' id='word_1_68' title='bbox 651 620 720 657; x_wconf 87' lang='lat' dir='ltr'><strong>soli</strong></span> <span class='ocrx_word' id='word_1_69' title='bbox 745 619 819 669; x_wconf 88' lang='lat' dir='ltr'><strong>ipsi</strong></span> <span class='ocrx_word' id='word_1_70' title='bbox 845 619 884 655; x_wconf 91' lang='lat' dir='ltr'><strong>in</strong></span> <span class='ocrx_word' id='word_1_71' title='bbox 913 631 1067 669; x_wconf 87' lang='lat' dir='ltr'><strong>corpore</strong></span> <span class='ocrx_word' id='word_1_72' title='bbox 1089 631 1166 664; x_wconf 88' lang='lat' dir='ltr'><strong>suc,</strong></span> <span class='ocrx_word' id='word_1_73' title='bbox 1185 632 1206 655; x_wconf 89' lang='lat' dir='ltr'><strong>a</strong></span> <span class='ocrx_word' id='word_1_74' title='bbox 1227 619 1338 657; x_wconf 89' lang='lat' dir='ltr'><strong>nobis</strong></span> <span class='ocrx_word' id='word_1_75' title='bbox 1359 625 1522 672; x_wconf 82' lang='lat' dir='ltr'>accepte,</span> <span class='ocrx_word' id='word_1_76' title='bbox 1542 634 1630 672; x_wconf 90' lang='lat' dir='ltr'><strong>pro·</strong></span> 
     </span>
     <span class='ocr_line' id='line_1_9' title="bbox 111 681 1627 739; baseline -0.002 -14"><span class='ocrx_word' id='word_1_77' title='bbox 111 689 189 739; x_wconf 85' lang='lat' dir='ltr'><strong>pria</strong></span> <span class='ocrx_word' id='word_1_78' title='bbox 216 691 322 730; x_wconf 88' lang='lat' dir='ltr'><strong>esset,</strong></span> <span class='ocrx_word' id='word_1_79' title='bbox 355 698 472 736; x_wconf 90' lang='lat' dir='ltr'><strong>neque</strong></span> <span class='ocrx_word' id='word_1_80' title='bbox 499 684 544 721; x_wconf 85' lang='lat' dir='ltr'><strong>ad</strong></span> <span class='ocrx_word' id='word_1_81' title='bbox 573 697 641 721; x_wconf 91' lang='lat' dir='ltr'><strong>nos</strong></span> <span class='ocrx_word' id='word_1_82' title='bbox 667 683 851 734; x_wconf 87' lang='lat' dir='ltr'><strong>pertinere</strong></span> <span class='ocrx_word' id='word_1_83' title='bbox 877 682 954 719; x_wconf 92' lang='lat' dir='ltr'><strong>ullo</strong></span> <span class='ocrx_word' id='word_1_84' title='bbox 981 681 1093 718; x_wconf 89' lang='lat' dir='ltr'><strong>modo</strong></span> <span class='ocrx_word' id='word_1_85' title='bbox 1120 687 1257 732; x_wconf 86' lang='lat' dir='ltr'><strong>posset,</strong></span> <span class='ocrx_word' id='word_1_86' title='bbox 1285 683 1358 720; x_wconf 89' lang='lat' dir='ltr'><strong>nisi</strong></span> <span class='ocrx_word' id='word_1_87' title='bbox 1384 697 1447 734; x_wconf 90' lang='lat' dir='ltr'><strong>per</strong></span> <span class='ocrx_word' id='word_1_88' title='bbox 1469 684 1627 722; x_wconf 81' lang='lat' dir='ltr'><strong>delatam</strong></span> 
     </span>
     <span class='ocr_line' id='line_1_10' title="bbox 111 745 1627 798; baseline -0.001 -10"><span class='ocrx_word' id='word_1_89' title='bbox 111 751 217 789; x_wconf 89' lang='lat' dir='ltr'><strong>nobis</strong></span> <span class='ocrx_word' id='word_1_90' title='bbox 260 749 338 786; x_wconf 88' lang='lat' dir='ltr'><strong>eius</strong></span> <span class='ocrx_word' id='word_1_91' title='bbox 388 747 697 792; x_wconf 82' lang='lat' dir='ltr'><strong>communionem,</strong></span> <span class='ocrx_word' id='word_1_92' title='bbox 741 751 850 796; x_wconf 89' lang='lat' dir='ltr'><strong>atque</strong></span> <span class='ocrx_word' id='word_1_93' title='bbox 896 746 966 782; x_wconf 90' lang='lat' dir='ltr'><strong>hoc</strong></span> <span class='ocrx_word' id='word_1_94' title='bbox 1001 745 1124 796; x_wconf 84' lang='lat' dir='ltr'><strong>ipsum</strong></span> <span class='ocrx_word' id='word_1_95' title='bbox 1158 745 1333 783; x_wconf 88' lang='lat' dir='ltr'><strong>meritum</strong></span> <span class='ocrx_word' id='word_1_96' title='bbox 1368 747 1554 798; x_wconf 83' lang='lat' dir='ltr'><strong>passionis</strong></span> <span class='ocrx_word' id='word_1_97' title='bbox 1590 753 1627 786; x_wconf 91' lang='lat' dir='ltr'><strong>et</strong></span> 
     </span>
     <span class='ocr_line' id='line_1_11' title="bbox 63 808 1626 861; baseline -0.001 -10"><span class='ocrx_word' id='word_1_98' title='bbox 63 816 69 823; x_wconf 88' lang='grc'><em>“</em></span> <span class='ocrx_word' id='word_1_99' title='bbox 109 814 237 852; x_wconf 87' lang='lat' dir='ltr'><strong>mortis</strong></span> <span class='ocrx_word' id='word_1_100' title='bbox 272 812 420 858; x_wconf 81' lang='lat' dir='ltr'><strong>Christi,</strong></span> <span class='ocrx_word' id='word_1_101' title='bbox 454 811 653 861; x_wconf 87' lang='lat' dir='ltr'><strong>eademque</strong></span> <span class='ocrx_word' id='word_1_102' title='bbox 686 811 766 861; x_wconf 88' lang='lat' dir='ltr'><strong>ipsa</strong></span> <span class='ocrx_word' id='word_1_103' title='bbox 802 808 1084 847; x_wconf 86' lang='lat' dir='ltr'><strong>resurrectionis</strong></span> <span class='ocrx_word' id='word_1_104' title='bbox 1120 822 1208 846; x_wconf 85' lang='lat' dir='ltr'><strong>suae</strong></span> <span class='ocrx_word' id='word_1_105' title='bbox 1242 809 1374 858; x_wconf 80' lang='lat' dir='ltr'><strong>gloria,</strong></span> <span class='ocrx_word' id='word_1_106' title='bbox 1401 824 1478 848; x_wconf 90' lang='lat' dir='ltr'><strong>non</strong></span> <span class='ocrx_word' id='word_1_107' title='bbox 1503 811 1626 849; x_wconf 89' lang='lat' dir='ltr'><strong>minus</strong></span> 
     </span>
     <span class='ocr_line' id='line_1_12' title="bbox 108 874 1624 926; baseline -0.002 -11"><span class='ocrx_word' id='word_1_108' title='bbox 108 878 154 915; x_wconf 83' lang='lat' dir='ltr'><strong>ad</strong></span> <span class='ocrx_word' id='word_1_109' title='bbox 182 890 248 915; x_wconf 88' lang='lat' dir='ltr'><strong>nos</strong></span> <span class='ocrx_word' id='word_1_110' title='bbox 273 877 359 921; x_wconf 82' lang='lat' dir='ltr'><strong>iam,</strong></span> <span class='ocrx_word' id='word_1_111' title='bbox 386 889 496 926; x_wconf 88' lang='lat' dir='ltr'><strong>quam</strong></span> <span class='ocrx_word' id='word_1_112' title='bbox 523 876 569 912; x_wconf 88' lang='lat' dir='ltr'><strong>ad</strong></span> <span class='ocrx_word' id='word_1_113' title='bbox 598 875 788 913; x_wconf 78' lang='lat' dir='ltr'><strong>Christum</strong></span> <span class='ocrx_word' id='word_1_114' title='bbox 814 875 937 925; x_wconf 91' lang='lat' dir='ltr'><strong>ipsum</strong></span> <span class='ocrx_word' id='word_1_115' title='bbox 956 875 996 911; x_wconf 85' lang='lat' dir='ltr'><strong>in</strong></span> <span class='ocrx_word' id='word_1_116' title='bbox 1011 887 1165 925; x_wconf 91' lang='lat' dir='ltr'><strong>corpore</strong></span> <span class='ocrx_word' id='word_1_117' title='bbox 1180 887 1245 911; x_wconf 89' lang='lat' dir='ltr'><strong>suo</strong></span> <span class='ocrx_word' id='word_1_118' title='bbox 1260 874 1455 925; x_wconf 80' lang='lat' dir='ltr'><strong>pertineat,</strong></span> <span class='ocrx_word' id='word_1_119' title='bbox 1473 896 1522 904; x_wconf 90' lang='lat'>—</span> <span class='ocrx_word' id='word_1_120' title='bbox 1543 889 1624 925; x_wconf 88' lang='lat' dir='ltr'><strong>per-</strong></span> 
     </span>
     <span class='ocr_line' id='line_1_13' title="bbox 109 939 1627 993; baseline -0.001 -14"><span class='ocrx_word' id='word_1_121' title='bbox 109 943 272 993; x_wconf 79' lang='lat' dir='ltr'><strong>spicuum</strong></span> <span class='ocrx_word' id='word_1_122' title='bbox 307 946 374 987; x_wconf 88' lang='lat' dir='ltr'><strong>est,</strong></span> <span class='ocrx_word' id='word_1_123' title='bbox 411 940 599 977; x_wconf 83' lang='lat' dir='ltr'><strong>Christum</strong></span> <span class='ocrx_word' id='word_1_124' title='bbox 636 939 681 978; x_wconf 95' lang='lat' dir='ltr'><strong>D.</strong></span> <span class='ocrx_word' id='word_1_125' title='bbox 719 940 764 977; x_wconf 85' lang='lat' dir='ltr'><strong>ad</strong></span> <span class='ocrx_word' id='word_1_126' title='bbox 802 943 968 977; x_wconf 88' lang='lat' dir='ltr'><strong>nostram</strong></span> <span class='ocrx_word' id='word_1_127' title='bbox 997 952 1121 976; x_wconf 90' lang='lat' dir='ltr'><strong>secum</strong></span> <span class='ocrx_word' id='word_1_128' title='bbox 1150 939 1449 977; x_wconf 88' lang='lat' dir='ltr'><strong>communionem</strong></span> <span class='ocrx_word' id='word_1_129' title='bbox 1476 939 1516 977; x_wconf 88' lang='lat' dir='ltr'><strong>in</strong></span> <span class='ocrx_word' id='word_1_130' title='bbox 1546 953 1627 977; x_wconf 91' lang='lat' dir='ltr'><strong>cor-</strong></span> 
     </span>
     <span class='ocr_line' id='line_1_14' title="bbox 109 1003 1630 1057; baseline -0.001 -14"><span class='ocrx_word' id='word_1_131' title='bbox 109 1019 196 1057; x_wconf 90' lang='lat' dir='ltr'><strong>pore</strong></span> <span class='ocrx_word' id='word_1_132' title='bbox 240 1010 274 1043; x_wconf 86' lang='lat' dir='ltr'><strong>ct</strong></span> <span class='ocrx_word' id='word_1_133' title='bbox 312 1005 492 1054; x_wconf 85' lang='lat' dir='ltr'><strong>sanguine</strong></span> <span class='ocrx_word' id='word_1_134' title='bbox 528 1017 593 1041; x_wconf 88' lang='lat' dir='ltr'><strong>suo</strong></span> <span class='ocrx_word' id='word_1_135' title='bbox 631 1017 707 1041; x_wconf 86' lang='lat' dir='ltr'><strong>nou</strong></span> <span class='ocrx_word' id='word_1_136' title='bbox 747 1004 917 1054; x_wconf 84' lang='lat' dir='ltr'><strong>equidem</strong></span> <span class='ocrx_word' id='word_1_137' title='bbox 954 1003 1088 1040; x_wconf 85' lang='lat' dir='ltr'><strong>horum</strong></span> <span class='ocrx_word' id='word_1_138' title='bbox 1123 1003 1371 1040; x_wconf 82' lang='lat' dir='ltr'><strong>substantiam</strong></span> <span class='ocrx_word' id='word_1_139' title='bbox 1409 1005 1630 1050; x_wconf 86' lang='lat' dir='ltr'><strong>naturalem,</strong></span> 
     </span>
     <span class='ocr_line' id='line_1_15' title="bbox 107 1067 1629 1120; baseline -0.001 -13"><span class='ocrx_word' id='word_1_140' title='bbox 107 1083 215 1120; x_wconf 82' lang='lat' dir='ltr'><strong>quam</strong></span> <span class='ocrx_word' id='word_1_141' title='bbox 252 1069 361 1107; x_wconf 89' lang='lat' dir='ltr'><strong>nobis</strong></span> <span class='ocrx_word' id='word_1_142' title='bbox 397 1072 504 1106; x_wconf 86' lang='lat' dir='ltr'><strong>antea</strong></span> <span class='ocrx_word' id='word_1_143' title='bbox 547 1068 735 1118; x_wconf 79' lang='lat' dir='ltr'><strong>propriam</strong></span> <span class='ocrx_word' id='word_1_144' title='bbox 781 1067 828 1105; x_wconf 89' lang='lat' dir='ltr'><strong>ad</strong></span> <span class='ocrx_word' id='word_1_145' title='bbox 865 1080 968 1104; x_wconf 88' lang='lat' dir='ltr'><strong>suam</strong></span> <span class='ocrx_word' id='word_1_146' title='bbox 997 1067 1193 1105; x_wconf 89' lang='lat' dir='ltr'><strong>nobiscum</strong></span> <span class='ocrx_word' id='word_1_147' title='bbox 1224 1067 1522 1105; x_wconf 87' lang='lat' dir='ltr'><strong>communionem</strong></span> <span class='ocrx_word' id='word_1_148' title='bbox 1549 1068 1629 1118; x_wconf 91' lang='lat' dir='ltr'><strong>ipse</strong></span> 
     </span>
     <span class='ocr_line' id='line_1_16' title="bbox 107 1130 1626 1183; baseline -0.003 -12"><span class='ocrx_word' id='word_1_149' title='bbox 107 1150 126 1172; x_wconf 86' lang='lat' dir='ltr'><strong>a</strong></span> <span class='ocrx_word' id='word_1_150' title='bbox 164 1134 271 1171; x_wconf 86' lang='lat' dir='ltr'><strong>nobis</strong></span> <span class='ocrx_word' id='word_1_151' title='bbox 298 1136 500 1183; x_wconf 87' lang='lat' dir='ltr'><strong>acceperat,</strong></span> <span class='ocrx_word' id='word_1_152' title='bbox 527 1132 570 1169; x_wconf 90' lang='lat' dir='ltr'><strong>dc</strong></span> <span class='ocrx_word' id='word_1_153' title='bbox 598 1145 664 1169; x_wconf 91' lang='lat' dir='ltr'><strong>suo</strong></span> <span class='ocrx_word' id='word_1_154' title='bbox 695 1131 908 1176; x_wconf 83' lang='lat' dir='ltr'><strong>contulisse,</strong></span> <span class='ocrx_word' id='word_1_155' title='bbox 946 1130 1010 1168; x_wconf 87' lang='lat' dir='ltr'><strong>sed</strong></span> <span class='ocrx_word' id='word_1_156' title='bbox 1037 1130 1211 1168; x_wconf 83' lang='lat' dir='ltr'><strong>meritum</strong></span> <span class='ocrx_word' id='word_1_157' title='bbox 1246 1130 1373 1181; x_wconf 87' lang='lat' dir='ltr'><strong>potius.</strong></span> <span class='ocrx_word' id='word_1_158' title='bbox 1398 1143 1441 1167; x_wconf 86' lang='lat' dir='ltr'><strong>ac</strong></span> <span class='ocrx_word' id='word_1_159' title='bbox 1467 1131 1626 1180; x_wconf 85' lang='lat' dir='ltr'><strong>gloriam</strong></span> 
     </span>
     <span class='ocr_line' id='line_1_17' title="bbox 92 1196 1627 1247; baseline -0.003 -11"><span class='ocrx_word' id='word_1_160' title='bbox 92 1197 331 1247; x_wconf 72' lang='lat' dir='ltr'><strong>sacrosancti</strong></span> <span class='ocrx_word' id='word_1_161' title='bbox 368 1197 531 1247; x_wconf 87' lang='lat' dir='ltr'><strong>corporis</strong></span> <span class='ocrx_word' id='word_1_162' title='bbox 567 1201 602 1234; x_wconf 86' lang='lat' dir='ltr'><strong>et</strong></span> <span class='ocrx_word' id='word_1_163' title='bbox 638 1196 831 1245; x_wconf 78' lang='lat' dir='ltr'><strong>sanguinis</strong></span> <span class='ocrx_word' id='word_1_164' title='bbox 860 1196 929 1241; x_wconf 90' lang='lat' dir='ltr'><strong>sui,</strong></span> <span class='ocrx_word' id='word_1_165' title='bbox 958 1199 1075 1233; x_wconf 90' lang='lat' dir='ltr'><strong>morte</strong></span> <span class='ocrx_word' id='word_1_166' title='bbox 1103 1208 1166 1233; x_wconf 91' lang='lat' dir='ltr'><strong>sua</strong></span> <span class='ocrx_word' id='word_1_167' title='bbox 1193 1199 1338 1246; x_wconf 86' lang='lat' dir='ltr'><strong>partam</strong></span> <span class='ocrx_word' id='word_1_168' title='bbox 1379 1199 1415 1233; x_wconf 88' lang='lat' dir='ltr'><strong>et</strong></span> <span class='ocrx_word' id='word_1_169' title='bbox 1442 1208 1627 1233; x_wconf 88' lang='lat' dir='ltr'><strong>resurrec-</strong></span> 
     </span>
     <span class='ocr_line' id='line_1_18' title="bbox 106 1261 727 1313; baseline -0.005 -13"><span class='ocrx_word' id='word_1_170' title='bbox 106 1263 208 1300; x_wconf 80' lang='lat' dir='ltr'><strong>tione</strong></span> <span class='ocrx_word' id='word_1_171' title='bbox 234 1261 461 1313; x_wconf 86' lang='lat' dir='ltr'><strong>apertissime</strong></span> <span class='ocrx_word' id='word_1_172' title='bbox 489 1261 727 1298; x_wconf 85' lang='lat' dir='ltr'><strong>declaratam.</strong></span> 
     </span>
    </p>

    <p class='ocr_par' dir='ltr' id='par_1_4' title="bbox 106 1323 1629 2007">
     <span class='ocr_line' id='line_1_19' title="bbox 157 1323 1629 1374; baseline -0.002 -10"><span class='ocrx_word' id='word_1_173' title='bbox 157 1327 215 1364; x_wconf 87' lang='lat' dir='ltr'><strong>Ita</strong></span> <span class='ocrx_word' id='word_1_174' title='bbox 243 1339 330 1363; x_wconf 88' lang='lat' dir='ltr'><strong>sane</strong></span> <span class='ocrx_word' id='word_1_175' title='bbox 358 1325 524 1363; x_wconf 88' lang='lat' dir='ltr'><strong>Christus</strong></span> <span class='ocrx_word' id='word_1_176' title='bbox 550 1325 704 1374; x_wconf 88' lang='lat' dir='ltr'><strong>ipsemet</strong></span> <span class='ocrx_word' id='word_1_177' title='bbox 732 1323 778 1362; x_wconf 94' lang='lat' dir='ltr'><strong>D.</strong></span> <span class='ocrx_word' id='word_1_178' title='bbox 806 1324 844 1361; x_wconf 85' lang='lat' dir='ltr'><strong>in</strong></span> <span class='ocrx_word' id='word_1_179' title='bbox 875 1337 987 1361; x_wconf 89' lang='lat' dir='ltr'><strong>caena</strong></span> <span class='ocrx_word' id='word_1_180' title='bbox 1015 1337 1081 1361; x_wconf 90' lang='lat' dir='ltr'><strong>sua</strong></span> <span class='ocrx_word' id='word_1_181' title='bbox 1108 1324 1153 1361; x_wconf 90' lang='lat' dir='ltr'><strong>de</strong></span> <span class='ocrx_word' id='word_1_182' title='bbox 1182 1337 1335 1374; x_wconf 89' lang='lat' dir='ltr'><strong>corpore</strong></span> <span class='ocrx_word' id='word_1_183' title='bbox 1362 1337 1428 1361; x_wconf 89' lang='lat' dir='ltr'><strong>suo</strong></span> <span class='ocrx_word' id='word_1_184' title='bbox 1448 1324 1629 1374; x_wconf 89' lang='lat' dir='ltr'><strong>loquitur,</strong></span> 
     </span>
     <span class='ocr_line' id='line_1_20' title="bbox 108 1389 1625 1441; baseline -0.001 -13"><span class='ocrx_word' id='word_1_185' title='bbox 108 1404 182 1429; x_wconf 89' lang='lat' dir='ltr'><strong>non</strong></span> <span class='ocrx_word' id='word_1_186' title='bbox 211 1395 390 1441; x_wconf 88' lang='lat' dir='ltr'><strong>quatenus</strong></span> <span class='ocrx_word' id='word_1_187' title='bbox 418 1390 632 1427; x_wconf 84' lang='lat' dir='ltr'><strong>incarnatus</strong></span> <span class='ocrx_word' id='word_1_188' title='bbox 660 1395 766 1434; x_wconf 89' lang='lat' dir='ltr'><strong>esset,</strong></span> <span class='ocrx_word' id='word_1_189' title='bbox 802 1389 866 1426; x_wconf 90' lang='lat' dir='ltr'><strong>sed</strong></span> <span class='ocrx_word' id='word_1_190' title='bbox 893 1394 1075 1439; x_wconf 88' lang='lat' dir='ltr'><strong>quatenus</strong></span> <span class='ocrx_word' id='word_1_191' title='bbox 1103 1390 1176 1426; x_wconf 88' lang='lat' dir='ltr'><strong>iam</strong></span> <span class='ocrx_word' id='word_1_192' title='bbox 1203 1389 1277 1426; x_wconf 87' lang='lat' dir='ltr'><strong>iam</strong></span> <span class='ocrx_word' id='word_1_193' title='bbox 1297 1393 1392 1427; x_wconf 87' lang='lat' dir='ltr'><strong>esset</strong></span> <span class='ocrx_word' id='word_1_194' title='bbox 1411 1390 1625 1427; x_wconf 88' lang='lat' dir='ltr'><strong>moriturus.</strong></span> 
     </span>
     <span class='ocr_line' id='line_1_21' title="bbox 106 1454 1624 1505; baseline -0.001 -12"><span class='ocrx_word' id='word_1_195' title='bbox 106 1457 154 1494; x_wconf 82' lang='lat' dir='ltr'><strong>Et</strong></span> <span class='ocrx_word' id='word_1_196' title='bbox 198 1457 331 1493; x_wconf 79' lang='lat' dir='ltr'><strong>Paulus</strong></span> <span class='ocrx_word' id='word_1_197' title='bbox 375 1455 579 1505; x_wconf 86' lang='lat' dir='ltr'><strong>Apostolus</strong></span> <span class='ocrx_word' id='word_1_198' title='bbox 617 1467 765 1491; x_wconf 87' lang='lat' dir='ltr'><strong>caenam</strong></span> <span class='ocrx_word' id='word_1_199' title='bbox 804 1454 958 1491; x_wconf 88' lang='lat' dir='ltr'><strong>Domini</strong></span> <span class='ocrx_word' id='word_1_200' title='bbox 1003 1468 1080 1491; x_wconf 87' lang='lat' dir='ltr'><strong>non</strong></span> <span class='ocrx_word' id='word_1_201' title='bbox 1118 1467 1206 1491; x_wconf 90' lang='lat' dir='ltr'><strong>sane</strong></span> <span class='ocrx_word' id='word_1_202' title='bbox 1241 1454 1525 1498; x_wconf 88' lang='lat' dir='ltr'><strong>incarnationis,</strong></span> <span class='ocrx_word' id='word_1_203' title='bbox 1561 1454 1624 1491; x_wconf 90' lang='lat' dir='ltr'><strong>sed</strong></span> 
     </span>
     <span class='ocr_line' id='line_1_22' title="bbox 108 1519 1626 1568; baseline -0.002 -10"><span class='ocrx_word' id='word_1_204' title='bbox 108 1522 235 1558; x_wconf 87' lang='lat' dir='ltr'><strong>mortis</strong></span> <span class='ocrx_word' id='word_1_205' title='bbox 273 1519 478 1557; x_wconf 90' lang='lat' dir='ltr'><strong>dominicae</strong></span> <span class='ocrx_word' id='word_1_206' title='bbox 504 1519 851 1557; x_wconf 84' lang='lat' dir='ltr'><strong>rememorationem</strong></span> <span class='ocrx_word' id='word_1_207' title='bbox 879 1532 957 1556; x_wconf 88' lang='lat' dir='ltr'><strong>esse</strong></span> <span class='ocrx_word' id='word_1_208' title='bbox 985 1519 1104 1563; x_wconf 89' lang='lat' dir='ltr'><strong>docet,</strong></span> <span class='ocrx_word' id='word_1_209' title='bbox 1132 1524 1171 1556; x_wconf 87' lang='lat' dir='ltr'><strong>ut</strong></span> <span class='ocrx_word' id='word_1_210' title='bbox 1196 1519 1463 1568; x_wconf 65' lang='lat' dir='ltr'><strong>intelligamus,</strong></span> <span class='ocrx_word' id='word_1_211' title='bbox 1491 1531 1626 1555; x_wconf 88' lang='lat' dir='ltr'><strong>coenae</strong></span> 
     </span>
     <span class='ocr_line' id='line_1_23' title="bbox 106 1580 1624 1634; baseline -0.002 -12"><span class='ocrx_word' id='word_1_212' title='bbox 106 1585 311 1622; x_wconf 87' lang='lat' dir='ltr'><strong>dominicae</strong></span> <span class='ocrx_word' id='word_1_213' title='bbox 340 1584 458 1621; x_wconf 91' lang='lat' dir='ltr'><strong>verbis</strong></span> <span class='ocrx_word' id='word_1_214' title='bbox 501 1583 801 1620; x_wconf 85' lang='lat' dir='ltr'><strong>communionem</strong></span> <span class='ocrx_word' id='word_1_215' title='bbox 829 1580 938 1620; x_wconf 81' lang='lat' dir='ltr'><strong>uobi&#39;s</strong></span> <span class='ocrx_word' id='word_1_216' title='bbox 966 1583 1006 1620; x_wconf 86' lang='lat' dir='ltr'><strong>in</strong></span> <span class='ocrx_word' id='word_1_217' title='bbox 1035 1596 1189 1634; x_wconf 88' lang='lat' dir='ltr'><strong>corpore</strong></span> <span class='ocrx_word' id='word_1_218' title='bbox 1216 1588 1252 1620; x_wconf 89' lang='lat' dir='ltr'><strong>et</strong></span> <span class='ocrx_word' id='word_1_219' title='bbox 1280 1583 1463 1632; x_wconf 78' lang='lat' dir='ltr'><strong>sanguine</strong></span> <span class='ocrx_word' id='word_1_220' title='bbox 1483 1582 1624 1620; x_wconf 86' lang='lat' dir='ltr'><strong>Christi</strong></span> 
     </span>
     <span class='ocr_line' id='line_1_24' title="bbox 108 1646 1627 1697; baseline -0.002 -11"><span class='ocrx_word' id='word_1_221' title='bbox 108 1649 153 1687; x_wconf 88' lang='lat' dir='ltr'><strong>D.</strong></span> <span class='ocrx_word' id='word_1_222' title='bbox 191 1648 450 1693; x_wconf 84' lang='lat' dir='ltr'><strong>commendari,</strong></span> <span class='ocrx_word' id='word_1_223' title='bbox 477 1660 552 1685; x_wconf 91' lang='lat' dir='ltr'><strong>non</strong></span> <span class='ocrx_word' id='word_1_224' title='bbox 580 1648 681 1684; x_wconf 84' lang='lat' dir='ltr'><strong>iuxta</strong></span> <span class='ocrx_word' id='word_1_225' title='bbox 710 1647 957 1684; x_wconf 84' lang='lat' dir='ltr'><strong>substantiam</strong></span> <span class='ocrx_word' id='word_1_226' title='bbox 984 1647 1150 1697; x_wconf 88' lang='lat' dir='ltr'><strong>ipsorum</strong></span> <span class='ocrx_word' id='word_1_227' title='bbox 1179 1648 1397 1691; x_wconf 87' lang='lat' dir='ltr'><strong>naturalem,</strong></span> <span class='ocrx_word' id='word_1_228' title='bbox 1426 1659 1537 1697; x_wconf 86' lang='lat' dir='ltr'><strong>quam</strong></span> <span class='ocrx_word' id='word_1_229' title='bbox 1564 1646 1627 1683; x_wconf 81' lang='lat' dir='ltr'><strong>ille</strong></span> 
     </span>
     <span class='ocr_line' id='line_1_25' title="bbox 109 1712 1623 1763; baseline -0.003 -12"><span class='ocrx_word' id='word_1_230' title='bbox 109 1714 217 1751; x_wconf 90' lang='lat' dir='ltr'><strong>nobis</strong></span> <span class='ocrx_word' id='word_1_231' title='bbox 253 1714 369 1750; x_wconf 88' lang='lat' dir='ltr'><strong>multo</strong></span> <span class='ocrx_word' id='word_1_232' title='bbox 406 1718 513 1750; x_wconf 89' lang='lat' dir='ltr'><strong>antea</strong></span> <span class='ocrx_word' id='word_1_233' title='bbox 549 1713 734 1763; x_wconf 88' lang='lat' dir='ltr'><strong>propriam</strong></span> <span class='ocrx_word' id='word_1_234' title='bbox 769 1712 809 1749; x_wconf 88' lang='lat' dir='ltr'><strong>in</strong></span> <span class='ocrx_word' id='word_1_235' title='bbox 846 1712 1073 1750; x_wconf 86' lang='lat' dir='ltr'><strong>instituenda</strong></span> <span class='ocrx_word' id='word_1_236' title='bbox 1103 1726 1169 1750; x_wconf 85' lang='lat' dir='ltr'><strong>sua</strong></span> <span class='ocrx_word' id='word_1_237' title='bbox 1197 1713 1352 1760; x_wconf 86' lang='lat' dir='ltr'><strong>no·(fol.</strong></span> <span class='ocrx_word' id='word_1_238' title='bbox 1390 1712 1623 1760; x_wconf 70' lang='lat' dir='ltr'><strong>47¹’)biscum</strong></span> 
     </span>
     <span class='ocr_line' id='line_1_26' title="bbox 111 1774 1625 1826; baseline -0.003 -11"><span class='ocrx_word' id='word_1_239' title='bbox 111 1778 370 1815; x_wconf 88' lang='lat' dir='ltr'><strong>communione</strong></span> <span class='ocrx_word' id='word_1_240' title='bbox 396 1790 415 1814; x_wconf 83' lang='lat' dir='ltr'><strong>a</strong></span> <span class='ocrx_word' id='word_1_241' title='bbox 444 1776 565 1822; x_wconf 86' lang='lat' dir='ltr'><strong>nobis,</strong></span> <span class='ocrx_word' id='word_1_242' title='bbox 590 1782 632 1813; x_wconf 91' lang='lat' dir='ltr'><strong>ut</strong></span> <span class='ocrx_word' id='word_1_243' title='bbox 659 1776 798 1813; x_wconf 89' lang='lat' dir='ltr'><strong>dietum</strong></span> <span class='ocrx_word' id='word_1_244' title='bbox 824 1780 890 1821; x_wconf 90' lang='lat' dir='ltr'><strong>est,</strong></span> <span class='ocrx_word' id='word_1_245' title='bbox 918 1789 961 1813; x_wconf 84' lang='lat' dir='ltr'><strong>ex</strong></span> <span class='ocrx_word' id='word_1_246' title='bbox 988 1780 1107 1813; x_wconf 89' lang='lat' dir='ltr'><strong>matre</strong></span> <span class='ocrx_word' id='word_1_247' title='bbox 1134 1776 1277 1825; x_wconf 83' lang='lat' dir='ltr'><strong>virgine</strong></span> <span class='ocrx_word' id='word_1_248' title='bbox 1305 1775 1457 1826; x_wconf 87' lang='lat' dir='ltr'><strong>accepit,</strong></span> <span class='ocrx_word' id='word_1_249' title='bbox 1482 1796 1534 1804; x_wconf 93' lang='lat'><em>-</em></span> <span class='ocrx_word' id='word_1_250' title='bbox 1561 1774 1625 1811; x_wconf 90' lang='lat' dir='ltr'><strong>sed</strong></span> 
     </span>
     <span class='ocr_line' id='line_1_27' title="bbox 107 1839 1623 1892; baseline -0.003 -13"><span class='ocrx_word' id='word_1_251' title='bbox 107 1842 208 1879; x_wconf 82' lang='lat' dir='ltr'><strong>iuxta</strong></span> <span class='ocrx_word' id='word_1_252' title='bbox 236 1842 289 1885; x_wconf 90' lang='lat' dir='ltr'><strong>id,</strong></span> <span class='ocrx_word' id='word_1_253' title='bbox 315 1841 413 1892; x_wconf 90' lang='lat' dir='ltr'><strong>quod</strong></span> <span class='ocrx_word' id='word_1_254' title='bbox 442 1841 519 1891; x_wconf 88' lang='lat' dir='ltr'><strong>ipse</strong></span> <span class='ocrx_word' id='word_1_255' title='bbox 548 1841 590 1877; x_wconf 91' lang='lat' dir='ltr'><strong>de</strong></span> <span class='ocrx_word' id='word_1_256' title='bbox 619 1853 682 1877; x_wconf 92' lang='lat' dir='ltr'><strong>suo</strong></span> <span class='ocrx_word' id='word_1_257' title='bbox 712 1841 861 1890; x_wconf 89' lang='lat' dir='ltr'><strong>proprio</strong></span> <span class='ocrx_word' id='word_1_258' title='bbox 891 1840 1050 1877; x_wconf 86' lang='lat' dir='ltr'><strong>contulit</strong></span> <span class='ocrx_word' id='word_1_259' title='bbox 1077 1840 1123 1877; x_wconf 87' lang='lat' dir='ltr'><strong>ad</strong></span> <span class='ocrx_word' id='word_1_260' title='bbox 1152 1853 1232 1877; x_wconf 86' lang='lat' dir='ltr'><strong>eam</strong></span> <span class='ocrx_word' id='word_1_261' title='bbox 1251 1840 1370 1890; x_wconf 89' lang='lat' dir='ltr'><strong>ipsam</strong></span> <span class='ocrx_word' id='word_1_262' title='bbox 1392 1839 1623 1876; x_wconf 83' lang='lat' dir='ltr'><strong>communio·</strong></span> 
     </span>
     <span class='ocr_line' id='line_1_28' title="bbox 109 1902 1624 1955; baseline -0.003 -12"><span class='ocrx_word' id='word_1_263' title='bbox 109 1920 204 1950; x_wconf 87' lang='lat' dir='ltr'><strong>nem,</strong></span> <span class='ocrx_word' id='word_1_264' title='bbox 239 1906 343 1942; x_wconf 83' lang='lat' dir='ltr'><strong>iuxta</strong></span> <span class='ocrx_word' id='word_1_265' title='bbox 369 1907 538 1942; x_wconf 86' lang='lat' dir='ltr'><strong>meritum</strong></span> <span class='ocrx_word' id='word_1_266' title='bbox 566 1905 716 1954; x_wconf 87' lang='lat' dir='ltr'><strong>inquam</strong></span> <span class='ocrx_word' id='word_1_267' title='bbox 745 1905 930 1955; x_wconf 83' lang='lat' dir='ltr'><strong>passionis</strong></span> <span class='ocrx_word' id='word_1_268' title='bbox 957 1917 999 1942; x_wconf 87' lang='lat' dir='ltr'><strong>ac</strong></span> <span class='ocrx_word' id='word_1_269' title='bbox 1026 1904 1158 1942; x_wconf 88' lang='lat' dir='ltr'><strong>mortis</strong></span> <span class='ocrx_word' id='word_1_270' title='bbox 1186 1917 1273 1941; x_wconf 85' lang='lat' dir='ltr'><strong>suae</strong></span> <span class='ocrx_word' id='word_1_271' title='bbox 1309 1908 1346 1941; x_wconf 89' lang='lat' dir='ltr'><strong>et</strong></span> <span class='ocrx_word' id='word_1_272' title='bbox 1371 1904 1530 1953; x_wconf 85' lang='lat' dir='ltr'><strong>gloriam</strong></span> <span class='ocrx_word' id='word_1_273' title='bbox 1557 1902 1624 1940; x_wconf 88' lang='lat' dir='ltr'><strong>ad-</strong></span> 
     </span>
     <span class='ocr_line' id='line_1_29' title="bbox 109 1969 724 2007; baseline 0 0"><span class='ocrx_word' id='word_1_274' title='bbox 109 1970 295 2007; x_wconf 84' lang='lat' dir='ltr'><strong>mirandae</strong></span> <span class='ocrx_word' id='word_1_275' title='bbox 322 1982 407 2006; x_wconf 83' lang='lat' dir='ltr'><strong>suae</strong></span> <span class='ocrx_word' id='word_1_276' title='bbox 433 1969 724 2007; x_wconf 86' lang='lat' dir='ltr'><strong>resurrectionis.</strong></span> 
     </span>
    </p>

    <p class='ocr_par' dir='ltr' id='par_1_5' title="bbox 110 2032 1626 2856">
     <span class='ocr_line' id='line_1_30' title="bbox 159 2032 1625 2084; baseline -0.003 -12"><span class='ocrx_word' id='word_1_277' title='bbox 159 2035 244 2072; x_wconf 87' lang='lat' dir='ltr'><strong>Hoc</strong></span> <span class='ocrx_word' id='word_1_278' title='bbox 280 2047 368 2072; x_wconf 85' lang='lat' dir='ltr'><strong>sane</strong></span> <span class='ocrx_word' id='word_1_279' title='bbox 402 2039 585 2071; x_wconf 85' lang='lat' dir='ltr'><strong>testantur</strong></span> <span class='ocrx_word' id='word_1_280' title='bbox 622 2033 731 2070; x_wconf 89' lang='lat' dir='ltr'><strong>verba</strong></span> <span class='ocrx_word' id='word_1_281' title='bbox 767 2033 846 2084; x_wconf 80' lang='lat' dir='ltr'><strong>ipsa</strong></span> <span class='ocrx_word' id='word_1_282' title='bbox 884 2033 1023 2071; x_wconf 88' lang='lat' dir='ltr'><strong>Christi</strong></span> <span class='ocrx_word' id='word_1_283' title='bbox 1053 2034 1097 2071; x_wconf 90' lang='lat' dir='ltr'><strong>I).</strong></span> <span class='ocrx_word' id='word_1_284' title='bbox 1127 2033 1171 2070; x_wconf 91' lang='lat' dir='ltr'><strong>de</strong></span> <span class='ocrx_word' id='word_1_285' title='bbox 1199 2045 1354 2083; x_wconf 89' lang='lat' dir='ltr'><strong>corpore</strong></span> <span class='ocrx_word' id='word_1_286' title='bbox 1380 2036 1416 2069; x_wconf 92' lang='lat' dir='ltr'><strong>et</strong></span> <span class='ocrx_word' id='word_1_287' title='bbox 1443 2032 1625 2081; x_wconf 85' lang='lat' dir='ltr'><strong>sanguine</strong></span> 
     </span>
     <span class='ocr_line' id='line_1_31' title="bbox 111 2095 1625 2148; baseline -0.001 -13"><span class='ocrx_word' id='word_1_288' title='bbox 111 2112 175 2136; x_wconf 82' lang='lat' dir='ltr'><strong>suo</strong></span> <span class='ocrx_word' id='word_1_289' title='bbox 220 2099 259 2136; x_wconf 92' lang='lat' dir='ltr'><strong>in</strong></span> <span class='ocrx_word' id='word_1_290' title='bbox 305 2111 414 2135; x_wconf 87' lang='lat' dir='ltr'><strong>caena</strong></span> <span class='ocrx_word' id='word_1_291' title='bbox 459 2098 604 2135; x_wconf 85' lang='lat' dir='ltr'><strong>addita:</strong></span> <span class='ocrx_word' id='word_1_292' title='bbox 660 2098 771 2135; x_wconf 73' lang='lat' dir='ltr'><strong>Quod</strong></span> <span class='ocrx_word' id='word_1_293' title='bbox 814 2111 880 2148; x_wconf 90' lang='lat' dir='ltr'><strong>pro</strong></span> <span class='ocrx_word' id='word_1_294' title='bbox 927 2097 1033 2134; x_wconf 93' lang='lat' dir='ltr'><strong>vobis</strong></span> <span class='ocrx_word' id='word_1_295' title='bbox 1077 2097 1248 2142; x_wconf 85' lang='lat' dir='ltr'><strong>traditur,</strong></span> <span class='ocrx_word' id='word_1_296' title='bbox 1301 2096 1378 2134; x_wconf 76' lang='lat' dir='ltr'><strong>Qui</strong></span> <span class='ocrx_word' id='word_1_297' title='bbox 1413 2109 1479 2146; x_wconf 90' lang='lat' dir='ltr'><strong>pro</strong></span> <span class='ocrx_word' id='word_1_298' title='bbox 1518 2095 1625 2133; x_wconf 88' lang='lat' dir='ltr'><strong>vobis</strong></span> 
     </span>
     <span class='ocr_line' id='line_1_32' title="bbox 111 2161 1623 2211; baseline -0.002 -12"><span class='ocrx_word' id='word_1_299' title='bbox 111 2162 288 2208; x_wconf 86' lang='lat' dir='ltr'><strong>funditur,</strong></span> <span class='ocrx_word' id='word_1_300' title='bbox 331 2166 369 2199; x_wconf 89' lang='lat' dir='ltr'><strong>ut</strong></span> <span class='ocrx_word' id='word_1_301' title='bbox 412 2162 677 2210; x_wconf 81' lang='lat' dir='ltr'><strong>intelligamus,</strong></span> <span class='ocrx_word' id='word_1_302' title='bbox 721 2174 871 2198; x_wconf 85' lang='lat' dir='ltr'><strong>coenam</strong></span> <span class='ocrx_word' id='word_1_303' title='bbox 916 2161 1069 2198; x_wconf 90' lang='lat' dir='ltr'><strong>Domini</strong></span> <span class='ocrx_word' id='word_1_304' title='bbox 1113 2174 1191 2198; x_wconf 86' lang='lat' dir='ltr'><strong>esse</strong></span> <span class='ocrx_word' id='word_1_305' title='bbox 1225 2165 1508 2211; x_wconf 67' lang='grc' dir='ltr'><em>καταγγελὶαν</em></span> <span class='ocrx_word' id='word_1_306' title='bbox 1547 2173 1623 2197; x_wconf 86' lang='lat' dir='ltr'><strong>non</strong></span> 
     </span>
     <span class='ocr_line' id='line_1_33' title="bbox 110 2224 1625 2276; baseline -0.001 -14"><span class='ocrx_word' id='word_1_307' title='bbox 110 2226 275 2275; x_wconf 82' lang='lat' dir='ltr'><strong>equidem</strong></span> <span class='ocrx_word' id='word_1_308' title='bbox 320 2225 585 2262; x_wconf 86' lang='lat' dir='ltr'><strong>incarnationis</strong></span> <span class='ocrx_word' id='word_1_309' title='bbox 631 2225 859 2271; x_wconf 87' lang='lat' dir='ltr'><strong>Dominicae,</strong></span> <span class='ocrx_word' id='word_1_310' title='bbox 896 2239 968 2276; x_wconf 90' lang='lat' dir='ltr'><strong>qua</strong></span> <span class='ocrx_word' id='word_1_311' title='bbox 1003 2225 1065 2262; x_wconf 91' lang='lat' dir='ltr'><strong>illc</strong></span> <span class='ocrx_word' id='word_1_312' title='bbox 1102 2224 1351 2262; x_wconf 84' lang='lat' dir='ltr'><strong>substantiam</strong></span> <span class='ocrx_word' id='word_1_313' title='bbox 1387 2224 1552 2275; x_wconf 89' lang='lat' dir='ltr'><strong>corporis</strong></span> <span class='ocrx_word' id='word_1_314' title='bbox 1589 2230 1625 2261; x_wconf 90' lang='lat' dir='ltr'><strong>et</strong></span> 
     </span>
     <span class='ocr_line' id='line_1_34' title="bbox 112 2288 1621 2340; baseline 0 -15"><span class='ocrx_word' id='word_1_315' title='bbox 112 2289 302 2337; x_wconf 75' lang='lat' dir='ltr'><strong>sanguinis</strong></span> <span class='ocrx_word' id='word_1_316' title='bbox 339 2289 394 2326; x_wconf 87' lang='lat' dir='ltr'><strong>sui</strong></span> <span class='ocrx_word' id='word_1_317' title='bbox 430 2303 449 2326; x_wconf 90' lang='lat' dir='ltr'><strong>a</strong></span> <span class='ocrx_word' id='word_1_318' title='bbox 483 2289 592 2326; x_wconf 91' lang='lat' dir='ltr'><strong>nobis</strong></span> <span class='ocrx_word' id='word_1_319' title='bbox 620 2289 659 2326; x_wconf 89' lang='lat' dir='ltr'><strong>in</strong></span> <span class='ocrx_word' id='word_1_320' title='bbox 689 2290 987 2327; x_wconf 87' lang='lat' dir='ltr'><strong>communionem</strong></span> <span class='ocrx_word' id='word_1_321' title='bbox 1016 2303 1118 2327; x_wconf 86' lang='lat' dir='ltr'><strong>suam</strong></span> <span class='ocrx_word' id='word_1_322' title='bbox 1146 2289 1344 2326; x_wconf 86' lang='lat' dir='ltr'><strong>nobiscum</strong></span> <span class='ocrx_word' id='word_1_323' title='bbox 1370 2289 1523 2340; x_wconf 84' lang='lat' dir='ltr'><strong>accepit,</strong></span> <span class='ocrx_word' id='word_1_324' title='bbox 1559 2288 1621 2326; x_wconf 85' lang='lat' dir='ltr'><strong>sed</strong></span> 
     </span>
     <span class='ocr_line' id='line_1_35' title="bbox 113 2353 1622 2404; baseline 0 -15"><span class='ocrx_word' id='word_1_325' title='bbox 113 2353 240 2390; x_wconf 85' lang='lat' dir='ltr'><strong>mortis</strong></span> <span class='ocrx_word' id='word_1_326' title='bbox 283 2357 318 2390; x_wconf 87' lang='lat' dir='ltr'><strong>et</strong></span> <span class='ocrx_word' id='word_1_327' title='bbox 353 2353 534 2403; x_wconf 86' lang='lat' dir='ltr'><strong>passionis</strong></span> <span class='ocrx_word' id='word_1_328' title='bbox 571 2367 668 2399; x_wconf 85' lang='lat' dir='ltr'><strong>suae,</strong></span> <span class='ocrx_word' id='word_1_329' title='bbox 703 2367 776 2404; x_wconf 88' lang='lat' dir='ltr'><strong>qua</strong></span> <span class='ocrx_word' id='word_1_330' title='bbox 811 2359 938 2391; x_wconf 87' lang='lat' dir='ltr'><strong>nostra</strong></span> <span class='ocrx_word' id='word_1_331' title='bbox 976 2355 1141 2391; x_wconf 88' lang='lat' dir='ltr'><strong>omnium</strong></span> <span class='ocrx_word' id='word_1_332' title='bbox 1179 2366 1334 2404; x_wconf 88' lang='lat' dir='ltr'><strong>corpora</strong></span> <span class='ocrx_word' id='word_1_333' title='bbox 1372 2357 1408 2391; x_wconf 87' lang='lat' dir='ltr'><strong>et</strong></span> <span class='ocrx_word' id='word_1_334' title='bbox 1454 2356 1622 2390; x_wconf 88' lang='lat' dir='ltr'><strong>nostrum</strong></span> 
     </span>
     <span class='ocr_line' id='line_1_36' title="bbox 113 2418 1623 2470; baseline 0 -15"><span class='ocrx_word' id='word_1_335' title='bbox 113 2418 276 2455; x_wconf 87' lang='lat' dir='ltr'><strong>omnium</strong></span> <span class='ocrx_word' id='word_1_336' title='bbox 313 2418 539 2466; x_wconf 82' lang='lat' dir='ltr'><strong>sanguinem,</strong></span> <span class='ocrx_word' id='word_1_337' title='bbox 572 2431 748 2469; x_wconf 87' lang='lat' dir='ltr'><strong>suspenso</strong></span> <span class='ocrx_word' id='word_1_338' title='bbox 785 2419 824 2456; x_wconf 89' lang='lat' dir='ltr'><strong>in</strong></span> <span class='ocrx_word' id='word_1_339' title='bbox 861 2432 967 2456; x_wconf 87' lang='lat' dir='ltr'><strong>cruce</strong></span> <span class='ocrx_word' id='word_1_340' title='bbox 1004 2433 1157 2470; x_wconf 89' lang='lat' dir='ltr'><strong>corpore</strong></span> <span class='ocrx_word' id='word_1_341' title='bbox 1194 2432 1261 2456; x_wconf 93' lang='lat' dir='ltr'><strong>suo</strong></span> <span class='ocrx_word' id='word_1_342' title='bbox 1298 2424 1333 2456; x_wconf 83' lang='lat' dir='ltr'><strong>et</strong></span> <span class='ocrx_word' id='word_1_343' title='bbox 1369 2419 1452 2455; x_wconf 86' lang='lat' dir='ltr'><strong>fuso</strong></span> <span class='ocrx_word' id='word_1_344' title='bbox 1490 2432 1555 2455; x_wconf 87' lang='lat' dir='ltr'><strong>suo</strong></span> <span class='ocrx_word' id='word_1_345' title='bbox 1585 2418 1623 2455; x_wconf 92' lang='lat' dir='ltr'><strong>in</strong></span> 
     </span>
     <span class='ocr_line' id='line_1_37' title="bbox 114 2482 1622 2534; baseline 0.001 -16"><span class='ocrx_word' id='word_1_346' title='bbox 114 2494 222 2518; x_wconf 85' lang='lat' dir='ltr'><strong>carne</strong></span> <span class='ocrx_word' id='word_1_347' title='bbox 259 2486 382 2517; x_wconf 88' lang='lat' dir='ltr'><strong>nostra</strong></span> <span class='ocrx_word' id='word_1_348' title='bbox 419 2482 608 2528; x_wconf 73' lang='lat' dir='ltr'><strong>sanguine,</strong></span> <span class='ocrx_word' id='word_1_349' title='bbox 641 2483 801 2532; x_wconf 88' lang='lat' dir='ltr'><strong>perfecta</strong></span> <span class='ocrx_word' id='word_1_350' title='bbox 835 2484 943 2533; x_wconf 86' lang='lat' dir='ltr'><strong>plane</strong></span> <span class='ocrx_word' id='word_1_351' title='bbox 979 2484 1152 2529; x_wconf 87' lang='lat' dir='ltr'><strong>reddidit,</strong></span> <span class='ocrx_word' id='word_1_352' title='bbox 1195 2496 1419 2534; x_wconf 87' lang='lat' dir='ltr'><strong>prorsusque</strong></span> <span class='ocrx_word' id='word_1_353' title='bbox 1456 2483 1622 2520; x_wconf 84' lang='lat' dir='ltr'><strong>sanctifi-</strong></span> 
     </span>
     <span class='ocr_line' id='line_1_38' title="bbox 115 2545 1625 2603; baseline 0.001 -21"><span class='ocrx_word' id='word_1_354' title='bbox 115 2546 222 2591; x_wconf 82' lang='lat' dir='ltr'><strong>cavit,</strong></span> <span class='ocrx_word' id='word_1_355' title='bbox 248 2545 555 2603; x_wconf 83' lang='lat' dir='ltr'><strong>quemadmodum</strong></span> <span class='ocrx_word' id='word_1_356' title='bbox 583 2547 717 2584; x_wconf 83' lang='lat' dir='ltr'><strong>Paulus</strong></span> <span class='ocrx_word' id='word_1_357' title='bbox 746 2550 872 2594; x_wconf 88' lang='lat' dir='ltr'><strong>docet;</strong></span> <span class='ocrx_word' id='word_1_358' title='bbox 900 2553 1156 2599; x_wconf 86' lang='lat' dir='ltr'><strong>praeterquam</strong></span> <span class='ocrx_word' id='word_1_359' title='bbox 1184 2549 1215 2585; x_wconf 92' lang='lat' dir='ltr'><strong>si</strong></span> <span class='ocrx_word' id='word_1_360' title='bbox 1244 2548 1339 2585; x_wconf 90' lang='lat' dir='ltr'><strong>hanc</strong></span> <span class='ocrx_word' id='word_1_361' title='bbox 1368 2548 1475 2585; x_wconf 89' lang='lat' dir='ltr'><strong>huius</strong></span> <span class='ocrx_word' id='word_1_362' title='bbox 1504 2548 1625 2585; x_wconf 88' lang='lat' dir='ltr'><strong>meriti</strong></span> 
     </span>
     <span class='ocr_line' id='line_1_39' title="bbox 113 2610 1626 2662; baseline 0.001 -15"><span class='ocrx_word' id='word_1_363' title='bbox 113 2623 154 2647; x_wconf 90' lang='lat' dir='ltr'><strong>ac</strong></span> <span class='ocrx_word' id='word_1_364' title='bbox 181 2610 320 2659; x_wconf 74' lang='lat' dir='ltr'><strong>gloriae</strong></span> <span class='ocrx_word' id='word_1_365' title='bbox 349 2610 654 2655; x_wconf 82' lang='lat' dir='ltr'><strong>communionem,</strong></span> <span class='ocrx_word' id='word_1_366' title='bbox 684 2612 789 2649; x_wconf 89' lang='lat' dir='ltr'><strong>huius</strong></span> <span class='ocrx_word' id='word_1_367' title='bbox 816 2613 968 2662; x_wconf 89' lang='lat' dir='ltr'><strong>inquam</strong></span> <span class='ocrx_word' id='word_1_368' title='bbox 996 2613 1300 2651; x_wconf 85' lang='lat' dir='ltr'><strong>sanctificationis</strong></span> <span class='ocrx_word' id='word_1_369' title='bbox 1329 2614 1480 2658; x_wconf 88' lang='lat' dir='ltr'><strong>donum,</strong></span> <span class='ocrx_word' id='word_1_370' title='bbox 1508 2617 1626 2650; x_wconf 89' lang='lat' dir='ltr'><strong>morte</strong></span> 
     </span>
     <span class='ocr_line' id='line_1_40' title="bbox 115 2673 1622 2724; baseline 0.002 -14"><span class='ocrx_word' id='word_1_371' title='bbox 115 2674 251 2711; x_wconf 84' lang='lat' dir='ltr'><strong>Christi</strong></span> <span class='ocrx_word' id='word_1_372' title='bbox 288 2673 440 2710; x_wconf 91' lang='lat' dir='ltr'><strong>Domini</strong></span> <span class='ocrx_word' id='word_1_373' title='bbox 477 2673 520 2710; x_wconf 89' lang='lat' dir='ltr'><strong>dc</strong></span> <span class='ocrx_word' id='word_1_374' title='bbox 556 2687 619 2710; x_wconf 90' lang='lat' dir='ltr'><strong>suo</strong></span> <span class='ocrx_word' id='word_1_375' title='bbox 659 2675 764 2711; x_wconf 83' lang='lat' dir='ltr'><strong>nobis</strong></span> <span class='ocrx_word' id='word_1_376' title='bbox 801 2677 961 2724; x_wconf 74' lang='lat' dir='ltr'><strong>gratuito</strong></span> <span class='ocrx_word' id='word_1_377' title='bbox 990 2677 1029 2714; x_wconf 87' lang='lat' dir='ltr'><strong>in</strong></span> <span class='ocrx_word' id='word_1_378' title='bbox 1065 2690 1260 2715; x_wconf 87' lang='lat' dir='ltr'><strong>commune</strong></span> <span class='ocrx_word' id='word_1_379' title='bbox 1296 2677 1469 2721; x_wconf 87' lang='lat' dir='ltr'><strong>delatum,</strong></span> <span class='ocrx_word' id='word_1_380' title='bbox 1497 2683 1622 2714; x_wconf 83' lang='lat' dir='ltr'><strong>nostra</strong></span> 
     </span>
     <span class='ocr_line' id='line_1_41' title="bbox 113 2736 1623 2791; baseline 0.001 -17"><span class='ocrx_word' id='word_1_381' title='bbox 113 2738 183 2787; x_wconf 90' lang='lat' dir='ltr'><strong>ipsi</strong></span> <span class='ocrx_word' id='word_1_382' title='bbox 217 2737 403 2787; x_wconf 85' lang='lat' dir='ltr'><strong>impietate</strong></span> <span class='ocrx_word' id='word_1_383' title='bbox 439 2750 459 2773; x_wconf 86' lang='lat' dir='ltr'><strong>a</strong></span> <span class='ocrx_word' id='word_1_384' title='bbox 496 2736 603 2773; x_wconf 90' lang='lat' dir='ltr'><strong>nobis</strong></span> <span class='ocrx_word' id='word_1_385' title='bbox 630 2738 857 2784; x_wconf 84' lang='lat' dir='ltr'><strong>abiiciamus,</strong></span> <span class='ocrx_word' id='word_1_386' title='bbox 894 2754 1033 2791; x_wconf 74' lang='lat' dir='ltr'><strong>nosque</strong></span> <span class='ocrx_word' id='word_1_387' title='bbox 1069 2742 1114 2778; x_wconf 80' lang='lat' dir='ltr'><strong>ab</strong></span> <span class='ocrx_word' id='word_1_388' title='bbox 1150 2742 1251 2779; x_wconf 83' lang='lat' dir='ltr'><strong>illius</strong></span> <span class='ocrx_word' id='word_1_389' title='bbox 1279 2742 1329 2779; x_wconf 79' lang='lat' dir='ltr'><strong>ita</strong></span> <span class='ocrx_word' id='word_1_390' title='bbox 1367 2741 1475 2779; x_wconf 80' lang='lat' dir='ltr'><strong>nobis</strong></span> <span class='ocrx_word' id='word_1_391' title='bbox 1503 2740 1623 2778; x_wconf 84' lang='lat' dir='ltr'><strong>delata</strong></span> 
     </span>
     <span class='ocr_line' id='line_1_42' title="bbox 117 2800 1622 2856; baseline 0.004 -20"><span class='ocrx_word' id='word_1_392' title='bbox 117 2801 376 2837; x_wconf 84' lang='lat' dir='ltr'><strong>communione</strong></span> <span class='ocrx_word' id='word_1_393' title='bbox 404 2800 586 2837; x_wconf 84' lang='lat' dir='ltr'><strong>destinato</strong></span> <span class='ocrx_word' id='word_1_394' title='bbox 616 2808 826 2852; x_wconf 86' lang='lat' dir='ltr'><strong>contemptu</strong></span> <span class='ocrx_word' id='word_1_395' title='bbox 854 2809 996 2850; x_wconf 88' lang='lat' dir='ltr'><strong>nostro,</strong></span> <span class='ocrx_word' id='word_1_396' title='bbox 1022 2805 1137 2842; x_wconf 90' lang='lat' dir='ltr'><strong>Iudae</strong></span> <span class='ocrx_word' id='word_1_397' title='bbox 1164 2806 1344 2856; x_wconf 85' lang='lat' dir='ltr'><strong>exemplo,</strong></span> <span class='ocrx_word' id='word_1_398' title='bbox 1372 2804 1622 2843; x_wconf 80' lang='lat' dir='ltr'><strong>excludamus.</strong></span> 
     </span>
    </p>

    <p class='ocr_par' dir='ltr' id='par_1_6' title="bbox 150 2865 308 2911">
     <span class='ocr_line' id='line_1_43' title="bbox 150 2865 308 2911; baseline 0.013 -12"><span class='ocrx_word' id='word_1_399' title='bbox 150 2865 197 2901; x_wconf 89' lang='lat' dir='ltr'><strong>ol.</strong></span> <span class='ocrx_word' id='word_1_400' title='bbox 225 2866 308 2911; x_wconf 64' lang='lat'>43²1)</span> 
     </span>
    </p>
   </div>
  </div>
 </body>
</html>
