1818 3178
726 117 787 145 ΕΡ.
817 117 961 146 Docrn.
1538 113 1614 149 565

83 216 125 255 in
151 217 266 255 verbo
293 215 386 258 ἔστί
411 220 540 268 tropos
567 216 751 255 eiusmodi
776 217 966 269 ponimus,
992 230 1086 270 quos
1115 218 1398 257 Carolostadius
1426 222 1462 257 et
1489 219 1611 258 Zwin·

81 281 183 331 glius
227 281 432 332 ponebant,
477 281 782 332 quandoquidem
828 295 979 320 causam
1014 282 1221 332 legitimam
1258 283 1402 321 nullam
1440 283 1613 322 videmus

81 349 235 396 propter
270 357 382 396 quam
409 358 430 382 a
460 345 623 396 simplici
651 346 781 384 harum
810 359 944 384 vocum
972 345 1249 396 significatione
1275 347 1447 385 recedere
1473 347 1611 385 debea-

81 422 178 455 mus,
212 422 234 446 a
268 422 341 460 qua
379 423 468 448 sane
502 415 640 448 temere
675 410 921 449 recedendum
957 424 1142 461 nusquam
1179 424 1259 450 esse
1297 415 1484 463 putamus.
1538 411 1613 450 Sed

81 473 305 525 particulam
342 479 463 515 τοῦτο
501 487 578 513 non
606 475 652 513 ad
680 475 786 526 panis
815 475 934 526 ipsius
961 475 1213 514 substantiam
1241 477 1452 524 referimus,
1479 490 1611 528 quern·

80 536 283 575 admodum
319 551 408 577 mox
445 538 626 584 dicemus,
662 539 724 577 sed
760 539 808 576 ad
842 544 958 578 totam
997 552 1134 577 coenae
1169 540 1289 591 ipsius
1316 541 1503 578 actionem
1533 541 1613 580 sive

80 601 371 646 institutionem,
397 606 433 641 et
459 602 498 640 in
526 603 697 652 corporis
725 603 875 641 nomine
902 603 1003 654 tropi
1029 603 1234 642 remedium
1263 604 1513 642 necessarium
1533 617 1614 644 esse

87 664 248 703 dicimus
293 665 406 716 idque
452 680 531 704 eam
568 666 809 718 potissimum
846 667 896 705 ob
934 680 1096 714 causam,
1131 667 1232 718 quod
1270 668 1439 719 corporis
1475 681 1612 707 nomen

82 730 302 782 simpliciter
338 731 399 768 hic
436 736 630 783 acceptum
665 736 701 770 et
738 731 852 770 verba
888 744 976 770 mox
1005 730 1275 783 subsequentia
1301 732 1476 770 obscuret
1502 732 1613 783 plane

81 795 128 834 de
163 796 304 834 Christi
341 795 497 834 Domini
531 796 569 834 in
609 809 724 834 coena
762 809 828 834 sua
865 796 1177 834 rememoratione
1204 799 1241 834 et
1268 796 1472 834 multorum
1500 809 1612 847 prae-

80 864 195 906 terea,
238 863 278 897 ut
323 859 466 898 dictum
512 864 580 905 est,
615 860 783 898 locorum
821 859 1106 910 repugnantiam
1141 860 1287 908 gignat,
1321 872 1417 911 quae
1451 871 1532 897 cum
1572 858 1612 897 in

81 923 276 974 scripturis
311 924 416 961 nullo
454 937 608 974 prorsus
645 923 757 961 modo
796 923 886 961 ferri
921 923 1055 974 possit,
1090 927 1287 974 troporum
1323 936 1412 960 sane
1447 921 1614 960 remedio

80 987 290 1037 mitiganda
326 987 466 1039 ubique
502 992 570 1033 est,
603 992 646 1025 ut
674 991 818 1026 certum
845 991 957 1038 atque
984 986 1198 1025 unanimem
1229 987 1435 1038 scripturae
1463 999 1613 1024 sensum

81 1050 184 1088 omni
219 1063 373 1102 prorsus
409 1064 455 1089 ex
489 1054 594 1102 parte
622 1050 860 1089 retineamus.
913 1050 1046 1101 Neque
1073 1049 1223 1088 interim
1251 1049 1364 1100 primi
1392 1062 1522 1088 sumus
1549 1049 1616 1100 qui

82 1127 212 1153 vocem
250 1116 348 1153 hanc
383 1122 504 1157 τοῦτο
534 1116 581 1153 ad
609 1120 727 1153 totam
757 1128 893 1152 coenae
920 1115 1106 1153 actionem
1134 1114 1262 1165 potius
1290 1127 1402 1165 quam
1430 1115 1477 1152 ad
1506 1114 1616 1164 panis

83 1179 334 1218 substantiam
371 1181 587 1225 reseramus,
623 1184 659 1218 et
694 1180 732 1218 in
762 1179 928 1230 corporis
955 1179 1109 1217 nomine
1135 1178 1235 1229 tropi
1262 1179 1469 1217 remedium
1497 1178 1609 1216 adhi-

83 1244 251 1288 beamus,
288 1243 352 1282 sed
389 1245 546 1282 Paulum
583 1244 706 1294 ipsum
742 1243 865 1280 nostri
902 1242 1012 1280 huius
1041 1242 1190 1280 consilii
1218 1246 1386 1280 autorem
1414 1242 1617 1293 utrobique

83 1308 276 1355 habemus,
304 1307 450 1346 fidelem
478 1308 621 1359 alioqui
647 1307 820 1357 magistri
848 1306 905 1344 sui
933 1307 1173 1358 interpretem
1203 1310 1239 1345 et
1266 1306 1456 1345 Ecclesiae
1482 1307 1616 1345 docto-

81 1384 173 1411 rem.
226 1372 415 1423 Quodque
452 1372 499 1409 ad
536 1385 665 1409 vocem
703 1377 826 1412 ταῦτα
863 1371 1009 1418 attinet,
1048 1371 1145 1408 hanc
1181 1375 1306 1422 aperte
1340 1370 1450 1408 docet
1477 1371 1616 1409 Paulus

82 1450 160 1474 non
186 1439 265 1474 tam
292 1436 341 1474 ad
368 1436 489 1487 ipsam
516 1435 624 1488 panis
653 1436 905 1474 substantiam
933 1449 1044 1487 quam
1073 1436 1118 1474 ad
1148 1435 1373 1473 fractionem
1401 1436 1529 1486 potius
1556 1448 1617 1474 re-

82 1500 174 1539 ferri
209 1505 392 1552 oportere,
428 1500 466 1541 h.
494 1514 541 1546 e.‚
568 1500 613 1538 ad
643 1504 762 1538 totam
790 1513 927 1538 coenae
953 1499 1247 1546 institutionem,
1274 1512 1384 1550 quam
1414 1499 1494 1537 solo
1524 1499 1617 1537 alio-

83 1566 149 1616 qui
184 1566 296 1604 fracti
329 1565 438 1617 panis
474 1566 629 1604 nomine
666 1565 858 1615 designari
884 1565 969 1603 aliis
997 1565 1091 1602 locis
1119 1564 1300 1603 videmus.
1354 1564 1489 1615 Neque
1515 1564 1617 1602 enim

83 1630 303 1682 simpliciter
330 1631 403 1668 ait:
432 1629 493 1667 hic
521 1630 629 1681 panis
657 1633 713 1668 est
742 1629 958 1667 communio
987 1628 1155 1680 corporis
1184 1627 1337 1674 Christi,
1365 1632 1407 1665 ut
1434 1628 1541 1665 illum
1570 1627 1617 1666 de

82 1695 192 1747 panis
226 1693 672 1755 substantia-loquutum
709 1706 789 1732 esse
815 1696 1001 1744 putemus,
1029 1693 1093 1731 sed
1122 1692 1259 1731 diserte
1294 1691 1422 1730 addit:
1465 1690 1619 1743 apanis,

83 1772 194 1810 quem
222 1759 472 1809 frangimus”,
498 1758 677 1796 nimirum
706 1762 746 1797 ut
774 1758 961 1803 ostendat,
987 1757 1101 1796 verba
1129 1771 1226 1809 quae
1253 1757 1537 1809 subsequuntur
1557 1757 1618 1795 ni·

83 1824 138 1862 hil
165 1824 318 1862 omnino
354 1823 538 1874 pertinere
565 1823 612 1860 ad
639 1836 786 1874 panem,
813 1823 879 1874 qui
913 1836 991 1861 non
1019 1823 1228 1872 frangatur,
1254 1823 1292 1862 h.
1320 1836 1367 1867 e.‚
1393 1823 1433 1861 in
1462 1836 1617 1862 coenam

80 1888 303 1926 exhibeatur
329 1888 433 1926 iuxta
464 1887 605 1925 Christi
631 1887 920 1933 institutismem,
948 1887 1012 1925 sed
1039 1891 1119 1925 tum
1148 1900 1236 1925 sane
1253 1887 1414 1938 primum
1432 1887 1619 1939 pertinere

82 1953 131 1991 ad
165 1966 313 2005 panem,
349 1966 445 2004 quae
482 1956 702 2003 sequuntur,
736 1957 979 2004 posteaquam
1015 1951 1218 2001 frangitur,
1253 1952 1291 1991 h.
1320 1965 1367 1999 e.‚
1391 1952 1432 1990 in
1461 1964 1617 1991 coenam

82 2017 294 2064 exhibetur,
329 2021 484 2067 tumque
511 2016 661 2054 demum
696 2030 776 2055 esse
812 2030 946 2068 panem
974 2016 1189 2067 mysticum,
1211 2030 1345 2068 panem
1373 2016 1617 2062 dominicum,

80 2086 356 2120 sacramentum
393 2081 559 2132 corporis
588 2081 728 2120 Christi
762 2085 799 2120 et
834 2085 969 2132 βρῶμα
996 2083 1083 2131 (60)
1111 2085 1396 2131 πνευματικόν.
1433 2081 1614 2133 quemad·

83 2146 236 2185 modum
263 2146 362 2185 idem
389 2147 528 2185 Paulus
556 2150 677 2185 vocat.
719 2146 865 2185 Deinde
892 2146 994 2198 quod
1020 2145 1125 2198 prius
1153 2159 1286 2197 panem
1315 2147 1476 2185 fractum
1503 2159 1618 2184 voca-

83 2211 139 2250 vit
172 2211 213 2248 id
248 2224 337 2249 mox
371 2225 540 2249 mensam
576 2211 732 2249 Domini
758 2211 934 2262 appellat,
959 2210 998 2249 id
1026 2211 1129 2262 quod
1157 2211 1331 2262 equidem
1358 2210 1470 2249 nobis
1498 2210 1617 2250 docu-

83 2280 210 2315 mento
246 2289 326 2314 esse
361 2275 485 2322 debet,
519 2276 677 2313 Paulum
712 2288 842 2313 vocem
870 2275 966 2313 hanc
998 2280 1117 2317 τοῦτο
1147 2275 1186 2313 in
1217 2275 1341 2313 verbis
1370 2288 1507 2313 coenae
1534 2288 1613 2316 non

84 2343 183 2377 certe
226 2339 274 2377 ad
309 2339 417 2391 panis
454 2338 703 2377 substantiam
740 2339 1073 2390 (quemadmodum
1109 2339 1221 2378 multi
1256 2339 1490 2391 interpretati
1526 2343 1615 2379 sunt

84 2404 296 2453 hactenus),
323 2404 386 2442 sed
414 2403 461 2442 ad
488 2407 607 2442 totam
635 2415 771 2443 coenae
799 2404 1010 2443 dominicae
1035 2404 1222 2443 actionem
1251 2418 1317 2443 seu
1338 2405 1615 2444 institutionem

83 2469 269 2507 retulisse.
323 2467 427 2506 Quid
465 2468 568 2519 quod
603 2468 717 2506 verba
752 2468 832 2519 ipsa
862 2480 999 2506 coenae
1027 2472 1158 2506 mutuo
1186 2468 1260 2506 sibi
1286 2468 1512 2519 respondere
1538 2481 1617 2507 non

84 2536 245 2586 possunt
275 2532 306 2571 si
333 2545 542 2583 pronomen
572 2533 910 2571 demonstrativum
939 2540 1060 2574 τοῦτο
1088 2546 1156 2584 pro
1183 2532 1292 2584 panis
1321 2532 1534 2571 substantia
1553 2546 1617 2571 ac·

84 2599 280 2650 cipiamus,
315 2610 540 2648 quocunque
583 2597 735 2635 tandem
772 2597 883 2635 modo
919 2610 1056 2635 nomen
1094 2597 1262 2649 corporis
1299 2597 1616 2649 interpretemur?

85 2664 237 2702 Certum
274 2667 330 2700 est
364 2662 463 2701 enirn
501 2662 603 2700 aliud
640 2675 719 2700 esse
754 2662 864 2712 panis
901 2662 1164 2706 substantiam,
1191 2662 1295 2700 aliud
1322 2676 1409 2700 vero
1439 2662 1619 2713 corporis,

85 2728 164 2766 sive
198 2726 449 2766 substantiam
478 2726 555 2764 sive
585 2726 899 2772 communionem,
927 2726 990 2765 sed
1020 2727 1266 2765 multominus
1294 2726 1417 2765 adhuc
1444 2726 1620 2764 cohaere·

85 2791 194 2836 bunt,
228 2792 261 2830 si
296 2791 365 2830 sub
404 2791 570 2842 corporis
608 2791 761 2829 nomine
798 2790 904 2829 iuxta.
930 2791 1087 2829 Paulum
1117 2791 1286 2843 corporis
1316 2791 1619 2830 communionem

84 2855 352 2906 intelligamus.
407 2856 494 2894 Quo
532 2859 640 2907 pacto
679 2855 778 2894 enim
818 2855 1026 2894 consistent
1063 2855 1154 2894 haec
1190 2856 1322 2895 verba:
1358 2855 1485 2894 Huius
1511 2855 1621 2907 panis
