1818 3178
493 124 542 149 DF.
573 123 856 152 *AGRAMENTIS
888 126 1103 154 ECCLESIAE
1131 127 1309 156 CHRISTI.
1591 123 1661 159 201

132 223 418 274 indulgentiam,
453 236 525 274 qua
556 238 593 262 se
620 225 675 263 illi
704 226 830 265 divina
858 228 983 266 omnia
1010 229 1136 268 laxare
1163 230 1441 283 astringereque
1467 244 1535 283 pro
1564 231 1661 270 bona

134 303 198 328 sua
240 289 451 328 intentione
484 302 593 341 posse
637 295 793 342 putant3
829 296 866 330 et
902 306 943 331 ea
978 293 1057 345 ipsa
1092 298 1239 333 tantum
1275 309 1354 334 esse
1391 296 1497 345 signa
1533 298 1665 335 Sacra-

133 357 342 390 mentorum
382 355 602 400 statuamus,
638 367 753 405 eaque
791 355 971 394 duntaxat
997 357 1106 394 etiam
1136 357 1175 395 in
1202 358 1410 396 ministerio
1438 363 1567 398 nostro
1596 360 1666 397 ob-

135 429 335 461 servemus,
370 429 464 466 quae
500 418 668 467 exemplo
697 418 838 456 Christi
866 419 976 458 nobis
1003 422 1230 472 propo-(fol.
1259 423 1440 472 103³)sita
1468 423 1665 462 mandato-

134 494 204 532 que
230 480 346 531 ipsius
374 481 484 519 nobis
512 481 692 533 imperata
721 483 913 522 habemus.

185 543 340 594 Accepit
384 544 447 582 ille
492 558 625 595 panem
660 547 699 585 in
738 546 863 585 cibum
901 548 1092 599 Apostolis
1130 549 1445 597 distribuendum,
1489 554 1663 603 poculum

132 608 220 646 item
257 608 333 646 illis
361 609 648 660 propinandum.
687 612 925 663 Accipiamus
951 617 987 651 et
1015 626 1084 652 nos
1112 627 1245 665 panem
1270 615 1375 654 iuxta
1403 630 1445 654 ac
1476 619 1665 668 poculum,

133 683 210 709 non
247 674 372 709 autem
410 673 544 722 poculo
583 673 789 712 Ecclesiam
827 675 966 713 Christi
1002 676 1236 725 fraudemus;
1273 683 1310 716 et
1353 679 1578 731 accipiamus
1625 683 1662 720 in

133 736 257 774 cibum
299 749 342 774 ac
381 740 512 788 potum
550 737 740 777 Ecclesiae
777 739 846 776 sub
885 740 1077 791 Apostolis
1113 745 1192 780 tum
1228 743 1482 787 adumbratae.
1516 750 1555 784 ut
1591 746 1662 784 iam

131 801 271 839 dictum
309 804 377 848 est,
414 815 487 840 non
529 806 651 841 autem
678 804 724 841 ad
753 804 1027 842 idololatricam
1055 805 1202 844 illorum
1231 808 1474 847 elevationem
1503 811 1663 849 circum-

129 866 375 914 gestationem
421 870 457 904 et
494 867 802 912 adservationem,
848 869 966 906 multo
1003 869 1128 908 minus
1164 875 1287 909 autem
1322 873 1369 910 ad
1409 873 1662 926 blasphemam

129 931 246 976 illam,
275 931 351 969 sive
378 933 690 983 propitiatoriam,
727 932 803 971 sive
830 933 1110 985 applicatoriam
1140 949 1208 986 pro
1236 937 1396 987 peccatis
1423 938 1592 977 vivorum
1621 953 1664 978 ac

130 999 365 1034 mortuorum
392 996 638 1035 oblationem.

181 1060 269 1109 Egit
294 1060 358 1098 ille
385 1060 464 1098 Deo
500 1061 598 1111 patri
635 1073 701 1099 suo
738 1064 823 1111 post
849 1074 984 1112 panem
1009 1063 1258 1114 poculumque
1285 1070 1477 1116 acceptum
1505 1067 1658 1116 gratias.

132 1126 297 1174 Agamus
333 1130 370 1162 et
402 1138 472 1162 nos
505 1124 623 1163 eidem
659 1124 731 1175 ipsi
777 1124 853 1163 Deo
887 1126 985 1176 patri
1018 1139 1083 1178 per
1119 1140 1202 1165 eum
1238 1128 1361 1179 ipsum
1399 1130 1514 1168 filium
1555 1145 1661 1169 suum

129 1189 268 1239 gratias
304 1202 371 1240 pro
408 1189 588 1236 innovato
634 1189 709 1226 iam
750 1188 789 1227 in
826 1193 946 1227 morte
983 1203 1048 1228 sua
1082 1194 1305 1230 testamento
1342 1197 1546 1245 exortaque
1582 1195 1663 1233 luce

131 1254 259 1292 salutis
289 1257 438 1292 nostrae
465 1253 504 1291 in
535 1253 697 1299 Christo,
724 1267 836 1304 quam
863 1258 969 1292 vetus
998 1255 1167 1293 Ecclesia
1194 1257 1292 1307 typis
1319 1257 1578 1296 adumbratam
1598 1273 1662 1297 ex-

128 1318 318 1369 pectabat;
348 1331 421 1365 non
452 1322 575 1355 autem
603 1331 736 1369 panem
756 1331 799 1355 ac
818 1319 994 1369 poculum
1012 1319 1167 1369 magicis
1189 1321 1401 1372 praestigiis
1416 1322 1663 1362 incantemus.

180 1383 307 1431 Fregit
353 1383 500 1421 demum
538 1383 601 1420 ille
639 1387 833 1434 acceptum
869 1384 908 1421 in
942 1397 1075 1423 manus
1110 1398 1256 1436 panem,
1292 1391 1491 1439 postquam
1524 1388 1663 1438 gratias

128 1447 275 1493 egisset.
317 1447 553 1496 Frangamus
582 1450 618 1485 et
645 1460 714 1484 nos
749 1460 833 1484 cum
859 1448 1047 1499 passionis
1077 1449 1284 1487 dominicae
1311 1451 1557 1502 reputatione,
1584 1465 1663 1491 non

129 1516 249 1550 autem
280 1512 445 1550 Herodis
474 1516 537 1550 aut
565 1513 744 1550 Titanum
778 1513 947 1564 exemplo
976 1513 1169 1552 Christum
1197 1514 1549 1561 circumtondamus,
1578 1530 1662 1555 cum

129 1576 225 1614 hano
253 1576 609 1614 circumtonsionem
637 1576 811 1614 horribili
838 1577 1074 1616 idololatriae
1103 1578 1346 1617 subserviisse
1374 1580 1574 1620 videamus.

179 1640 383 1678 Distribuit
410 1641 472 1677 ille
500 1641 661 1678 fractum
688 1654 823 1691 panem
850 1642 1075 1680 accumbens
1095 1643 1246 1691 ac-(fol.
1271 1645 1661 1692 10:3¹³)cumhentibus.

129 1704 216 1741 Hoc
242 1704 363 1755 ipsum
390 1704 571 1742 faciamus
591 1709 625 1743 et
645 1718 727 1747 nos,
755 1718 830 1743 non
850 1710 973 1744 autem
991 1707 1177 1754 fingamus
1197 1721 1330 1758 panem
1351 1722 1428 1746 non
1447 1723 1539 1754 esse,
1559 1710 1660 1761 quod

130 1768 402 1813 distribuimus,
428 1769 546 1807 multo
575 1770 699 1807 minus
727 1775 851 1808 autem
878 1771 973 1809 ritus
1001 1784 1064 1809 eos
1093 1785 1229 1810 coenae
1258 1773 1465 1811 dominicae
1484 1774 1663 1812 adhibea—

131 1846 224 1871 mus.
251 1833 314 1884 qui
342 1833 522 1871 hactenus
551 1834 792 1872 circumtonsi
817 1835 920 1873 illius
947 1849 989 1873 ae
1008 1835 1096 1886 pisti
1120 1836 1186 1874 Dei
1205 1836 1458 1875 idololatriam
1482 1838 1665 1882 aluerunt,

129 1902 164 1934 et
201 1901 373 1935 naturam
409 1911 451 1935 ac
489 1898 707 1948 dignitatem
745 1899 943 1938 sacerdotii
980 1900 1118 1938 Christi
1154 1901 1375 1950 gravissime
1402 1902 1663 1941 obscurarunt.

132 1962 282 2000 Quodsi
318 1962 498 2000 hactenus
533 1963 686 2001 tolerari
722 1964 902 2014 quaedam
939 1964 1061 2002 adhuc
1099 1965 1277 2015 oportuit,
1310 1966 1357 2003 ad
1395 1979 1436 2004 ea
1469 1966 1543 2004 iam
1580 1970 1665 2005 tan-

130 2027 213 2064 dem
249 2026 350 2063 iusto
388 2027 518 2064 ordine
554 2027 738 2065 abolenda
764 2041 832 2079 pro
860 2032 988 2066 nostra
1016 2029 1115 2066 virili
1143 2029 1293 2079 singuli,
1330 2033 1371 2068 ut
1408 2030 1583 2081 cuiusque
1609 2035 1666 2070 est

130 2091 300 2135 vocatio,
333 2091 605 2135 incumbamus,
641 2096 676 2130 et
711 2096 817 2130 tanto
856 2092 924 2130 Dei
959 2093 1153 2139 beneficio,
1190 2093 1328 2132 donata
1364 2094 1474 2132 nobis
1510 2094 1663 2146 inquam

132 2156 213 2193 luce
240 2155 484 2205 Euangelica‚
511 2169 558 2194 ne
586 2157 798 2195 abutamur.

181 2220 296 2258 Iussit
331 2221 404 2263 ille,
441 2224 482 2258 ut
519 2233 651 2271 panem
687 2218 858 2272 quisque,
885 2221 973 2260 dum
1010 2221 1305 2266 distribueretur,
1341 2223 1534 2273 acciperet.
1580 2223 1665 2262 Hoc

129 2285 251 2335 ipsum
276 2284 471 2322 iubeamus
493 2288 530 2322 et
550 2297 630 2329 nos.
651 2298 728 2323 non
744 2290 866 2323 autem
885 2286 1064 2335 indignos
1083 2299 1163 2324 esse
1180 2290 1353 2337 putemus
1372 2286 1499 2325 fideles
1521 2300 1564 2324 ac
1582 2287 1666 2339 pios

131 2348 314 2391 homines,
350 2349 414 2399 qui
448 2361 580 2398 panem
620 2361 754 2386 coenae
790 2354 852 2387 aut
887 2351 1061 2400 poculum
1099 2350 1272 2388 manibus
1318 2350 1394 2388 suis
1433 2351 1668 2399 contingant,

131 2413 249 2451 multo
286 2413 409 2450 minus
446 2417 567 2450 autem
604 2413 906 2464 superstitionem
943 2414 1045 2452 illam
1083 2415 1236 2461 alamus,
1264 2427 1336 2466 qua
1365 2415 1504 2453 Christi
1533 2428 1667 2467 corpus

132 2481 427 2521 sacrosanctum,
462 2483 526 2515 aut
561 2490 607 2515 ex
641 2491 737 2528 pane
773 2478 986 2521 formatum„
1014 2482 1079 2516 aut
1105 2478 1145 2517 in
1172 2491 1268 2530 pane
1294 2479 1427 2525 latens,
1455 2481 1560 2518 nefas
1588 2494 1667 2519 esse

136 2540 284 2579 videtur
313 2545 544 2579 contrectare
572 2542 854 2592 quoquomodo,

185 2604 301 2642 Iussit
329 2605 430 2649 item,
456 2614 497 2642 ut
525 2619 658 2656 panem
686 2611 877 2656 acceptum
906 2606 1111 2652 ederemus,
1138 2608 1314 2658 poculum
1332 2608 1424 2646 item
1443 2608 1665 2654 biberemus,

133 2669 170 2706 in
202 2669 259 2706 sui
288 2669 596 2708 recordationem.
626 2669 676 2707 Et
703 2669 774 2706 hoc
801 2675 990 2721 utrunque
1009 2683 1077 2708 nos
1097 2671 1278 2709 faciamus
1297 2672 1424 2722 igitur,
1446 2686 1522 2710 non
1545 2677 1664 2710 autem

134 2733 308 2783 poculum
338 2746 357 2770 a
385 2747 481 2784 pane
509 2733 774 2778 dimoveamus,
804 2734 919 2771 multo
946 2734 1070 2773 minus
1091 2739 1214 2773 autem
1233 2748 1278 2774 ex
1299 2740 1427 2787 partae
1444 2737 1518 2774 iam
1536 2748 1668 2786 pecca-

134 2803 260 2843 torum
299 2797 531 2847 remissionis
575 2797 821 2846 obsignaculo
865 2798 1164 2849 propitiatorium
1202 2799 1325 2838 denuo
1371 2800 1593 2838 sacrificium
1627 2800 1668 2839 in

137 2861 269 2899 mortis
296 2864 332 2899 et
360 2862 444 2910 (fol.
476 2864 584 2909 10422)
624 2862 821 2900 sacerdotii
851 2862 990 2900 Christi
1019 2864 1280 2903 contumeliam
1317 2865 1577 2909 instituamus,
1604 2869 1668 2904 aut

137 2925 313 2964 instituto
340 2939 405 2977 per
431 2926 525 2964 alios
553 2926 629 2964 ullo
657 2926 769 2965 modo
798 2926 1056 2968 assentiamur.
