1818 3178
1561 113 1632 154 367

104 231 239 270 velitis.
292 229 352 268 Ne
388 241 475 266 vero
512 227 602 265 haec
637 232 773 266 temere
813 226 1021 278 praecipere
1057 225 1224 264 videatur
1258 222 1443 277 Propheta
1469 225 1634 274 Regibus

105 295 236 335 mundi
271 294 380 332 huius
412 291 706 343 proceribusque
739 291 893 328 illorum
926 290 1113 335 omnibus,
1141 302 1271 327 causas
1299 289 1419 326 obiter
1445 287 1634 325 interserit

105 360 163 398 sui
190 360 228 396 in
256 358 325 395 hac
350 360 454 407 parte
483 355 644 399 consilii,
671 368 763 405 quas
791 354 965 404 equidem
994 354 1024 391 si
1053 354 1173 402 Reges
1201 366 1243 390 ac
1263 351 1488 410 monarchae
1504 364 1634 403 proce-

103 435 236 474 resque
262 421 411 458 illorum
440 431 569 455 omnes
597 419 806 456 accuratius
835 418 944 468 paulo
972 418 1227 462 observarent,
1246 417 1367 454 minus
1388 415 1634 467 proculdubio

104 499 206 526 nunc
241 488 338 522 esset
373 483 520 533 negocii
555 483 595 521 in
622 483 851 520 restituenda
880 496 964 520 vera
995 483 1185 531 religione.
1240 482 1313 519 Eas
1341 482 1456 530 igitur
1483 482 1636 519 attentis

104 550 237 589 animis
265 548 393 586 audire
423 562 466 585 ne
494 548 713 596 gravemini,
743 552 781 585 ut
810 548 960 598 quidem
988 547 1034 584 ab
1060 548 1140 597 ipso
1169 547 1354 596 Propheta
1383 551 1593 584 narrantur.

155 614 321 651 Primum
348 612 463 661 igitur
490 625 566 649 non
595 619 671 649 tam
697 611 749 681 ὶιδ
765 625 831 648 sua
860 614 944 659 (51)
973 611 1102 661 ipsius,
1129 625 1240 662 quam
1268 612 1305 648 in
1336 611 1474 648 Christi
1500 612 1636 661 ipsius-

105 682 178 715 met
205 676 359 714 Domini
376 689 535 726 persona
556 675 693 726 potius,
715 688 843 712 causas
864 674 1012 711 consilii
1034 675 1142 712 huius
1167 675 1223 712 sui
1244 679 1422 718 recenset,
1439 682 1480 712 ut
1497 680 1636 725 quanto

105 742 223 779 maior
250 745 305 778 est
334 740 503 777 Christus
526 739 710 776 Dominus
731 739 811 788 ipso
833 737 976 775 Davidc
995 750 1038 774 ac
1058 737 1211 788 reliquis
1231 738 1427 788 Prophetis
1451 739 1638 783 omnibus,

104 812 210 844 tanto
247 807 331 856 plus
367 804 543 855 ponderis
579 803 678 854 apud
715 816 784 840 nos
823 803 935 840 etiam
973 802 1148 847 habeant,
1183 815 1276 852 quae
1303 803 1350 840 ab
1379 803 1459 853 ipso
1488 803 1637 853 quidem

106 872 302 922 Propheta,
331 870 471 920 Spiritu
500 873 629 906 sancto
647 873 775 905 autore
794 867 1054 918 proculdubio,
1070 880 1146 904 non
1166 872 1312 904 tantum
1333 868 1401 905 sub
1418 868 1637 919 Prophetae,

107 935 168 972 sed
198 935 268 972 sub
294 934 488 984 ipsiusmet
515 932 657 970 Christi
680 931 834 968 Domini
859 944 1031 981 persona,
1059 931 1104 968 de
1132 945 1170 968 se
1197 931 1276 982 ipso
1305 932 1552 976 testificantis,
1580 932 1637 969 di-

109 1004 256 1036 cuntur.
292 997 437 1034 Deinde
465 996 553 1033 dum
583 995 753 1033 Christus
781 996 935 1046 ipsemet
963 995 1149 1032 Dominus
1177 995 1221 1032 de
1248 1009 1363 1044 regno
1390 1009 1455 1033 suo
1476 997 1637 1043 coelesti,

107 1062 182 1099 sibi
207 1062 310 1099 iuxta
339 1060 461 1098 carnis
489 1065 639 1097 nostrae
668 1059 938 1096 humanitatem
962 1060 1062 1105 dato,
1088 1060 1319 1105 testificatur,
1349 1073 1423 1097 non
1452 1060 1531 1097 sine
1559 1074 1636 1097 em-

104 1127 254 1177 phatica
281 1126 510 1177 praefatione
535 1125 574 1162 id
601 1124 704 1169 facit,
732 1125 795 1162 sed
821 1137 889 1174 pro
920 1125 1064 1161 decreto
1081 1123 1294 1161 inviolabili
1314 1137 1356 1161 ac
1375 1125 1456 1173 lege
1478 1126 1637 1175 quadam

106 1190 268 1240 publica,
295 1193 374 1226 toto
401 1193 584 1226 terrarum
613 1188 703 1225 orbe
731 1188 977 1231 observanda,
1008 1188 1136 1225 haberi
1166 1189 1254 1235 vult,
1282 1189 1458 1227 nimirum
1474 1191 1520 1227 ab
1535 1190 1636 1240 ipso—

107 1260 181 1292 met
209 1254 297 1304 Opt.
329 1253 430 1291 Max.
460 1253 538 1290 Deo
567 1253 723 1304 prolata,
751 1265 845 1303 quae
874 1252 919 1289 de
946 1265 1063 1301 regno
1093 1253 1153 1290 hic
1180 1253 1218 1290 in
1247 1253 1354 1290 terris
1383 1267 1449 1291 suo
1471 1254 1638 1291 dicturus

106 1324 214 1357 essct.
267 1317 383 1355 Initio
421 1318 537 1367 igitur
570 1317 692 1355 reddit
721 1329 866 1354 causam
898 1316 1095 1367 Propheta,
1124 1330 1188 1354 cur
1216 1317 1336 1365 Reges
1364 1321 1484 1355 terrae
1511 1330 1638 1355 omnes

105 1395 348 1433 proceresque
375 1381 526 1418 illorum
554 1381 723 1418 timorem
752 1381 856 1418 illum
887 1394 967 1418 cum
993 1381 1095 1418 omni
1113 1381 1343 1431 obsequendi
1361 1382 1484 1419 studio
1505 1381 1638 1418 animi-

107 1460 178 1498 que
213 1446 443 1484 exultatione
480 1458 523 1483 ac
549 1445 800 1495 gratulatione
825 1445 987 1496 publica,
1017 1458 1101 1482 cum
1128 1448 1250 1482 omnis
1277 1445 1367 1483 item
1395 1446 1638 1483 subiectionis

104 1510 369 1548 testificatione
398 1510 652 1552 coniunctum,
679 1511 764 1558 (52)
794 1509 953 1547 debeant
982 1510 1131 1547 Christo
1162 1509 1338 1554 Domino,
1366 1511 1452 1547 dum
1481 1523 1638 1559 regnum

104 1575 222 1626 ipsius
249 1575 373 1625 aliquo
401 1574 513 1611 modo
541 1574 783 1611 inclarescere
802 1575 941 1619 vident,
960 1587 1090 1624 nempe
1111 1575 1210 1625 quod
1231 1575 1309 1625 ipse
1328 1589 1364 1612 se
1383 1575 1535 1624 Regem,
1554 1576 1637 1612 loco

106 1640 186 1690 ipso
213 1640 254 1676 in
282 1640 387 1676 terris
415 1639 582 1676 omnium
601 1639 851 1680 nobilissimo,
871 1652 958 1689 prae
976 1639 1059 1695 aliis
1075 1639 1263 1683 omnibus.
1283 1639 1455 1677 videlicet
1470 1640 1517 1677 ab
1536 1640 1638 1690 ipso-

108 1710 182 1742 met
216 1703 294 1741 Deo
331 1703 420 1754 Opt.
462 1703 564 1741 Max.
602 1704 732 1747 electo,
773 1704 1016 1741 constitutum
1046 1704 1125 1742 esse
1151 1705 1381 1755 profiteatur.
1438 1705 1640 1750 Nimirum,

108 1775 249 1820 quanto
286 1768 526 1806 honoratiore
561 1769 644 1805 loco
681 1782 769 1819 prae
796 1769 879 1806 aliis
908 1769 1075 1818 Regibus
1104 1770 1293 1815 omnibus,
1320 1775 1355 1807 et
1383 1770 1532 1821 quidem
1561 1784 1639 1808 non

111 1835 270 1871 humana
308 1834 383 1870 ulla
420 1833 456 1870 vi
491 1838 604 1883 atque
640 1833 852 1874 autoritate,
888 1833 952 1875 sed
980 1839 1130 1872 aeterno
1159 1834 1228 1871 Dei
1255 1834 1373 1885 ips'us
1403 1835 1573 1880 consilio,
1599 1836 1640 1874 in

110 1913 232 1948 regem
268 1899 493 1936 constitutus
530 1902 638 1942 esset,
665 1919 715 1927 —-
744 1903 848 1935 tanto
877 1899 1055 1936 maiorem
1082 1900 1138 1936 illi
1165 1900 1277 1937 etiam
1305 1900 1486 1937 honorem
1514 1901 1640 1939 deberi

108 1967 355 2013 agnoscerent
389 1963 523 2013 reliqui
559 1976 689 2000 omnes
725 1964 857 2000 mundi
894 1963 1002 2001 huius
1040 1964 1160 2013 Reges
1195 1977 1439 2016 proceresque
1465 1965 1637 2013 illorum3

109 2028 321 2080 praesertim
353 2040 450 2073 vero,
478 2027 509 2065 si
537 2027 683 2065 divinae
712 2027 780 2065 hac
806 2028 846 2065 in
873 2034 977 2079 parte
1006 2028 1208 2066 voluntatis
1236 2029 1377 2080 alioqui
1397 2030 1637 2068 constitutio-

108 2107 194 2132 nem
221 2093 418 2130 observare
444 2105 487 2130 ac
515 2092 618 2143 sequi
645 2092 772 2130 velint.
801 2092 861 2136 Et,
889 2106 934 2130 ne
962 2093 1044 2143 quis
1065 2093 1125 2130 hic
1143 2093 1291 2131 divinae
1310 2094 1511 2132 voluntatis
1527 2095 1637 2143 igno-

109 2158 268 2195 rantiam
297 2157 498 2194 obtendere
524 2158 654 2207 possit,
679 2157 868 2194 Christum
895 2158 1094 2208 ipsummet
1126 2158 1326 2196 Dominum
1345 2159 1491 2196 divinae
1513 2160 1581 2197 bac
1597 2161 1637 2199 in

110 2228 213 2274 parte
251 2223 453 2260 voluntatis
485 2234 703 2273 praeconem
741 2223 843 2266 facit,
881 2229 920 2260 ut
956 2223 1000 2260 de
1037 2236 1104 2260 suo
1131 2223 1284 2273 ipsemet
1320 2224 1494 2277 interris
1521 2238 1636 2274 regno

110 2290 269 2323 mentem
305 2298 347 2322 ac
385 2285 572 2322 decretum
600 2283 670 2321 Dei
698 2285 875 2335 proferat,
903 2285 1005 2335 quod
1033 2286 1078 2322 ab
1107 2285 1282 2323 omnibus
1310 2286 1348 2324 in
1376 2287 1485 2324 terris
1515 2287 1632 2325 homi-

110 2351 234 2394 nibus,
269 2350 332 2401 qui
361 2350 489 2401 -perirc
528 2350 662 2391 nolint.
706 2351 939 2400 potissimum
977 2364 1062 2388 vero
1098 2365 1116 2387 a
1156 2350 1322 2400 Regibus
1358 2352 1489 2389 mundi
1526 2352 1635 2390 huius

107 2415 397 2467 proceribusque
424 2416 507 2462 (53)
544 2414 692 2451 illorum
729 2414 916 2458 omnibus,
951 2427 1017 2464 pro
1056 2420 1292 2452 sacrosancta
1327 2429 1553 2467 prorsusque
1578 2417 1637 2455 in-

110 2480 279 2518 violabili
317 2481 395 2528 lege
424 2479 552 2516 haberi
581 2479 734 2516 omnino
763 2485 943 2529 oporteat.
1000 2479 1081 2517 Etsi
1108 2480 1223 2529 igitur
1251 2480 1422 2518 Christus
1453 2482 1635 2520 Dominus

109 2545 207 2596 apud
242 2545 467 2595 Prophetam
505 2544 673 2594 loquens,
710 2544 834 2581 sedem
869 2544 975 2592 regni
1012 2544 1069 2581 sui
1105 2543 1144 2581 iu
1179 2549 1305 2582 monte
1343 2552 1471 2583 sancto
1511 2547 1636 2593 Zione,

109 2611 192 2648 loco
238 2609 409 2646 videlicet
444 2622 531 2659 prae
567 2608 649 2645 aliis
687 2609 860 2646 omuibus
897 2608 1014 2646 cultui
1049 2608 1175 2646 divino
1211 2609 1447 2659 peculiariter
1483 2610 1635 2654 delecto,

111 2675 331 2729 collocatam
367 2687 446 2712 esse
482 2675 712 2724 profiteatur,
747 2686 828 2710 eam
854 2681 977 2711 tamen
1007 2687 1085 2711 esse
1111 2674 1162 2711 ait
1193 2673 1260 2711 Dei
1286 2674 1403 2725 patris
1431 2675 1487 2712 sui
1517 2675 1635 2712 coele-

109 2740 175 2777 stis
212 2741 453 2784 voluntatem,
493 2739 562 2775 hoc
599 2738 808 2783 consilium,
838 2739 908 2775 hoc
936 2739 1137 2783 decretum,
1165 2745 1204 2776 ut
1231 2739 1321 2789 ipse,
1349 2739 1388 2777 in
1417 2744 1542 2776 monte
1568 2739 1633 2776 illo

110 2803 287 2849 residens,
313 2791 371 2841 'sit
406 2803 486 2841 Rex
523 2802 771 2841 nibilominus<
804 2803 949 2852 Regum
985 2816 1257 2854 regnorumque
1293 2816 1334 2840 ac
1361 2803 1528 2852 gentium
1556 2804 1636 2841 sine

109 2869 326 2919 exceptione
360 2868 526 2906 omnium
563 2874 597 2905 et
634 2869 780 2920 quidem
820 2874 991 2906 aeternus
1021 2873 1098 2907 toto
1128 2869 1217 2907 orbe
1245 2875 1440 2906 terrarum.
1500 2868 1634 2908 Merito
