1818 3178
233 115 304 154 418
723 127 939 158 Responsm
966 131 1054 160 Anv.
1087 131 1251 164 nosnnvt.

231 228 371 279 alioqui
398 228 521 279 lapide
546 230 612 266 illo
641 232 813 279 angulari
841 232 991 271 Christo
1022 233 1184 272 Domino
1213 236 1423 283 obfirmata,
1453 238 1511 276 cui
1523 240 1752 290 primarium,

232 293 302 330 hoc
338 298 404 339 est,
442 293 679 332 fundamenti
717 296 842 334 locum
870 297 908 335 in
939 298 1132 336 Catholica
1160 300 1275 350 ipsius
1306 302 1473 340 Ecclesia
1501 302 1660 341 libenter
1686 306 1755 343 tri-

230 357 392 403 buimus,
436 371 545 409 quam
588 359 772 398 coniurati
809 374 938 400 sensus
975 376 1017 400 ac
1047 376 1264 412 consensus,
1291 379 1398 417 quem
1426 370 1620 419 tantopere
1647 375 1754 418 urget

230 420 384 468 Hosius,
431 423 569 460 centies
614 424 716 462 mille
754 438 902 476 suarum
939 426 1206 468 Ecclesiarum.
1261 429 1451 468 Malumus
1487 432 1752 483 Propheticum

228 485 273 523 de
308 487 502 537 Apostolis
539 487 798 527 testimonium
836 491 953 541 sequi.
992 494 1076 539 (67)
1113 493 1177 543 qui
1211 507 1279 544 pro
1315 495 1492 533 Patribus
1518 496 1617 534 filios
1643 497 1754 535 nobis

227 553 336 588 natos
364 551 588 601 (Apostolos
615 552 786 603 inquam)
814 559 926 605 atque
952 568 1018 605 per
1046 557 1258 595 universum
1287 559 1416 597 orbem
1443 564 1626 598 terrarum
1654 562 1754 600 salu·

224 615 315 652 taris
352 614 555 653 Doctrinae
590 617 776 668 principes
814 619 1039 658 constitutos
1075 634 1155 659 esse
1193 622 1340 668 docent,
1378 627 1417 662 ut
1455 626 1576 663 omnis
1613 626 1753 678 alioqui

227 692 357 717 sensus
406 693 450 718 ac
486 693 690 720 consensus
727 683 916 722 Ecclesiae
951 685 998 722 ab
1035 687 1234 725 autoritate
1272 688 1464 727 doctrinae
1500 692 1752 741 Apostolicae,

190 741 195 745 ’
224 756 335 794 quarn
365 744 522 795 Scriptis
550 746 627 783 suis
654 746 890 797 potissimum
918 748 964 786 ad
994 762 1063 787 nos
1090 752 1390 798 transmiserunt,
1417 766 1494 791 non
1521 758 1645 792 autem
1662 756 1752 794 doc-

224 807 323 845 trina
358 809 578 863 Apostolica
614 823 634 848 a
672 824 783 849 sensu
819 825 862 849 ac
892 825 1075 851 consensu
1101 815 1216 853 ullius
1243 816 1368 860 etiam,
1395 817 1530 855 nedum
1559 818 1752 858 Hosianae

224 873 350 910 nescio
389 874 492 912 cuius
529 875 732 920 Ecclesiae,
762 877 968 928 dependeat
996 880 1166 918 omnino.
1222 880 1412 920 Malumus
1439 883 1528 920 item
1557 884 1751 935 Apostoli-

224 948 306 974 cum
345 936 390 975 de
415 939 608 990 prophetis
639 940 802 978 vicissim
830 942 959 980 audire
988 943 1259 991 testimonium,
1286 958 1360 996 quo
1390 947 1499 985 uobis
1527 948 1750 998 Prophetica

223 1002 374 1039 oracula
409 1002 462 1040 ita
499 1005 823 1049 commendantur,
859 1011 899 1044 ut
927 1019 969 1044 ea
998 1020 1072 1045 non
1103 1008 1273 1059 equidem
1303 1009 1466 1048 humana
1492 1012 1570 1049 ulla
1597 1025 1748 1063 persua-

222 1064 326 1101 sione
361 1064 546 1103 industria
583 1079 626 1104 ac
655 1068 860 1111 voluntate,
889 1070 952 1107 sed
981 1070 1140 1121 ipsomet
1168 1072 1311 1123 Spiritu
1340 1074 1477 1112 Sancto
1506 1080 1657 1114 auctore
1684 1078 1748 1115 ad-

221 1128 308 1166 flata
347 1130 533 1181 nobisque
566 1131 618 1169 ita
657 1132 803 1171 demum
842 1134 978 1172 tradita
1014 1149 1093 1173 esse
1121 1142 1279 1182 constet,
1315 1143 1356 1176 ut
1382 1139 1636 1189 intelligamus
1663 1143 1747 1180 illo-

214 1205 294 1230 rum
337 1193 544 1240 veritatem,
580 1208 656 1233 non
686 1209 775 1234 sane
803 1198 849 1234 ab
881 1198 1097 1237 hominibus
1125 1201 1250 1239 ullove
1279 1215 1389 1241 sensu
1417 1217 1460 1241 ac
1488 1215 1673 1244 consensu
1690 1207 1746 1258 ip-

213 1269 353 1303 sorum,
391 1257 454 1295 sed
492 1259 537 1295 ab
575 1259 657 1310 ipso
696 1273 824 1299 eorum
862 1270 1003 1309 autore,
1041 1265 1163 1302 omnis
1201 1266 1342 1317 alioqui
1377 1268 1545 1306 veritatis
1574 1269 1747 1317 Doctore,

212 1321 410 1371 petendam
447 1328 482 1360 et
519 1325 788 1373 expectandam
826 1339 917 1372 esse,
955 1327 1035 1365 sine
1074 1329 1180 1366 cuius
1217 1330 1359 1381 alioqui
1387 1331 1486 1370 dono
1526 1347 1634 1372 nemo
1663 1348 1747 1373 vere

213 1389 336 1435 potest
376 1386 499 1424 dicere
529 1387 764 1427 nDominum
794 1393 878 1439 (68)
907 1391 1071 1440 Iesum'',
1100 1394 1247 1432 etiamsi
1275 1408 1420 1434 sensum
1451 1411 1493 1435 ac
1522 1412 1744 1438 consensum

214 1451 381 1488 omnium
421 1451 695 1490 Hosianarum'
717 1454 967 1493 Ecclesiarum
996 1459 1230 1507 praetendat.
1285 1463 1342 1497 Ac
1368 1474 1515 1500 rursum
1545 1477 1654 1502 nemo
1682 1479 1745 1516 per

214 1515 396 1566 Spiritum
425 1516 557 1554 doctus
585 1523 708 1568 potest
736 1519 859 1558 dicere
889 1523 1135 1560 nAnathema
1163 1524 1327 1572 Iesum”‚
1356 1527 1502 1565 etiamsi
1530 1528 1585 1566 illi
1614 1543 1743 1569 sensus

214 1592 257 1616 ac
293 1592 497 1618 consensus
536 1582 704 1620 omnium
744 1584 855 1621 Hosii
891 1585 1144 1624 Ecclesiarum
1182 1588 1305 1627 modis
1341 1591 1517 1629 omnibus
1554 1594 1741 1634 reclamet.

214 1644 407 1682 Praeterea
442 1646 589 1684 credere
626 1648 810 1686 malumus
849 1650 964 1687 Paulo
1003 1653 1202 1702 Apost010‚
1238 1667 1350 1704 quam
1376 1658 1581 1706 Apostatae
1609 1657 1743 1703 Hosio,

214 1722 290 1746 non
325 1714 399 1747 tam
439 1711 610 1761 equidem
650 1718 760 1763 caput
788 1727 808 1751 a
838 1727 1006 1765 corpore,
1034 1729 1143 1766 quam
1172 1719 1297 1768 potius
1325 1733 1345 1756 a
1373 1720 1493 1771 capite
1520 1734 1654 1774 corpus
1681 1728 1741 1762 to-

214 1778 294 1811 tum
320 1776 494 1825 pendere,
531 1789 612 1814 cum
643 1778 785 1828 alioqui
813 1792 890 1817 non
920 1792 1053 1832 corpus
1083 1782 1209 1833 capiti.
1237 1783 1298 1821 sed
1329 1790 1437 1836 caput
1466 1788 1612 1838 corpori
1638 1789 1742 1828 iuxta

215 1852 425 1877 mensuram
463 1841 572 1879 unius
609 1842 787 1894 cuiusque
828 1845 946 1895 partis
986 1859 1046 1883 seu
1084 1848 1242 1885 membri
1269 1848 1540 1890 incrementum
1566 1855 1741 1903 praebeat

213 1904 260 1942 ad
286 1904 364 1942 eius
392 1904 701 1951 aedificationem,
730 1920 815 1945 cum
841 1908 881 1946 in
910 1909 998 1954 vita,
1026 1914 1103 1948 tum
1135 1925 1219 1949 vero
1247 1914 1366 1950 multo
1394 1917 1554 1954 maxime
1580 1916 1619 1955 in
1642 1919 1741 1956 salu-

212 1969 284 2007 tari
320 1969 489 2007 doctrina
526 1970 655 2021 ipsiuS.
710 1972 905 2011 Postremo
939 1986 1021 2012 cum
1062 1975 1231 2014 Christus
1267 1977 1422 2028 ipsemet
1462 1979 1646 2020 Dominus
1673 1996 1739 2034 pro

213 2034 259 2072 iis
288 2033 471 2072 duntaxat
497 2040 675 2086 precetur,
713 2036 789 2087 qui,
818 2050 894 2075 non
923 2051 1012 2077 sane
1038 2052 1102 2090 per
1131 2053 1280 2079 sensum
1308 2055 1351 2080 ac
1379 2056 1599 2084 consensum
1627 2047 1740 2085 ullius

213 2098 382 2145 omnino,
416 2112 463 2136 ne
492 2099 613 2137 dicam
641 2099 847 2145 Hosianae,
885 2101 1087 2149 Ecclesiae,
1113 2105 1177 2142 sed
1204 2118 1270 2156 per
1298 2106 1508 2146 doctrinam
1534 2112 1740 2161 Apostolo-

212 2176 295 2200 rum
330 2163 369 2200 in
405 2163 527 2214 ipsum
563 2165 767 2215 aliquando
804 2166 983 2205 credituri
1021 2173 1156 2213 essent,
1193 2169 1329 2208 mirum
1365 2171 1485 2210 videri
1513 2173 1635 2212 Hosio
1663 2189 1740 2214 non

213 2227 336 2274 debet,
372 2229 403 2266 si
438 2241 507 2267 nos
542 2229 661 2280 ipsam
698 2232 964 2281 Apostolorum
1005 2233 1226 2279 doctrinam,
1260 2239 1302 2272 ut
1338 2235 1384 2273 ad
1412 2250 1481 2274 nos
1511 2238 1648 2277 Christi
1675 2240 1738 2278 illa

212 2291 476 2341 Domi-(69)ni
520 2295 684 2344 precatio
721 2295 917 2346 pertineat,
954 2298 1056 2334 omni
1094 2299 1221 2336 sensui
1256 2313 1300 2337 ac
1337 2302 1536 2340 consensui
1572 2304 1736 2343 omnium

211 2356 322 2394 etiam
363 2356 471 2394 Hosii
512 2358 764 2396 Ecclesiarum
802 2360 923 2398 modis
958 2361 1133 2399 omnibus
1162 2365 1461 2414 anteponendam
1489 2379 1568 2404 esse
1596 2371 1736 2405 statua-

212 2434 307 2465 mus,
343 2425 385 2459 ut
418 2422 568 2460 interim
605 2427 758 2470 taceam,
795 2424 894 2475 quod
932 2425 1021 2462 olim
1051 2426 1213 2464 iudicem
1243 2428 1365 2467 omnis
1394 2434 1543 2468 nostrae
1570 2431 1667 2469 vitae
1693 2445 1737 2469 ac

211 2486 298 2524 fidei
336 2487 499 2524 habituri
527 2500 668 2530 sumus,
696 2501 772 2526 non
802 2489 972 2539 equidem
1002 2503 1150 2528 sensum
1183 2505 1226 2529 ac
1254 2505 1477 2531 consensum
1505 2493 1734 2534 Hosianicae

210 2551 412 2595 Ecclesiae,
440 2552 502 2589 sed
531 2552 651 2603 ipsum
683 2566 889 2591 sermonem
917 2567 960 2591 ac
988 2555 1199 2593 doctrinam
1228 2556 1381 2602 Christi,
1407 2571 1517 2608 quam
1546 2559 1656 2598 nobis
1672 2574 1737 2612 per

213 2617 415 2669 Apostolos
444 2630 481 2655 se
508 2618 664 2668 ipsemet
691 2619 892 2657 tradidisse
920 2624 1092 2659 testatur.
1137 2621 1192 2659 Ut
1220 2622 1334 2671 igitur
1362 2623 1407 2660 ad
1436 2623 1590 2673 primam
1622 2625 1734 2665 Hosii

210 2681 537 2721 ratiocinationem
574 2684 876 2734 respondeamus,
911 2685 1084 2731 fatemur,
1138 2699 1288 2724 sensum
1326 2699 1369 2724 ac
1410 2700 1632 2726 consensum
1662 2691 1732 2728 Ca-

208 2747 370 2786 tholicae
417 2745 558 2784 Christi
604 2747 794 2786 Ecclesiae
837 2749 949 2786 nobis
995 2749 1224 2800 sequendum
1268 2750 1388 2788 modis
1432 2752 1606 2791 omnibus
1643 2768 1734 2802 esse,

209 2807 513 2863 quandoquidem
548 2810 612 2848 illa
659 2815 835 2862 perpetuo
874 2817 909 2850 et
946 2813 1138 2851 Christum
1176 2814 1378 2852 Dominum
1415 2828 1483 2866 pro
1520 2829 1586 2854 suo
1623 2819 1732 2857 unico

209 2889 354 2919 summo
383 2878 494 2925 atque
521 2878 672 2914 aeterno
703 2877 822 2927 capite
848 2881 885 2915 et
913 2891 951 2915 se
978 2891 1046 2928 pro
1083 2878 1247 2929 Mystico
1285 2879 1399 2930 ipsius
1437 2893 1601 2933 corpore,
1638 2884 1730 2922 Pro-
