1818 3178
709 173 950 204 PRAEFATIO.
1495 172 1601 202 XXXI

74 284 268 334 alterum,
299 280 480 324 alterum
515 279 708 331 latinum,
742 281 883 323 variae
913 280 1028 322 hunc
1058 280 1100 321 in
1122 277 1302 335 singulis
1325 277 1516 334 originis.
1553 278 1605 320 In

73 354 217 398 libello
248 356 295 396 de
317 353 414 410 suff.
446 353 550 405 Pap.
584 353 746 394 illicitis
776 353 901 393 sacris
931 351 1018 406 ipse
1049 350 1166 393 latini
1197 350 1438 406 interpretis
1468 350 1605 392 officio

75 442 152 484 pro
183 426 292 469 virili
337 430 457 481 parte
489 424 659 466 functus
691 439 806 466 sum:
840 422 1054 465 libellulus
1085 429 1232 465 contra
1264 425 1312 465 cle
1343 424 1609 465 communione

79 498 228 542 Christi
260 496 460 552 bilinguis
489 495 619 552 ipsius
649 495 775 538 Lasci
809 509 912 536 cura
942 495 1054 537 exiit.
1092 493 1298 551 Confessio
1328 495 1607 545 Londz'nensis,

77 585 109 613 S.
161 569 434 622 Compendium
468 568 686 609 Doctrinae
718 568 827 608 Eoel.
861 567 956 608 Per.
988 566 1113 608 Lond.
1145 567 1221 621 ipsi
1251 565 1388 608 Lasco
1420 565 1607 617 debetur,

77 641 149 697 qui
180 640 306 682 latine
338 639 617 694 conscriptam
648 653 740 680 eam
773 648 830 680 a0.
865 637 969 679 155]
1009 637 1052 678 in
1085 636 1222 679 lucem
1256 637 1454 680 ediderat.
1499 639 1612 680 Cate-

77 715 263 756 ehismum
293 711 478 754 eiusdem
511 710 725 753 Ecclesiae
756 710 798 752 in
831 709 1010 751 latinum
1032 723 1268 751 sermonem
1291 710 1377 765 ipse
1400 709 1610 762 transtuli,

78 793 120 828 et
155 786 199 828 in
252 785 490 827 catechismo
537 785 717 826 Emdano
759 782 976 836 antiquam
1026 790 1193 823 secutus
1224 782 1472 834 versionem,
1505 796 1611 836 quae

78 857 297 900 Emdanae
336 855 474 899 scolae
519 854 691 898 Rectori
738 852 972 896 GEROBULO
1014 851 1202 899 debetur,
1246 853 1411 894 nonnisi
1441 853 1484 895 in
1514 868 1610 910 per-

79 930 224 987 paucis
274 928 517 984 quibusdam
562 927 661 969 locis
708 941 814 980 quae
859 925 1110 982 corrigenda
1153 925 1435 968 omittendave
1477 932 1613 968 essent

81 1004 167 1045 sive
201 1001 388 1044 addenda
419 1003 461 1042 in
491 999 729 1057 parenthesi
759 998 953 1050 indicavi,
987 1004 1036 1040 ut
1065 997 1293 1040 verborum
1325 1013 1470 1040 sensus
1492 1013 1612 1041 accu-

81 1076 212 1118 ratius
252 1073 511 1117 redderetur.
571 1072 718 1114 Brevis
744 1072 849 1128 fidei
889 1073 1034 1124 θηρίον.
1083 1069 1254 1112 latinam
1303 1072 1537 1112 versionem
1587 1085 1613 1112 a

83 1147 213 1190 latere
243 1145 319 1188 sibi
349 1143 582 1201 appositam
613 1159 698 1185 non
730 1142 867 1193 habet,
901 1142 1097 1198 quoniam
1131 1141 1362 1199 originalis,
1396 1141 1509 1184 unde
1530 1141 1616 1184 bel-

84 1219 178 1276 gica
216 1217 350 1259 versio
391 1216 610 1271 desumpta
653 1221 727 1264 est,
770 1214 896 1256 huius
933 1213 1128 1270 opusculi
1169 1214 1356 1256 recensio
1389 1215 1498 1271 typis
1527 1214 1611 1256 iam

83 1304 277 1347 expressa
319 1288 530 1345 reperitur
574 1287 617 1329 in
650 1286 793 1329 libello
824 1286 890 1329 cui
932 1288 1075 1329 Forma
1107 1302 1153 1328 ac
1182 1287 1290 1329 ratio
1321 1286 1480 1329 titulus.
1544 1287 1616 1328 Bis

82 1363 192 1406 idem
222 1368 413 1418 repetere
443 1359 603 1402 nullius
635 1359 780 1401 fuisset
812 1359 987 1401 fructus.
1019 1359 1086 1402 Ne
1119 1360 1210 1414 quis
1242 1366 1382 1402 autem
1414 1360 1454 1401 in
1493 1359 1612 1414 quin-

85 1451 166 1491 que
218 1433 388 1489 reliquis
436 1432 590 1474 libellis
639 1431 921 1488 prolixitatem
980 1431 1100 1473 nobis
1154 1431 1323 1473 obiiciat
1363 1438 1404 1473 et
1438 1431 1613 1474 nimiam

85 1507 335 1556 ubertatem,
393 1504 525 1547 solam
583 1504 758 1546 latinam
808 1504 1044 1546 versionem
1097 1503 1291 1546 omnibus
1339 1509 1432 1545 tum
1483 1519 1616 1560 popu-

86 1578 259 1630 laribus,
303 1583 392 1619 tum
443 1577 654 1619 extraneis
695 1575 885 1618 sufficere
917 1575 1171 1632 perhibens!
1233 1575 1284 1618 In
1317 1575 1432 1618 hisce
1462 1575 1616 1618 libellis

84 1650 293 1708 belgicam
334 1649 571 1690 versionem
602 1647 839 1704 compendii
871 1663 995 1691 causa
1026 1663 1221 1705 premere
1252 1654 1293 1690 et
1324 1649 1491 1690 nonnisi
1522 1648 1616 1690 lati-

86 1739 184 1766 nam
228 1722 579 1777 reproduotionem,
624 1735 751 1776 quam
790 1727 954 1770 vocant,
993 1720 1280 1762 voluminibus
1325 1721 1480 1763 nostris
1510 1721 1616 1763 inse-

88 1809 195 1846 rere,
242 1793 389 1835 lectori
420 1793 588 1849 ingrata
619 1799 659 1834 et
691 1806 788 1833 vere
819 1791 986 1834 sordida
1026 1790 1171 1833 fuisset
1201 1791 1476 1848 parcimonia,
1511 1807 1617 1847 quae

90 1865 262 1908 fortasse
306 1865 349 1906 in
397 1863 538 1906 libello
583 1865 631 1906 de
668 1865 771 1919 fuy.
819 1864 926 1917 Pap.
970 1864 1071 1905 illie.
1118 1864 1247 1905 saeris
1291 1870 1332 1905 et
1373 1865 1420 1906 cle
1451 1880 1615 1907 commu-

89 1938 205 1980 m'one
253 1936 403 1978 Christi
448 1935 548 1977 ferri
596 1933 905 1990 quodammodo
946 1934 1157 1990 potuisset,
1203 1934 1245 1976 in
1279 1933 1411 1977 tribus
1444 1935 1617 1990 reliquis

91 2023 191 2050 vero
230 2006 336 2048 nulli
377 2021 479 2048 sano
510 2005 630 2047 facile
661 2011 768 2047 esset
798 2005 988 2062 probata.
1048 2003 1161 2048 Sunt
1190 2020 1373 2060 namque
1404 2005 1507 2048 haec
1536 2007 1616 2048 tria

92 2077 298 2136 opuscula
328 2076 546 2134 symbolici
576 2077 832 2133 argumenti,
855 2075 1069 2118 Ecclesiae
1092 2076 1314 2118 autoritate
1334 2076 1614 2133 promulgati,

93 2150 237 2199 libelli,
279 2150 349 2204 qui
386 2149 429 2190 in
469 2148 703 2206 Belgarum
739 2163 863 2190 usum
895 2147 1088 2191 destinati
1118 2149 1391 2205 popularium
1423 2164 1617 2192 sermone

94 2222 209 2278 loqui
256 2222 484 2264 etiamnum
533 2220 696 2264 debent.
758 2220 830 2263 Ad
873 2220 1004 2263 instar
1048 2227 1422 2263 monumentorum
1456 2221 1617 2278 priscae

93 2294 307 2338 Ecclesiae
346 2301 512 2336 nostrae
547 2299 659 2345 sunt,
692 2308 797 2348 quae
829 2293 1076 2336 intaminata
1106 2293 1181 2335 sibi
1213 2293 1363 2336 referri
1397 2294 1463 2350 pia
1494 2300 1619 2350 rogat

96 2367 326 2426 posteritas,
371 2373 419 2408 ut
463 2380 719 2422 proavorum
766 2366 1014 2408 memoriam
1063 2372 1205 2409 sancte
1253 2365 1363 2409 colat
1403 2373 1444 2408 et
1483 2373 1619 2410 servet

94 2439 421 2485 immaculatam.

155 2652 324 2695 Haecce
368 2652 410 2695 in
455 2665 611 2708 genere
640 2650 691 2692 de
730 2650 809 2700 via,
849 2665 971 2706 quam
1005 2650 1106 2693 inita
1136 2648 1426 2705 subductaque
1457 2651 1620 2693 ratione

98 2725 222 2768 editio
252 2731 394 2768 nostra
426 2730 622 2766 secutura
651 2724 716 2774 sit,
750 2721 941 2778 praefati,
967 2722 1140 2778 propius
1171 2722 1253 2764 iam
1273 2721 1323 2764 ad
1345 2722 1473 2778 ipsius
1493 2721 1620 2765 Lasci

98 2797 229 2841 nostri
273 2796 478 2854 opuscula
519 2794 779 2839 accedamus.
839 2794 1038 2838 Profecto
1090 2794 1222 2837 ardua
1272 2809 1339 2837 res
1384 2801 1486 2846 erat,
1520 2810 1621 2852 prae

100 2869 248 2912 ceteris
277 2883 454 2925 operosa
493 2874 534 2910 et
563 2867 614 2909 de
645 2881 728 2922 qua
758 2866 908 2908 merito
939 2881 1036 2909 cum
1069 2865 1356 2921 Aristophane
1387 2880 1621 2922 conqueras

104 2944 220 2984 τουτί
256 2945 301 2982 τὸ
340 2947 504 2992 πρᾶγμα
536 2942 700 2990 <popa-iou
734 2941 866 2980 δεῖται
895 2945 1050 2992 πρερῶν,
1080 2937 1247 2980 disiecta
1284 2952 1620 2994 quaquaversum
