1818 3178
477 123 529 149 nn
558 123 838 150 SACRAMENTIS
868 123 1085 151 Eccnnsmn
1113 124 1291 152 CHRISTI.
1578 117 1644 157 167

125 223 290 262 omnium
319 225 655 268 Sacramentorum,
680 228 723 262 ut
748 237 819 262 usu
844 225 995 262 illorum
1019 225 1187 274 legitimo
1214 229 1343 263 nostra
1376 238 1460 263 cum
1495 226 1644 265 Christo

123 287 286 325 Domino
323 287 712 338 communio-piorum
748 289 881 326 animis
916 289 957 327 in
993 289 1160 326 Ecclesia
1194 289 1247 327 ita
1272 290 1463 339 infigatur,
1490 293 1643 341 totaque

123 353 214 390 adeo
242 353 408 390 Ecclesia
434 342 474 390 iu
503 358 677 403 perpetua
704 354 804 391 illius
833 354 1011 392 fruitione
1038 367 1102 405 per
1128 354 1240 392 fidem
1266 355 1318 393 ita
1345 354 1576 404 obsignetur,
1602 361 1645 395 ut

121 416 160 453 in
197 416 260 453 illa
297 429 378 453 vere
405 421 442 454 et
468 429 513 454 ex
540 417 663 453 animo
694 418 931 468 conquiescat
960 418 1207 456 conscientiae
1235 431 1321 456 suae
1346 419 1575 465 testimonio,
1609 425 1644 458 et

119 480 312 518 affectuum
338 481 442 518 illam
470 481 712 520 innovatione
740 483 1017 534 officiorumque
1037 482 1235 521 sedulitate
1253 484 1436 534 exprimat
1454 485 1538 532 (fol.
1562 487 1645 533 62²)

119 558 162 582 ac
189 549 430 584 contestetur.
1411 546 1419 553 ⁶

169 609 374 660 Explicatis
410 623 495 647 vero
531 610 604 648 iam
633 612 958 648 Sacramentorum
994 610 1163 661 partibus
1190 614 1227 648 et
1255 612 1463 650 constituto
1490 613 1642 651 illorum

118 675 203 719 fine,
229 675 377 724 plenam
405 675 553 712 tandein
582 675 812 713 Sam-amenti
840 674 1111 720 diffinitionem,
1138 675 1242 713 iuxta
1262 689 1358 720 eam,
1382 690 1492 727 quam
1510 691 1646 729 appro-

119 740 301 784 bavimus,
334 741 496 791 partium
531 746 567 778 et
602 741 687 778 finis
714 740 1012 791 explicationem,
1045 740 1304 786 formabimus,
1331 744 1366 779 et
1393 742 1572 792 quidnam
1600 742 1640 779 in

115 805 179 842 illa
208 805 255 842 sit
283 805 557 842 observandum
584 806 714 842 ordine
741 817 888 842 rursum
910 817 976 841 suo
996 804 1283 849 recensebimus,
1304 818 1349 842 ac
1369 805 1528 853 demum,
1551 820 1644 844 enu-

116 869 265 906 meratis
308 869 417 906 huius
462 869 607 918 generis
652 868 903 906 Sacramentis
940 867 1128 912 omnibus,
1165 872 1288 918 partes
1323 869 1364 906 iu
1402 870 1477 907 illis
1515 883 1643 908 omnes

116 934 493 971 commonstrabimus
522 933 652 970 ordine
680 938 829 970 nostrae
858 932 969 969 huius
998 931 1244 970 diffinitionis.

166 999 447 1034 Sacramentum
473 997 589 1046 igitur
617 1004 671 1033 est
699 996 825 1033 divina
854 996 1056 1043 ordinatio,
1082 1008 1176 1046 quae
1202 996 1243 1033 in
1271 996 1482 1035 ministerio
1512 998 1643 1037 Eccle-

116 1061 191 1099 siae
225 1062 357 1113 posita,
393 1062 447 1099 sic
483 1066 526 1098 ut
560 1061 607 1098 ad
642 1065 759 1098 totam
796 1061 1003 1098 Ecclesiam
1039 1061 1169 1098 ordine
1206 1073 1272 1097 suo
1309 1062 1504 1112 pertineat,
1533 1063 1647 1101 habet

117 1140 224 1164 suum
259 1126 407 1176 signum
444 1126 602 1170 visibile,
638 1129 828 1162 externam
866 1125 1037 1162 videlieet
1078 1138 1098 1161 a
1135 1125 1287 1163 domino
1325 1126 1538 1165 institutam
1566 1129 1645 1165 for-

116 1204 214 1227 mam
250 1203 314 1227 seu
351 1189 608 1235 ceremoniam,
652 1193 687 1226 et
724 1202 830 1227 suum
873 1188 962 1226 item
1006 1188 1196 1226 invisibile
1232 1190 1450 1240 mysterium
1494 1196 1644 1230 nostrae

117 1267 202 1291 cum
239 1254 387 1291 Christo
424 1253 534 1290 nobis
572 1253 731 1290 donatae
759 1252 1034 1290 communionis
1061 1253 1101 1290 in
1131 1265 1285 1303 corpore
1312 1258 1348 1291 ct
1376 1256 1560 1304 sanguine
1586 1256 1645 1307 ip-

116 1318 204 1364 sius,
249 1322 287 1355 ut
313 1318 423 1354 fidem
451 1317 552 1354 illius
579 1317 714 1354 animis
740 1317 890 1367 piorum
916 1317 955 1354 in
985 1317 1126 1354 Christi
1153 1317 1321 1355 Ecclesia
1347 1318 1481 1368 infigat
1506 1323 1645 1357 totam-

116 1395 186 1432 que
212 1383 304 1419 adeo
332 1381 539 1419 Ecclesiam
566 1382 604 1418 in
632 1381 705 1419 fide
733 1388 845 1432 atque
870 1385 1047 1432 perpetua
1071 1381 1174 1419 illius
1192 1383 1371 1420 fruitione
1388 1383 1441 1421 ita
1460 1384 1648 1433 obsignet,

114 1450 157 1483 ut
192 1459 275 1483 vere
307 1451 344 1483 ct
379 1459 424 1483 ex
460 1446 584 1483 animo
613 1445 651 1482 in
681 1459 720 1482 ea
753 1445 992 1496 conquiescat
1020 1445 1269 1483 conscientiae
1297 1459 1384 1484 suae
1412 1446 1486 1484 iam
1513 1448 1643 1498 pacifi-

116 1515 217 1548 catae
243 1510 473 1556 testimonio,
508 1514 544 1547 et
570 1509 764 1547 affectuum
794 1509 1038 1547 innovatione
1064 1509 1169 1547 illam
1196 1510 1476 1561 officiorumque
1504 1512 1642 1549 seduli-

114 1576 193 1610 tate
219 1573 403 1624 exprimat
430 1578 465 1610 et
494 1577 734 1610 contestetur.
764 1572 848 1620 (fol.
878 1573 965 1620 621³)

166 1639 290 1688 Atque
325 1642 380 1675 est
415 1651 503 1675 sane
536 1638 651 1686 longa
679 1637 768 1674 haec
796 1636 896 1674 vocis
925 1636 1156 1674 Sacramenti
1184 1636 1367 1682 diffinitio,
1406 1638 1470 1675 sed
1497 1651 1541 1676 ea:
1567 1638 1641 1676 vim

115 1706 286 1738 naturam
325 1714 368 1741 ac
404 1701 596 1750 ingenium
625 1702 962 1746 Sacramentorum,
990 1700 1034 1738 de
1062 1701 1199 1751 quibus
1229 1702 1501 1739 controversias
1531 1716 1642 1740 exor-

116 1769 172 1802 tas
200 1778 278 1802 esse
305 1765 486 1809 videmus,
512 1765 689 1815 explicari
715 1768 907 1815 utcunque
934 1777 1010 1802 non
1030 1764 1257 1803 dubitamus.
1281 1766 1375 1803 Sunt
1393 1769 1518 1803 tamen
1535 1767 1645 1804 nobis

115 1842 263 1866 rursum
289 1829 417 1879 paucis
444 1828 655 1879 repetenda,
695 1841 788 1878 quae
814 1828 854 1865 in
884 1828 1200 1866 hac'difiinitione
1227 1829 1416 1866 observari
1444 1829 1647 1875 debebunt,

117 1897 157 1930 ut
193 1892 272 1943 ipsa
309 1892 477 1931 diffinitio
514 1896 619 1929 tanto
659 1892 791 1929 clarius
827 1892 866 1929 in
903 1892 1061 1941 singulis
1099 1892 1228 1929 ordine
1263 1893 1513 1930 Sacramentis
1542 1907 1644 1931 com-

118 1958 317 1995 monstrari
353 1960 477 2007 queat,
511 1961 546 1994 et
585 1956 762 2005 cognosci
798 1957 848 1993 ita
878 1956 1026 1993 demum
1053 1956 1179 2000 etiam,
1205 1956 1358 1993 ubinam
1388 1957 1534 2006 pondus
1562 1970 1641 1994 om-

116 2023 220 2060 nium
249 2021 586 2059 controversiarum
613 2021 652 2057 in
681 2024 902 2068 argumento
931 2021 1003 2058 hoc
1030 2019 1326 2058 Sacramentario
1357 2015 1559 2059 consistere
1586 2023 1642 2059 vi-

116 2087 257 2125 deatur.
312 2086 417 2123 Haec
444 2086 558 2135 igitur
586 2085 820 2122 observanda
847 2090 969 2124 erunt.

167 2151 305 2196 Primo,
331 2150 431 2201 quod
458 2150 497 2187 in
525 2149 628 2187 omni
655 2149 780 2187 divina
808 2149 1056 2193 ordinatione,
1083 2163 1176 2200 quae
1203 2163 1269 2200 pro
1296 2150 1543 2188 Sacramentis
1572 2151 1639 2188 ha-

116 2217 196 2255 beri
232 2217 374 2259 debeat,
423 2216 660 2266 requiruntur
695 2228 868 2265 expressa
905 2215 1009 2253 verbi
1047 2215 1163 2252 divini
1198 2215 1412 2252 testimonia
1450 2215 1494 2252 de
1530 2216 1638 2265 signo
1675 2209 1680 2217 ’

115 2281 255 2318 visibili
283 2280 526 2324 Sacramenti,
555 2279 599 2316 de
626 2279 802 2328 mysterio
831 2279 961 2330 ipsius,
987 2284 1023 2316 et
1051 2280 1096 2316 de
1122 2281 1207 2317 fine.
1263 2279 1317 2316 De
1346 2279 1468 2329 signo,
1494 2285 1535 2318 ut
1563 2293 1640 2318 nou

115 2346 163 2383 sit
207 2345 333 2389 fallax,
370 2343 570 2394 requiritur
605 2356 817 2393 expressum
863 2343 968 2380 verbi
1005 2343 1123 2380 divini
1158 2343 1375 2380 mandatum
1414 2357 1496 2381 cum
1533 2358 1639 2394 prae-

116 2411 253 2461 scripta
283 2413 381 2446 certa
408 2409 566 2459 quadam
595 2408 716 2444 forma
744 2413 777 2445 et
808 2409 1015 2445 ceremonia
1043 2408 1173 2458 ipsius.
1229 2408 1282 2445 Dc
1311 2408 1488 2458 mysterio
1517 2410 1640 2459 requi-

114 2476 210 2512 ritur
244 2474 356 2512 etiam
385 2486 557 2523 cxpressa
586 2471 689 2508 verbi
720 2471 837 2508 divini
863 2471 1075 2522 promissio,
1112 2484 1205 2521 quae
1235 2476 1513 2516 commonstret,
1543 2472 1640 2521 signi

115 2538 328 2577 istiusmodi
363 2536 649 2574 Sacramentalis
684 2536 903 2584 mysterium
938 2549 1018 2573 esse
1054 2541 1217 2573 nostram
1257 2549 1340 2572 cuni
1384 2536 1532 2573 Christo
1561 2537 1639 2573 Do-

117 2603 219 2640 mino
246 2603 283 2640 in
314 2614 468 2652 corpore
495 2607 530 2638 et
558 2600 738 2649 sanguine
765 2600 882 2650 ipsius
911 2600 1222 2641 communionem,
1250 2600 1326 2637 sive
1355 2599 1444 2637 haec
1470 2614 1534 2650 per
1552 2614 1638 2637 cau-

117 2681 188 2712 sas,
225 2666 301 2703 sive
337 2679 400 2716 por
437 2664 574 2708 effecta,
612 2664 687 2701 sive
724 2676 787 2713 per
815 2664 926 2700 finem
952 2663 1053 2700 illius
1083 2663 1308 2712 designetur.
1363 2664 1412 2700 Et
1440 2664 1639 2714 requiritur

114 2735 300 2780 postremo
330 2730 413 2777 (fol.
443 2730 526 2775 63²¹)
554 2728 736 2765 eiusmodi
762 2727 1031 2771 testimonium,
1058 2741 1132 2777 quo
1162 2728 1370 2771 doceamur,
1396 2729 1434 2765 iu
1464 2729 1533 2765 lioc
1560 2743 1639 2767 esse

114 2794 325 2831 institutam
358 2793 427 2830 Dei
461 2793 562 2829 illam
598 2790 884 2835 ordinationem,
920 2804 1014 2840 quae
1048 2804 1114 2841 pro
1150 2793 1388 2829 Sacramento
1418 2792 1546 2829 haberi
1574 2793 1636 2829 (lc-

119 2859 214 2905 beat,
248 2866 298 2907 xut
331 2871 400 2897 usu
437 2857 536 2897 illius
574 2856 712 2896 Christi
742 2855 914 2895 Ecclesia
950 2855 987 2895 in
1027 2869 1091 2897 sua
1129 2869 1212 2895 cuni
1249 2857 1329 2912 ipso
1368 2857 1640 2908 communione,
