1818 3178
1638 116 1710 152 239

185 227 401 266 munionem
439 226 636 265 attulisset.
692 227 950 278 Assumpsisse
983 226 1100 276 igitur
1138 226 1327 264 Christum
1357 225 1574 272 Dominum,
1602 225 1713 263 docui

187 305 330 343 semper
368 295 404 329 et
433 291 561 334 doceo,
587 291 625 328 in
653 291 883 329 instituenda
912 295 1039 330 nostra
1069 304 1193 329 secum
1222 291 1484 329 communione
1512 290 1555 328 de
1582 294 1712 328 nostro

185 356 350 407 proprio,
385 368 430 393 ex
467 360 582 393 matre
620 355 764 405 virgine
801 356 942 406 Spiritu
981 360 1108 393 sancto
1146 360 1289 399 autore,
1317 355 1435 406 ipsam
1464 355 1630 406 corporis
1655 355 1713 392 sui

188 419 368 458 naturalis
397 419 656 464 substantiam,
682 424 724 457 ut
752 420 864 457 frater
894 425 1019 456 noster
1046 421 1161 464 fieret,
1190 419 1242 456 sic
1268 424 1311 456 ut
1339 432 1436 464 caro,
1463 433 1556 470 quae
1584 423 1713 456 nostra.

187 484 326 535 alioqui
355 484 505 535 propria
532 488 618 522 ante
646 485 778 529 fuerat,
805 484 921 535 ipsius
950 484 1122 534 deinceps
1151 484 1198 522 sit
1227 497 1311 521 caro
1336 484 1459 530 etiam,
1485 506 1535 514 —
1562 497 1605 521 ac
1632 497 1714 521 rur·

187 562 266 587 sum
304 548 420 599 ipsius
458 562 542 585 caro
571 549 618 586 sit
647 552 775 586 nostra
800 548 939 599 pariter
967 549 1130 585 vicissim
1160 561 1245 585 caro
1273 561 1336 599 per
1363 548 1569 586 naturalem
1597 548 1714 598 ipsius

189 613 397 658 nobiscum,
430 617 582 663 peccato
619 612 799 650 duntaxat
835 617 1001 662 excepto,
1036 612 1336 649 communionem
1371 612 1411 649 in
1449 625 1513 649 sua
1540 611 1714 649 incarna-

187 677 302 724 tione,
330 677 450 728 sitque
473 678 553 727 jam
580 681 615 715 et
643 677 720 728 ipse
749 690 833 714 caro
862 690 905 714 ex
935 690 1045 714 carne
1072 682 1211 721 nostra,
1239 681 1274 714 et
1302 689 1370 714 nos
1398 676 1561 714 vicissim
1587 689 1715 713 omnes

190 755 274 779 caro
303 755 348 780 ex
376 754 485 779 carne
512 742 591 790 ejus
619 741 731 778 etiam
759 754 823 792 per
850 741 1057 778 naturalem
1085 741 1201 791 ipsius
1231 740 1425 778 nobiscum
1455 741 1492 778 in
1512 754 1585 778 una
1605 745 1716 791 atque

188 805 316 843 eadem
353 818 461 842 carne
488 809 628 849 nostra,
654 808 805 855 peccato
832 809 874 842 ut
902 803 980 841 dixi
1007 808 1172 854 excepto,
1200 805 1415 842 societatem
1443 804 1520 842 sive
1547 817 1715 842 commu-

190 870 338 907 nionem
367 869 577 907 institutam
602 869 643 906 in
671 882 737 906 sua
762 868 1033 906 incarnatione.
1064 869 1129 916 (A.
1158 870 1229 916 42).

241 933 412 971 Donasse
446 938 571 971 autem
606 933 716 970 nobis
751 932 795 970 de
831 945 895 970 suo
933 932 1084 983 proprio
1123 932 1314 969 Christum
1353 932 1570 976 Dominum,
1607 932 1717 970 docui

191 1011 334 1048 semper
370 1002 404 1035 et
442 997 569 1042 doceo,
604 997 644 1034 in
681 996 808 1033 cadem
844 996 923 1047 ipsa
953 1009 1076 1034 secum
1104 997 1366 1034 communione
1392 997 1431 1033 id
1457 1000 1591 1041 totum,
1617 996 1717 1047 quod

190 1063 224 1100 ei
261 1063 335 1099 ullo
365 1062 517 1099 omnino
546 1061 656 1098 modo
684 1061 723 1098 in
750 1065 901 1111 accepta
928 1074 949 1097 a
977 1060 1087 1098 nobis
1116 1061 1281 1110 corporis
1310 1060 1367 1097 sui
1394 1060 1604 1098 substantia
1630 1073 1717 1111 pro-

190 1127 312 1177 prium
348 1126 488 1176 alioqui
525 1129 615 1171 erat,
643 1129 683 1163 ut
709 1125 748 1162 id
777 1130 896 1162 totum
923 1124 1089 1168 omnino,
1117 1124 1215 1175 quod
1245 1123 1290 1161 ad
1317 1124 1422 1161 illum
1450 1124 1598 1175 proprie
1625 1137 1719 1175 quo·

191 1203 266 1241 quo
295 1190 405 1227 modo
433 1189 604 1240 pertinet,
631 1192 784 1239 excepta
813 1189 892 1226 sola
918 1189 1107 1239 personali
1134 1189 1198 1225 illa
1222 1188 1291 1225 Dei
1314 1192 1356 1225 ,et
1382 1188 1544 1225 hominis
1572 1188 1611 1225 in
1638 1188 1719 1239 ipso

193 1254 470 1304 conjunctione,
506 1253 543 1290 id
578 1257 711 1298 totum,
747 1252 913 1303 inquam,
942 1253 990 1289 sit
1012 1253 1091 1302 jam
1118 1265 1271 1303 prorsus
1299 1256 1470 1289 nostrum
1498 1253 1608 1289 etiam
1637 1264 1720 1289 cum

189 1320 269 1369 ipso
314 1332 379 1369 per
421 1317 623 1366 gratuitam
667 1317 783 1368 ipsius
820 1317 859 1354 in
896 1329 1090 1354 commune
1126 1316 1379 1362 donationem,
1417 1316 1538 1367 sitque
1571 1316 1650 1365 jam
1685 1319 1722 1353 et

193 1383 364 1420 Christus
398 1382 476 1432 ipse
511 1381 697 1419 Dominus
733 1384 860 1418 noster
896 1380 1062 1423 o‘mnino,
1098 1383 1280 1431 quatenus
1317 1379 1428 1418 nobis
1464 1393 1484 1416 a
1511 1379 1590 1417 Deo
1617 1382 1723 1429 patre

192 1447 232 1484 in
269 1446 391 1484 carnis
428 1451 577 1483 nostrae
616 1445 914 1483 communionem
951 1445 997 1482 ad
1035 1444 1189 1482 salutem
1227 1448 1393 1482 nostram
1421 1443 1584 1493 gratuito
1613 1443 1722 1481 datus

191 1515 258 1557 est,
293 1531 344 1539 —
379 1514 415 1547 et
452 1523 517 1547 sua
548 1509 682 1547 iterum
719 1510 845 1547 omnia
880 1514 1009 1547 nostra
1037 1509 1111 1547 sint
1139 1509 1263 1554 etiam,
1289 1513 1472 1559 qnatenus
1499 1508 1547 1546 ab
1573 1507 1655 1559 ipso
1682 1507 1723 1545 in

193 1573 316 1611 carnis
344 1577 492 1610 nostrae
520 1585 673 1623 corpore
700 1573 877 1623 praestita
904 1585 947 1609 ac
973 1571 1187 1623 promerita,
1215 1571 1262 1609 ad
1289 1576 1456 1608 nostram
1476 1583 1600 1608 secum
1621 1583 1723 1607 com·

193 1638 411 1675 munionem
436 1650 501 1688 per
527 1637 651 1688 ipsum
678 1642 765 1674 sunt
793 1637 837 1674 de
865 1649 932 1674 suo
960 1636 1126 1685 gratuito
1158 1636 1306 1674 collata.

247 1704 352 1742 Haec
378 1704 430 1741 ita
457 1716 526 1752 ego
555 1702 600 1740 de
627 1707 755 1739 nostra
784 1714 867 1738 cum
896 1701 1048 1738 Christo
1077 1700 1240 1738 Domino
1270 1698 1534 1737 communione
1561 1701 1597 1736 et
1615 1696 1726 1735 docui

196 1782 338 1821 semper
373 1772 409 1806 et
445 1768 573 1811 doceO,
608 1780 651 1805 ac
687 1766 847 1818 proinde
883 1767 1102 1816 mysterium
1129 1765 1201 1803 hoc
1227 1765 1423 1803 institutae
1450 1764 1490 1802 in
1520 1764 1618 1801 hunc
1644 1776 1727 1800 mo-

195 1836 260 1883 (A.
275 1834 427 1882 4¹’)dum
457 1837 606 1870 nostrae
635 1844 719 1868 cum
747 1831 897 1869 Christo
925 1830 1088 1868 Domino
1108 1829 1382 1867 communionis
1403 1827 1595 1866 obscurari
1613 1827 1726 1865 adeo-

196 1912 268 1950 que
303 1898 435 1937 violari
469 1910 534 1948 per
559 1897 645 1934 illos
675 1896 863 1946 dico,>qui
892 1895 1083 1934 Christum
1110 1895 1311 1932 Dominum
1338 1894 1422 1931 ideo
1453 1897 1620 1931 nostrum
1649 1905 1727 1930 esse

197 1964 339 2009 dicunt,
365 1963 465 2014 quod
492 1962 603 2001 nobis
629 1962 693 1999 ille
721 1961 765 1998 de
793 1974 859 1998 suo
888 1961 1038 2012 proprio
1066 1973 1143 1998 non
1171 1960 1302 1998 merita
1328 1959 1439 1996 modo
1461 1971 1526 1995 sua
1545 1970 1725 2007 suamque

197 2027 368 2077 gloriam,
396 2026 461 2064 sed
486 2027 605 2076 ipsam
634 2025 745 2063 etiam
777 2025 943 2075 corporis
972 2024 1030 2062 sui
1058 2024 1238 2062 naturalis
1265 2022 1513 2061 substantiam
1539 2021 1579 2059 in
1600 2021 1724 2059 Coena

199 2105 265 2129 sua
302 2091 436 2137 donat,
472 2103 547 2128 non
576 2094 699 2128 autem
727 2089 827 2141 quod
855 2089 895 2127 in
924 2102 1072 2127 carnem
1097 2089 1177 2140 ipse
1202 2092 1369 2126 nostram
1396 2087 1551 2131 venerit,
1578 2090 1724 2123 noster-

200 2167 271 2205 que
296 2154 337 2190 in
364 2154 428 2190 illa
455 2153 569 2191 frater
591 2154 671 2202 jam
697 2153 833 2199 factus,
861 2152 898 2190 in
928 2164 995 2190 suo
1022 2152 1126 2189 illam
1155 2151 1302 2189 demum
1332 2163 1486 2201 corpore
1514 2149 1724 2188 sanctifica-

199 2219 249 2257 rit
276 2222 312 2256 et
338 2217 385 2256 ad
413 2217 534 2255 Patris
562 2218 618 2255 sni
646 2217 837 2256 dexteram
864 2217 901 2256 in
932 2230 1009 2255 sese
1038 2216 1242 2256 collocarit.
1271 2217 1337 2264 (A.
1369 2217 1426 2263 5³)
