1818 3178
753 143 992 172 PRAEFATIO.
1526 143 1625 171 LXXI

107 249 264 293 verbis:
300 272 320 299 u
340 247 542 304 Baptismi
573 262 673 290 vero
702 255 742 291 et
771 249 999 292 vocationis
1029 247 1344 291 Ecclesiasticae
1374 262 1542 291 causam
1574 249 1618 291 in

109 343 131 369 η
150 322 266 364 aliud
302 327 467 376 tempus
508 319 852 377 suspendamus.'’
884 322 918 376 ¹)
977 320 1180 363 Plurimis
1211 319 1522 377 exemplaribus
1552 335 1620 362 ex·

106 409 229 435 cusus
271 393 338 435 hic
384 391 552 434 libellus
597 392 690 444 fuit,
733 400 772 434 et
814 393 1041 435 etiamnum
1084 393 1243 435 nullius
1272 392 1398 435 Lasci
1428 392 1619 448 opusculi

104 471 191 507 tam
223 463 345 506 facile
375 462 633 519 exemplaria
661 463 947 506 administrari
976 471 1162 519 possunt.
1204 463 1617 521 Lugduno-Batava,

107 534 386 577 Ultraiectina
418 535 451 590 Ξ)
507 541 548 576 et
601 533 884 591 Groningana
937 534 1208 578 bibliothecae
1261 535 1452 592 singulae
1505 535 1620 578 hunc

104 605 295 648 libellum
341 604 562 662 possident.
621 604 887 663 Magnopere
917 621 992 648 suo
1022 613 1210 662 tempore
1240 608 1341 650 viris
1372 608 1501 651 doctis
1529 607 1620 664 pla-

104 677 202 730 cuit,
234 684 287 729 et,
318 683 365 719 ut
394 677 497 720 alios
525 684 697 727 taceam,
728 677 1045 730 Melanchthon,
1079 679 1150 732 qui
1180 685 1263 721 tam
1296 676 1449 722 acriter
1479 695 1621 723 censo-

105 749 213 791 riam
254 748 463 805 virgulam
502 749 546 791 in
589 749 677 791 eius
715 750 928 803 Epitomen
958 751 1162 791 doetrinae
1194 749 1452 800 adhibuerat,
1483 752 1532 793 de
1563 752 1624 794 in-

106 819 268 861 dustria
307 819 420 861 hunc
461 825 686 862 tractatum
719 820 829 876 apud
861 820 1026 862 Ducem
1057 819 1255 862 Prussiae
1285 820 1540 864 collaudavit
1570 822 1621 880 ⁸).

104 889 171 933 Ne
203 890 297 946 quis
326 891 504 932 miretur
534 891 707 932 Bonnae
737 906 833 932 eum
867 891 978 947 typis
1008 905 1252 946 expressum
1273 891 1412 937 fuisse.
1445 890 1622 949 Saepius

105 976 154 1002 eo
209 967 397 1017 tempore
455 959 675 1003 Coloniam
722 961 774 1004 ad
827 960 1200 1018 Hardenbergium
1250 963 1459 1018 profectus
1507 964 1620 1006 Bon·

105 1047 202 1075 narn
250 1047 415 1088 quoque
455 1033 549 1074 visit
593 1039 745 1081 noster,
777 1038 817 1074 et
847 1033 1059 1088 speciatim
1091 1033 1209 1074 initio
1240 1033 1365 1075 huius
1395 1035 1494 1076 anni
1523 1050 1619 1078 eum

104 1119 182 1161 per
220 1104 387 1160 aliquod
430 1112 595 1160 tempus
626 1105 799 1146 Bonnae
831 1104 1022 1156 haesisse,
1054 1103 1174 1146 docet
1204 1120 1279 1147 nos
1308 1105 1548 1149 Pellicanus
1578 1107 1620 1149 in

105 1175 279 1233 epistola
322 1175 361 1217 d.
407 1176 433 1218 3
478 1175 633 1217 Martis
673 1191 710 1217 a.
754 1176 863 1217 1545
895 1176 947 1218 ad
976 1175 1163 1218 Lascum
1194 1176 1301 1225 data,
1333 1177 1377 1219 in
1409 1192 1490 1232 qua
1520 1178 1623 1221 haec

106 1253 337 1289 occurrunt
381 1245 528 1289 verba:
578 1267 600 1293 n
621 1246 834 1289 Audimus
879 1253 918 1289 te
964 1262 1080 1289 nunc
1124 1248 1298 1290 Bonnae
1348 1263 1475 1305 agere
1525 1263 1624 1292 cum

109 1341 130 1367 ῃ
154 1319 338 1360 Doctore
369 1317 549 1360 Alberto
580 1317 769 1360 nostro.”
801 1319 852 1375 ⁴).
913 1317 1137 1371 Quantum
1168 1320 1377 1372 novimus,
1409 1320 1528 1363 nulla
1558 1336 1623 1364 us-

105 1405 234 1446 quam
273 1389 397 1431 huius
441 1389 571 1432 libelli
616 1390 771 1447 prodiit
814 1391 900 1432 sive
930 1391 1109 1448 belgica,
1143 1391 1228 1433 sive
1258 1393 1502 1447 germanica
1533 1408 1624 1435 ver-

105 1462 178 1511 sio,
208 1476 285 1503 nec
315 1462 489 1518 repetita
520 1469 580 1503 est
610 1461 830 1518 originalis
862 1462 1000 1504 editio.
1060 1461 1285 1504 Foliorum
1316 1463 1523 1506 indicibus
1554 1479 1622 1507 ca-

106 1539 184 1583 ret,
224 1548 355 1589 quare
396 1533 555 1576 litteras
595 1533 922 1591 typographicas
952 1533 996 1576 in
1027 1534 1285 1591 paginarum
1315 1535 1517 1578 incisione
1547 1551 1620 1578 an-

106 1605 355 1648 notavimus.

298 1751 364 1792 18.
426 1750 673 1791 DOCTRINAE
701 1762 943 1791 MODERATIO
973 1763 1006 1792 s.
1037 1763 1163 1792 EPIST.
1196 1764 1250 1792 DE
1281 1763 1428 1802 οοΕΝΑ,

611 1821 708 1876 (scr.
741 1820 851 1862 1545
883 1819 946 1864 ed.
982 1820 1128 1877 1551).
1177 1847 1180 1852 =

423 1956 570 2014 [LAs01
604 1959 745 2011 Opera,
776 1957 877 2001 Vol.
907 1957 945 2002 Ι.
980 1973 1019 2014 p,
1052 1958 1313 2017 465—479.]

163 2100 443 2155 Posteaquam
473 2100 706 2141 eommunis
734 2099 1054 2157 Theologorum
1075 2116 1155 2144 vox
1176 2102 1386 2156 Epitomen
1407 2104 1623 2156 doetrinae,

113 2187 238 2228 quam
279 2178 375 2214 ante
405 2169 508 2212 duos
538 2185 669 2212 annos
705 2170 894 2228 (1543‚4)
931 2173 1256 2215 concinnaverat
1283 2184 1438 2228 noster,
1469 2173 1630 2216 hetero-

111 2244 259 2286 doxiae
289 2243 560 2285 damnaverat
591 2257 770 2297 eumque
802 2258 855 2284 ne
887 2243 946 2285 uti
974 2244 1268 2301 invulgaretur
1299 2251 1418 2287 erant
1439 2244 1628 2288 obtestati

114 2316 250 2367 amici,
292 2313 478 2357 docendo
516 2319 680 2355 tantum
723 2315 832 2370 apud
866 2314 1088 2364 Ecclesias‚
1121 2317 1204 2357 suis
1235 2317 1473 2359 commissas
1503 2318 1628 2366 curis,

112 2387 344 2430 doctrinam
376 2400 494 2427 suam
524 2399 763 2442 propagare
793 2385 950 2427 studuit
979 2387 1003 2427 a
1035 2386 1184 2431 Lasco.
1218 2387 1324 2429 Mox
1354 2393 1492 2430 tamen
1514 2388 1627 2431 haud

112 2467 198 2501 tam
238 2458 339 2500 levis
371 2459 420 2500 de
452 2473 499 2500 re
524 2459 850 2501 sacramentaria
881 2459 991 2501 inter
1020 2460 1130 2516 ipsos
1162 2468 1347 2516 pastores
1378 2461 1523 2504 oborta
1551 2461 1630 2504 dis-

112 2531 264 2581 sensio,
299 2545 479 2586 quorum
512 2527 582 2570 alii
604 2528 882 2582 Germanicis,
906 2530 976 2572 alii
999 2530 1228 2574 Helveticis
1249 2532 1474 2590 Theologis
1496 2533 1629 2590 magis

158 2678 183 2717 1)
206 2677 309 2708 LAscl
335 2678 444 2718 Opera,
469 2677 539 2708 Vol.
562 2677 588 2708 1.
612 2687 644 2717 p.
667 2676 696 2707 9.

159 2734 186 2773 ⁸²)
209 2734 268 2765 Est
289 2733 382 2765 huius
405 2733 625 2764 Bibliothecae
648 2732 792 2770 Theol.‚
817 2733 887 2765 Oct.
911 2733 982 2766 687.

156 2789 184 2827 8)
206 2788 505 2826 BnmscuNEmER,
531 2788 586 2828 Ep.
612 2787 804 2820 Melanchtlc.
827 2789 916 2821 Tom.
940 2789 977 2822 V,
1001 2800 1032 2831 p.
1054 2790 1127 2823 790.

157 2844 183 2882 0)
208 2843 386 2881 GABBEMA,
412 2843 467 2884 Ep.
490 2844 567 2875 clar.
589 2842 647 2875 vir,
671 2853 702 2884 p.
725 2842 795 2875 105.
819 2843 869 2878 Cf.
894 2843 950 2885 Ep.
974 2845 1134 2880 Hardenb.
1157 2846 1200 2877 ad
1230 2846 1427 2879 Utenlzovium
1450 2848 1480 2881 d.
1504 2848 1522 2878 9
1545 2849 1628 2882 Mar-

115 2900 154 2931 tii
181 2901 269 2934 1545.
295 2901 451 2938 GERDES„
475 2900 575 2932 Seria.
598 2901 663 2932 ant.
687 2898 740 2932 lv.
764 2899 834 2932 681.
