1818 3178
192 154 237 189 36
642 153 693 179 nn
721 148 884 177 cuais'm
912 145 1232 174 INCARNATJONF..

197 274 303 298 carne
330 259 466 296 nullam
491 266 641 305 prorsus
671 250 966 288 communionem
993 248 1157 287 haberet.
1194 249 1368 297 Pugnant
1395 247 1494 285 enim
1521 246 1631 286 haec:
1658 247 1698 284 in

200 324 305 362 nobis
343 321 471 358 habere
508 315 746 360 domicilium,
771 318 820 359 et,
848 313 902 349 vel
931 311 1082 349 desiisse
1109 324 1200 357 esse,
1226 312 1326 362 quod
1353 314 1443 356 erat,
1471 310 1527 348 vel
1552 309 1592 347 in
1619 323 1700 347 eam

200 398 342 423 carnem
376 381 573 423 transiisse,
607 390 699 428 quae
734 377 833 413 illius
869 375 984 413 solius
1016 374 1164 425 propria
1201 374 1383 412 duntaxat
1410 378 1518 418 esset,
1543 377 1580 410 et
1607 373 1702 410 nulli

198 454 378 499 praeterea
412 444 516 482 alteri
552 440 767 479 communis.
821 439 981 477 Proinde
1016 438 1211 476 admittere
1238 439 1341 476 nullo
1367 442 1477 489 pacto
1503 449 1701 488 possumus

198 518 295 548 tuam
329 505 667 556 interpretationem
702 503 746 541 de
774 515 882 540 carne
910 502 1058 539 Christo
1087 501 1158 539 soli
1186 502 1367 540 duntaxat
1393 501 1555 553 propria,
1581 500 1700 538 multo

196 573 315 609 minus
341 574 461 607 autem
488 568 532 605 de
559 567 660 605 verbi
685 566 725 604 in
745 579 892 603 carnem
909 564 1120 603 istiusmodi
1140 565 1393 603 conversione.
1422 565 1520 602 Nam
1537 568 1701 615 praeter·

197 647 303 684 quam
338 632 436 682 quod
471 631 519 679 (F
544 631 608 678 iib)
636 643 681 668 ex
708 630 786 680 ipsa
822 629 1019 667 verborum
1046 628 1318 677 significatione
1344 629 1470 677 colligi
1497 632 1597 666 certo
1624 640 1702 665 non

195 701 325 747 potest,
352 696 552 745 scripturae
578 698 765 744 praeterea
791 694 902 731 etiam
929 692 1214 743 repugnantiam
1249 692 1407 738 inducit,
1435 693 1510 730 sive
1537 692 1700 730 divinam

194 762 231 798 iu
269 760 426 805 Christo,
462 759 538 796 sive
574 759 771 795 humanam
807 762 977 795 naturam
1011 757 1243 803 intueamur;
1271 760 1307 794 et
1343 756 1482 807 eripere
1518 756 1627 794 nobis
1654 756 1701 793 ad

192 829 394 862 extremiun
431 828 586 860 conatur
619 821 841 860 ineffabilem
874 822 978 859 illam
1015 821 1319 864 consolationem,
1345 833 1417 871 qua
1445 821 1536 858 certi
1563 833 1703 864 sumus,

192 887 320 930 Deum,
357 890 397 923 ut
434 886 653 923 Emmanuel
686 890 794 930 esset,
831 885 1058 922 domicilium
1086 884 1157 922 sibi
1183 885 1223 922 in
1251 897 1359 922 carne
1388 889 1514 921 nostra
1541 896 1608 934 pro
1637 897 1702 920 sua

191 949 438 987 misericordia
467 949 715 994 constituisse,
741 954 783 987 ut
809 949 941 986 fratres
968 948 1084 999 ipsius
1111 958 1286 992 essemus,
1314 951 1497 999 quatenus
1518 947 1589 984 hoc
1616 951 1701 984 tan·

190 1020 268 1052 tum
306 1013 522 1051 beneficium
559 1027 666 1051 suum
701 1027 778 1051 non
815 1018 1145 1052 contemneremus.
1200 1015 1325 1063 Atque
1358 1012 1398 1050 id
1432 1013 1472 1050 in
1510 1025 1620 1050 causa
1646 1016 1702 1049 est

190 1077 310 1121 etiam,
347 1089 410 1113 cur
444 1080 547 1114 tuam
585 1076 628 1114 de
656 1077 797 1115 Christi
824 1076 978 1114 Domini
1004 1076 1261 1115 incarnatione
1288 1076 1498 1114 doctrinam
1523 1076 1595 1127 piis
1621 1089 1701 1113 om-

189 1141 298 1177 nibus
331 1140 521 1178 vitandam
547 1153 626 1178 esse
659 1144 887 1191 putaremus,
913 1144 948 1178 et
975 1153 1076 1178 nunc
1102 1141 1214 1178 etiam
1239 1144 1425 1191 putemus,
1480 1140 1561 1177 Nos
1588 1152 1699 1190 porro

192 1204 262 1240 hoc
288 1204 440 1241 Ioannis
466 1204 548 1241 loco
576 1217 654 1241 rem
680 1208 824 1252 gestam
851 1204 1027 1241 historice
1054 1203 1237 1242 duntaxat
1265 1203 1408 1241 narrari
1435 1203 1606 1248 dicimus,
1626 1215 1701 1240 non

193 1273 314 1305 autem
339 1269 491 1306 modum
516 1268 785 1306 incarnationis
820 1268 1036 1306 Dominicae
1063 1268 1250 1319 explicari.
1304 1268 1365 1314 Et,
1392 1266 1702 1318 quemadmodum

193 1346 269 1370 non
304 1333 384 1370 ideo
423 1332 524 1375 dicit,
559 1332 667 1370 initio
704 1332 819 1370 fuisse
847 1332 1012 1374 verbum,
1039 1333 1139 1384 quod
1165 1332 1239 1369 iam
1265 1333 1303 1369 id
1331 1346 1409 1370 esse
1439 1332 1600 1376 desierit,
1627 1334 1701 1380 (est

192 1398 289 1434 enim
324 1404 358 1434 et
394 1410 505 1441 nunc,
540 1397 852 1447 quemadmodum
888 1401 923 1434 et
960 1397 998 1434 in
1032 1397 1214 1447 principio
1251 1401 1342 1441 erat,
1379 1398 1544 1438 verbum,
1574 1410 1703 1447 nempe

192 1466 360 1499 aeternus
395 1465 505 1512 atque
539 1461 782 1499 immutabilis
819 1461 936 1509 Deus)
974 1462 1036 1498 sed
1073 1462 1173 1512 quod
1207 1467 1288 1499 tum
1317 1462 1470 1499 verbum
1498 1475 1573 1499 non
1601 1462 1702 1499 aliud

192 1530 281 1569 erat,
316 1539 425 1576 quam
459 1526 537 1575 ipse
564 1525 746 1563 duntaxat
774 1525 885 1571 Deus,
912 1547 961 1554 —-
989 1526 1041 1563 ita
1066 1530 1103 1563 et
1131 1526 1231 1564 hisce
1258 1526 1379 1564 verbis
1407 1526 1592 1574 (Verbum
1620 1539 1702 1564 caro

193 1588 331 1626 sactum
366 1590 439 1636 est)
476 1589 631 1626 dicimus
667 1602 744 1627 non
771 1589 842 1626 hoc
869 1589 993 1626 doceri
1020 1603 1040 1626 a
1066 1589 1221 1635 Ioanne,
1247 1590 1347 1640 quod
1375 1589 1509 1637 ver-(F
1535 1589 1703 1637 iiia)bum

193 1652 297 1697 illud,
332 1652 429 1703 quod
466 1653 572 1690 initio
611 1652 712 1691 Deus
746 1657 836 1697 erat,
873 1653 1040 1691 desiisset
1077 1667 1156 1691 esse
1192 1653 1292 1704 quod
1327 1659 1417 1696 erat,
1453 1658 1488 1691 et
1524 1654 1563 1691 in
1590 1653 1704 1699 aliud,

195 1716 294 1766 quod
329 1729 404 1753 non
430 1721 519 1758 erat.
545 1730 675 1767 nempe
702 1717 742 1754 in
771 1729 917 1754 carnem
945 1718 1130 1767 quandam
1157 1718 1228 1755 soli
1256 1718 1327 1755 sibi
1353 1718 1552 1768 propriam.
1578 1721 1703 1755 trans·

194 1780 315 1827 iisset;
344 1781 406 1818 scd
433 1782 531 1831 quod
558 1782 650 1818 illud
678 1781 799 1831 ipsum
828 1782 992 1827 verbum,
1021 1782 1121 1832 quod
1147 1782 1186 1819 in
1213 1782 1395 1832 principio
1422 1782 1500 1832 ipsc
1520 1782 1703 1819 duntaxat

196 1845 295 1882 Deus
323 1850 410 1890 erat,
439 1846 595 1895 coeperit
624 1846 732 1883 simul
760 1859 837 1883 esse
864 1850 899 1883 et
928 1846 1050 1890 homo,
1080 1847 1283 1884 constituto
1312 1846 1384 1884 sibi
1409 1847 1447 1883 in
1476 1846 1586 1884 nobis
1613 1846 1703 1894 (hoc

196 1915 262 1952 cst,
290 1910 326 1946 iu
356 1923 461 1947 carne
489 1912 632 1956 nostra)
661 1910 900 1947 tabernaculo
929 1911 1004 1948 sive
1032 1910 1230 1955 domicilio,
1258 1915 1299 1948 ut
1319 1924 1402 1948 vere
1423 1910 1702 1948 Emmanuelem

197 1986 233 2009 sc
261 1986 337 2010 csse
373 1974 508 2023 reipsa
540 1974 752 2011 declararet.
782 1974 843 2010 Sic
864 1979 938 2010 'nos
964 1974 1068 2011 iuxta
1096 1974 1315 2011 familiarem
1343 1974 1556 2024 Scripturae
1582 1987 1704 2017 usum,

196 2041 236 2072 ut
264 2037 371 2085 paulo
399 2040 506 2073 antea
533 2036 790 2081 indicavimus,
832 2036 982 2073 verbum
1010 2035 1182 2087 ἐγένετο,
1217 2038 1293 2074 sive
1320 2037 1460 2074 factum
1487 2050 1578 2083 esse,
1606 2038 1703 2074 acci-

196 2100 315 2148 pimus
350 2113 416 2149 pro
453 2100 613 2149 coepisse
649 2113 739 2140 esse,
775 2112 850 2137 non
884 2104 1026 2137 mutata
1059 2101 1209 2138 interim
1244 2101 1366 2151 priore
1402 2114 1467 2138 sua
1494 2101 1705 2145 existentia,

198 2164 259 2199 sed
286 2163 458 2200 adiuncta
486 2163 557 2199 sibi
577 2163 816 2200 humanitatis
836 2168 983 2201 nostrae
1004 2169 1148 2210 natura,
1166 2164 1204 2201 in
1225 2178 1295 2215 qua
1316 2165 1388 2202 sibi
1408 2166 1705 2209 tabernaculum,

200 2232 238 2263 ut
275 2227 361 2269 dixi,
397 2227 619 2264 constituere
647 2227 805 2265 volebat.
859 2227 1013 2264 Carnem
1049 2241 1134 2265 vero
1160 2233 1283 2266 totum
1310 2229 1499 2266 hominem
1523 2229 1703 2278 intelligi·

199 2302 278 2326 mus
303 2303 408 2327 carne
435 2291 541 2327 simul
569 2304 611 2327 ac
638 2291 768 2341 spiritu
797 2296 1044 2338 constante1n;
1073 2306 1191 2343 neque
1217 2294 1316 2331 enim
1343 2295 1497 2332 verbum
1523 2294 1703 2332 exanimis

201 2366 281 2388 caro
310 2354 444 2389 factum
473 2358 548 2398 cst;
575 2358 610 2390 et
646 2353 878 2403 perspicuum
904 2359 958 2392 est
986 2356 1165 2394 Ioannem
1193 2357 1237 2395 de
1264 2358 1424 2395 hominis
1453 2371 1562 2396 carne
1588 2358 1704 2408 loqui,

199 2417 266 2452 sul)
295 2416 395 2452 cuius
422 2417 558 2465 alioqui
586 2418 733 2454 nomine
759 2418 939 2467 scriptura
966 2419 1074 2457 nobis
1099 2425 1221 2457 totum
1249 2435 1336 2459 sane
1363 2422 1550 2460 hominem
1575 2422 1703 2460 infini-

199 2480 246 2516 tis
283 2481 371 2516 loeis
408 2481 588 2529 designat,
624 2494 668 2517 nc
703 2482 791 2531 quid
820 2482 879 2518 hic
906 2483 974 2520 tibi
1000 2489 1143 2534 praeter
1171 2486 1373 2537 scripturae
1400 2500 1508 2524 usum
1534 2488 1704 2525 attulisse

199 2544 349 2580 omnino
378 2544 574 2582 videamur.
629 2547 752 2595 Atque
777 2546 829 2583 ita
856 2547 1002 2584 demum
1030 2549 1139 2586 verba
1168 2550 1257 2588 haec
1283 2551 1437 2589 Ioannis
1462 2552 1702 2602 exponimus:

199 2607 361 2643 Verbum
408 2621 489 2644 caro
536 2609 672 2645 sactum
717 2614 785 2653 est,
819 2614 854 2647 et
890 2611 938 2658 (F
966 2611 1043 2658 iiil’)
1080 2612 1262 2651 habitavit
1296 2615 1335 2652 in
1370 2615 1492 2659 nobis,
1529 2616 1599 2653 hoc
1625 2620 1701 2654 est:

198 2673 354 2713 ret-bum,
390 2671 487 2720 quod
516 2671 622 2707 initio
652 2671 750 2709 Deus
779 2673 958 2712 duntaxat
986 2680 1076 2720 erat,
1100 2679 1248 2725 factum
1276 2686 1338 2724 est,
1366 2679 1486 2729 coepit
1512 2679 1625 2717 etiam
1651 2679 1702 2717 si·

198 2732 271 2768 mul
317 2745 394 2769 esse
448 2746 551 2777 caro,
595 2733 717 2779 homo,
760 2742 792 2772 et
827 2737 1015 2781 habitavit.
1060 2738 1289 2777 domicilium
1325 2739 1397 2777 sibi
1434 2741 1629 2779 constituit
1665 2743 1703 2778 in

198 2798 309 2840 nubis,
336 2797 373 2833 in
403 2810 509 2835 carue
538 2802 674 2843 nostra,
701 2813 764 2849 per
790 2800 889 2837 illius
915 2801 1249 2852 participationem,
1275 2804 1587 2854 quemadmodum
1606 2806 1701 2844 Pau-

194 2860 249 2897 lus
278 2861 394 2900 docet.
423 2862 531 2900 Hanc
558 2867 679 2901 autem
706 2864 1044 2915 interpretationem
1073 2867 1155 2906 ideo
1183 2868 1287 2919 sequi
1312 2870 1509 2916 malumus,
1536 2870 1636 2922 quod
1657 2884 1701 2908 ex
