1818 3178
175 114 230 143 XX
818 110 1057 141 PRAEFATIO·

180 235 232 262 ne
276 217 423 260 titulus
463 215 633 272 quidem
663 213 978 272 substrepuerat
1010 215 1060 258 ad
1089 214 1204 258 hunc
1233 231 1367 273 usque
1398 216 1520 261 diem.
1551 217 1697 270 Quod-

175 292 211 333 si
254 290 386 347 igitur
431 289 534 331 haec
580 287 720 329 omnia
758 287 1005 330 intemerata
1047 303 1072 330 a
1103 289 1237 345 capite
1266 289 1317 331 ad
1349 289 1506 332 calcem
1538 291 1580 332 in
1614 290 1697 333 edi-

173 362 287 403 tione
327 376 433 411 mea,
476 360 563 401 sine
594 357 760 401 delectu
792 359 1022 416 promenda
1059 368 1190 412 erant,
1234 362 1400 403 nonnisi
1430 368 1512 404 tam
1544 362 1698 418 exigua

174 431 413 474 libellorum
459 446 558 487 pars
603 430 803 473 destillari
852 430 1163 487 quodammodo
1202 433 1381 489 sugique
1426 440 1466 475 et
1520 433 1698 490 exprimi

173 503 384 560 potuisset,
416 508 462 544 ut
493 507 662 544 centum
695 502 763 544 vix
793 502 972 559 pagellis
1002 509 1276 546 extenuatum
1306 504 1447 546 fuisset
1468 510 1697 559 utrumque

170 575 380 617 volumen.
442 573 670 616 Restabant
715 573 911 630 epistolae
956 574 1098 630 ipsius,
1131 573 1284 630 quibus
1314 590 1363 617 eo
1394 574 1557 617 facilius
1586 574 1697 617 bona

169 653 289 703 parte
329 644 601 701 supersedere
642 660 709 686 me
749 660 868 701 posse
916 646 1051 701 primo
1084 644 1233 688 obtutu
1263 646 1477 702 opinabar,
1511 662 1594 703 quo
1624 647 1697 688 tri-

171 719 253 761 tius
298 719 348 760 sit
389 716 600 760 GERDESH
641 718 918 774 antiquarium
963 718 1168 768 scrinium,
1213 717 1284 759 ubi
1314 718 1408 760 data
1441 733 1569 774 opera
1601 732 1695 760 con·

172 791 417 849 quisitarum
454 789 640 846 undique
679 790 832 832 harum
863 789 1071 847 syllabum
1103 791 1282 832 inseruit
1303 790 1531 833 indefessus
1546 790 1617 833 ille
1634 805 1696 832 re-

171 863 431 907 formationis
466 862 661 905 historiae
692 861 946 918 explorator.
1000 862 1082 904 Ast
1112 877 1301 919 gnavum
1335 862 1576 918 operarium
1609 876 1692 904 non

169 938 315 993 utique
345 934 541 978 subtilem
574 942 764 977 veterum
795 950 882 976 esse
913 934 1090 976 iudicem
1124 935 1164 977 in
1198 935 1286 977 eius
1309 949 1476 991 quoque
1497 933 1692 990 exemplo

170 1010 343 1066 egregie
374 1008 573 1051 cernitur.
608 1030 629 1056 ῃ
644 1005 879 1051 studiosior
911 1022 1039 1063 quam
1069 1006 1354 1064 ingeniosior”
1385 1006 1435 1049 de
1456 1022 1506 1049 eo
1527 1021 1695 1063 quoque

169 1081 293 1124 valet.
342 1079 470 1123 Caret
515 1095 562 1121 ea
605 1078 833 1121 Gerdesius
861 1085 1014 1135 arguta
1045 1080 1270 1136 sagacitate
1300 1086 1340 1121 et
1371 1078 1585 1120 divinandi
1616 1077 1693 1120 sol-

170 1153 291 1196 lertia
322 1168 405 1209 qua
435 1151 589 1208 ubique
621 1151 812 1194 locorum
844 1151 1015 1193 vetustis
1045 1151 1324 1193 membraneis
1356 1149 1692 1193 succurrendum

171 1230 244 1267 est.
306 1222 454 1267 Obiter
484 1238 580 1265 cum
613 1238 713 1279 pace
746 1230 817 1265 tua
847 1238 980 1264 unum
1015 1222 1127 1279 quod
1157 1212 1337 1280 pagellis
1367 1223 1451 1265 suis
1482 1221 1592 1264 dedit
1623 1237 1693 1264 ex·

169 1296 332 1354 emplar
373 1311 686 1353 percurramus,
733 1302 774 1337 et
820 1296 1030 1337 immerito
1060 1311 1127 1338 me
1158 1295 1304 1352 magni
1336 1295 1414 1338 viri
1447 1295 1693 1338 memoriam

170 1369 384 1426 carpsisse,
416 1369 573 1411 nemini
603 1368 739 1410 veniet
769 1368 811 1409 in
843 1373 1040 1411 mentem.

229 1441 281 1483 In
313 1441 464 1483 Scriniz'
494 1441 558 1482 sui
588 1439 811 1482 voluminis
842 1440 951 1481 tertii
972 1446 1091 1496 parte
1112 1439 1265 1496 prima,
1288 1454 1330 1495 p.
1355 1439 1437 1481 119
1460 1445 1500 1481 ct
1521 1453 1693 1494 sequen·

173 1513 298 1567 tibus,
329 1514 541 1570 copiosam
562 1514 657 1555 satis
679 1520 719 1555 et
739 1512 944 1569 prolixam
966 1511 1094 1555 Lasci
1116 1527 1211 1555 cum
1235 1511 1389 1554 lectore
1411 1511 1692 1554 communicat

171 1584 406 1643 epistolam,
439 1600 566 1641 quam
596 1584 805 1627 Balicziae
836 1583 875 1625 d.
911 1585 963 1626 28
996 1584 1098 1627 Dec.
1132 1594 1190 1626 a0.
1225 1583 1335 1626 1556
1369 1583 1420 1625 ad
1452 1581 1690 1640 Sigismun-

171 1658 286 1710 dum,
318 1657 520 1701 Poloniae
552 1672 712 1713 regem,
744 1655 854 1698 dedit
884 1663 1025 1698 noster
1060 1655 1184 1714 (Leg.
1217 1655 1281 1698 ed.
1316 1661 1446 1699 nostr.
1479 1653 1540 1704 II,
1575 1654 1691 1711 738).

172 1731 447 1773 Desumserat
476 1745 565 1772 eam
600 1727 829 1771 Gerdesius
859 1743 910 1770 ex
939 1728 1239 1784 pretiosissimo
1278 1733 1320 1769 et
1358 1742 1532 1783 perraro
1563 1725 1690 1770 Saum.

171 1802 449 1845 LUBOENIECII
480 1800 635 1851 libello,
666 1801 778 1843 Hist.
809 1801 915 1856 Res.
937 1801 1029 1844 Pol.
1051 1806 1262 1842 narrante.
1293 1798 1346 1841 In
1370 1799 1477 1841 libro
1494 1799 1581 1840 eius
1601 1813 1695 1855 ope-

171 1875 229 1917 ris
258 1874 319 1918 II.
352 1889 387 1917 c.
419 1873 500 1916 IV.
559 1888 601 1930 p.
636 1874 688 1916 79
721 1872 894 1915 eandem
927 1887 1099 1928 prorsus
1130 1870 1347 1928 epistolam
1381 1877 1596 1913 exaratam
1628 1885 1692 1913 re-

173 1947 329 2003 peries:
361 1944 517 1988 videbis
546 1945 672 1986 etiam
703 1943 964 1999 descripsisse
995 1959 1087 1986 eam
1117 1943 1436 1986 Lubieniecium
1471 1943 1692 1986 eBUDZIN.

177 2022 317 2063 Chron.
349 2034 384 2063 c.
429 2019 496 2069 16,
528 2024 568 2059 et
599 2015 772 2059 hilarem
806 2022 1022 2072 praeterea
1055 2014 1311 2057 historiolam
1343 2014 1469 2056 huius
1497 2013 1693 2070 epistolae

171 2092 214 2134 in
246 2091 422 2134 transitu
453 2088 714 2145 adspersisse.
749 2085 878 2136 JsImo
898 2087 1005 2129 forte
1027 2086 1226 2129 fortuna³²
1247 2087 1306 2129 sic
1322 2092 1466 2129 narrat
1499 2107 1520 2132 ῃ
1535 2084 1696 2127 litterae

178 2186 198 2213 ῃ
215 2163 292 2205 hae
338 2178 361 2205 a
403 2161 522 2217 Rege
563 2160 605 2202 in
638 2174 807 2201 scamno
838 2159 1007 2215 positae,
1041 2173 1137 2202 cum
1170 2158 1213 2200 in
1245 2166 1404 2200 terram
1434 2156 1695 2207 decidissent,

179 2258 201 2284 n
225 2251 248 2278 a
289 2250 392 2277 cane
431 2233 549 2290 regio
591 2232 812 2284 laceratae,
852 2246 874 2273 a
905 2230 1097 2274 Fabiano
1128 2229 1311 2273 cubiculi
1343 2230 1469 2287 Regii
1500 2228 1696 2272 familiari

177 2331 199 2357 η
223 2307 317 2350 cani
360 2313 530 2363 ereptae
560 2312 600 2347 et
629 2304 814 2347 collectis
859 2303 1000 2345 frustis
1041 2303 1261 2361 Myscovio
1291 2302 1485 2353 traditae,
1519 2317 1542 2344 a
1574 2300 1692 2343 mini-

178 2401 200 2427 η
224 2387 310 2422 stro
354 2378 442 2420 eius
486 2375 694 2419 Budzinio
724 2382 818 2432 apte
851 2375 1163 2431 conglutinatae
1195 2382 1235 2417 et
1265 2374 1498 2430 descriptae
1529 2371 1693 2416 fuere.”

174 2451 460 2495 Praemonere
505 2449 607 2492 haec
647 2457 687 2489 et
717 2447 902 2490 anm.
937 2454 977 2489 et
1007 2445 1211 2499 GERDES„
1244 2453 1293 2488 ut
1323 2445 1482 2502 opinor,
1514 2445 1597 2486 iam
1631 2443 1697 2485 de-

176 2524 373 2575 buissent,
407 2536 610 2579 perquam
640 2519 940 2575 circumspecte
971 2519 1012 2560 in
1044 2518 1121 2561 hac
1153 2517 1325 2575 epistola
1357 2515 1516 2559 edenda
1547 2515 1689 2572 explo-

177 2595 357 2639 randum
402 2609 501 2646 esse,
535 2608 587 2635 an
619 2591 725 2633 forte
757 2591 798 2632 in
831 2590 1063 2633 frustorum
1094 2587 1451 2646 conglutinatione
1487 2586 1691 2643 quaedam

173 2668 438 2711 evanuissent
454 2665 631 2716 litterae,
651 2666 735 2706 sive
753 2664 821 2706 hic
837 2662 922 2705 illic
939 2662 1114 2705 lacunae
1128 2668 1361 2719 superesset
1375 2659 1607 2716 vestigium,
1626 2658 1693 2701 cui

175 2739 364 2783 nondum
383 2738 478 2781 satis
500 2737 656 2780 mederi
673 2736 874 2792 potuisset
897 2735 1140 2777 Budzinius.
1163 2734 1274 2790 Age,
1293 2731 1392 2789 quid
1409 2731 1450 2773 in
1475 2730 1552 2773 hac
1574 2736 1693 2786 parte

177 2812 407 2855 Gerdesius
434 2810 701 2868 praestiterit,
733 2808 877 2866 paucis
908 2807 1218 2864 expendamus!
1262 2805 1312 2847 In
1335 2804 1473 2861 priore
1496 2801 1694 2860 epistolae

179 2890 298 2945 parte
328 2882 430 2927 haec
458 2881 621 2940 legerat
650 2881 689 2924 in
723 2880 907 2925 LUmEN.
941 2879 1039 2922 edit.
1070 2893 1110 2936 p.
1144 2879 1220 2920 51:
1258 2900 1278 2927 ῃ
1304 2874 1463 2933 Scripsi
1493 2889 1573 2933 ego
1603 2874 1689 2931 ipse
