1818 3178
164 103 237 139 524
812 111 872 141 ΕΡ.
902 113 1047 144 noca-a.

160 212 298 250 renatis
336 212 465 250 haberi
493 212 782 263 haudquaquam
811 213 940 259 velint,
967 213 1181 264 quicunque
1207 215 1255 253 ab
1282 216 1374 268 ipsis
1403 216 1584 268 baptizari
1614 230 1684 255 no·

159 277 253 320 lunt,
290 291 336 314 an
374 290 450 314 non
489 276 570 327 ipsa
597 276 760 327 Spiritus
788 281 824 314 et
851 277 957 315 verbi
985 277 1103 316 divini
1133 278 1180 316 ad
1207 279 1435 331 baptismum
1465 294 1575 319 suum
1602 282 1687 320 alli·

158 341 311 390 gatione
337 340 481 378 idolum
507 340 707 379 manifeste
734 354 779 379 ex
808 345 1042 379 sacramento
1066 342 1240 381 faciunt?
1277 345 1373 383 Sane
1401 345 1578 383 omnibus
1606 346 1687 383 ido-

157 405 204 443 lis
241 418 376 443 nomen
414 405 585 443 divinum
620 406 858 457 praetexitur.
912 405 1075 444 Proinde
1112 419 1196 444 cum
1232 413 1268 446 et
1316 409 1477 460 Spiritus
1513 416 1549 448 et
1584 410 1686 448 verbi

157 469 277 506 divini
313 469 569 518 alligationem
607 469 793 520 baptismo
831 483 899 507 suo
926 474 1150 521 praetexunt
1177 474 1289 522 atque
1315 472 1360 510 ad
1388 473 1494 511 illum
1521 474 1686 512 adstrin-

156 536 252 583 gunt
272 532 384 570 etiam
412 538 581 571 nostram
608 534 942 583 regenerationem,
979 548 1142 585 quonam
1169 540 1279 586 pacto
1307 549 1391 574 eum
1418 550 1437 574 a
1464 538 1684 587 gravissima

155 596 394 634 idololatriae
427 597 641 647 suspicione
677 597 920 636 liberabunt?
975 599 1073 636 Sane
1108 599 1172 649 qui
1199 603 1306 637 antea
1335 600 1476 638 tinctos
1502 602 1637 651 retingi
1665 616 1686 640 a

157 677 194 701 se
222 676 369 701 rursum
389 668 560 714 oportere
578 663 714 701 docent
741 668 791 710 et,
818 664 882 715 qui
908 664 947 702 id
968 677 1044 702 non
1073 664 1226 711 saciant,
1254 678 1321 716 pro
1349 665 1487 703 renatis
1515 680 1590 704 non
1618 667 1684 705 ha-

158 728 260 773 bent,
294 727 534 778 perspicuum
572 732 628 766 est
664 741 729 766 eos
756 728 877 766 nostri
905 728 1225 777 regenerationem
1254 729 1300 767 ad
1331 743 1439 768 suum
1465 730 1573 767 illum
1601 748 1684 772 νεκ-

157 796 442 843 νιοβαπτισμόν
488 792 656 842 alligare,
701 806 913 844 novumque
960 807 1004 831 ex
1049 793 1114 831 illo
1162 794 1326 832 salutare
1374 794 1517 832 idolum
1555 795 1685 834 facere.

156 862 213 896 Ac
242 857 286 895 de
313 857 598 906 regeneratione
623 861 765 908 postea,
793 870 894 895 nunc
922 858 1013 895 satis
1042 862 1097 895 est
1124 857 1346 902 ostendisse,
1374 871 1450 895 non
1475 859 1597 896 solum
1617 872 1685 897 nos

157 921 265 972 culpa
293 920 396 958 omni
423 920 663 959 idololatriae
691 935 833 967 vacare,
860 935 972 973 quam
1001 922 1112 960 nobis
1139 922 1347 973 impingere
1373 923 1576 962 adversarii
1603 937 1683 962 mo-

155 985 213 1023 dis
241 985 417 1023 omnibus
445 990 642 1033 conantur,
671 985 734 1024 sed
763 1000 825 1024 eos
852 986 1031 1037 ipsosmet
1058 987 1106 1024 ab
1133 987 1347 1025 idololatria
1375 1001 1413 1026 se
1430 988 1588 1027 liberare
1608 1003 1683 1027 non

156 1063 279 1101 posse,
306 1050 411 1088 cuius
438 1050 676 1102 potissimum
704 1051 856 1089 nomine
884 1064 953 1089 nos
981 1064 1082 1089 omes
1111 1051 1366 1092 adversantur.

207 1115 329 1153 Venio
365 1129 467 1153 nunc
495 1116 542 1153 ad
570 1117 750 1154 tuendum
780 1116 1134 1168 Paedobaptismum
1161 1121 1331 1156 nostrum
1360 1132 1405 1156 ex
1434 1118 1538 1156 verbi
1566 1118 1684 1156 divini

154 1180 393 1227 testimoniis,
430 1181 569 1231 quibus
603 1181 661 1218 illi
696 1194 766 1218 nos
805 1194 928 1219 carere
955 1194 1121 1233 prorsus.
1149 1196 1187 1220 se
1215 1196 1302 1220 vero
1331 1187 1431 1220 totos
1459 1182 1573 1221 inniti
1598 1184 1682 1232 glo-

155 1245 315 1283 riantur.
354 1245 404 1282 Et
430 1245 482 1282 ita
509 1245 723 1293 gloriantur
751 1250 790 1283 ut
818 1245 856 1283 in
894 1246 1068 1284 universa
1097 1247 1280 1298 scriptura
1301 1252 1518 1285 constanter
1546 1251 1683 1296 negent

155 1310 214 1348 vel
243 1323 354 1347 unam
380 1308 545 1346 litteram
573 1313 730 1354 exstare,
757 1322 829 1359 qua
858 1309 1188 1360 paedobaptismus
1217 1314 1343 1347 noster
1370 1310 1569 1360 approbari
1596 1323 1682 1361 pos·

156 1373 216 1411 sit.
270 1373 378 1410 Prius
422 1376 545 1410 tamen
582 1373 715 1409 vellem
752 1372 824 1409 hoc
859 1373 953 1410 mihi
991 1373 1144 1410 interim
1180 1373 1461 1424 responderent,
1496 1386 1681 1424 quaenam

157 1438 247 1476 haec
282 1437 451 1488 ipsorum
487 1440 544 1474 est
581 1436 795 1475 Christiana
830 1437 1012 1474 modestia
1049 1442 1091 1474 ut
1128 1450 1211 1475 cum
1248 1437 1410 1475 sciamus
1437 1437 1578 1475 talenta.
1605 1450 1681 1475 non

154 1502 220 1540 uni
258 1501 329 1539 soli
367 1500 529 1551 cuipiam
565 1500 691 1538 omnia
729 1500 923 1546 committi,
960 1501 1022 1539 sed
1061 1501 1168 1539 alteri
1197 1501 1277 1538 dari
1304 1514 1435 1545 unum,
1462 1501 1570 1539 alteri
1599 1501 1686 1545 duo,

151 1567 259 1605 alteri
300 1579 387 1603 vero
424 1566 602 1616 quinque,
637 1565 694 1602 illi
729 1571 851 1603 tamen
890 1570 1029 1615 negent
1064 1565 1112 1603 ab
1148 1565 1232 1603 aliis
1266 1565 1419 1616 reperiri
1456 1566 1531 1603 ullo
1567 1566 1679 1604 modo
1710 1588 1717 1593 -

152 1645 272 1684 posse,
299 1644 395 1682 quae
421 1630 493 1682 ipsi
521 1643 598 1668 non
625 1630 870 1669 invenissent.
900 1631 1043 1668 Littera
1072 1636 1127 1668 est
1155 1630 1340 1681 quidquid
1367 1630 1443 1667 illis
1462 1631 1682 1668 adversatur

154 1697 324 1735 scilicet?
360 1700 397 1734 et
425 1695 494 1733 soli
522 1695 580 1732 illi
608 1695 750 1733 clavem
778 1695 957 1733 scientiae
984 1695 1034 1732 ita
1063 1694 1271 1746 possident,
1297 1700 1339 1732 ut
1367 1708 1461 1746 quae
1488 1694 1534 1732 ab
1564 1695 1682 1732 oculis

151 1762 319 1812 ipsorum
366 1760 589 1798 abscondita
624 1763 724 1803 sunt,
760 1760 824 1797 alii
862 1760 1037 1811 deinceps
1075 1760 1169 1798 nulli
1204 1760 1362 1798 revelari
1394 1760 1467 1797 iam
1505 1759 1679 1811 possint?

152 1824 337 1875 Equidem
366 1837 442 1861 non
469 1828 546 1861 tam
576 1823 740 1860 hominis
766 1823 880 1861 ullius
908 1822 1082 1861 affectum
1108 1823 1247 1861 intueri
1276 1822 1336 1860 hic
1364 1822 1551 1864 debemus.
1569 1836 1681 1874 quam

152 1903 230 1927 rem
258 1889 384 1940 potius
410 1889 530 1939 ipsam
556 1892 666 1939 atque
693 1888 786 1926 adeo
807 1888 970 1925 divinam
990 1887 1173 1939 imprimis
1193 1887 1465 1938 providentiam
1492 1892 1528 1925 et
1549 1889 1680 1926 volun·

153 1960 279 2000 tatem,
315 1967 409 2005 quae
444 1952 645 2004 unicuique
681 1952 851 2003 spiritum
890 1965 998 1990 suum
1024 1952 1069 1990 ad
1099 1965 1324 1996 mensuram,
1351 1964 1417 2002 pro
1445 1955 1487 1989 ut
1514 1951 1605 1998 vult,
1633 1951 1680 1989 ad

153 2021 313 2071 gloriam
342 2018 506 2057 nominis
535 2018 594 2056 sui
621 2017 750 2056 donat.
795 2017 922 2055 Facile
950 2021 1005 2055 est
1032 2016 1285 2054 intermiscere
1313 2017 1526 2066 frequenter
1555 2016 1680 2053 excla-

152 2085 418 2127 matiunculas,
455 2082 564 2121 facile
600 2082 787 2133 appellare
822 2082 957 2121 fratres
992 2082 1067 2119 iam
1098 2080 1411 2127 ‘'charissimos'',
1435 2080 1509 2117 iam
1541 2080 1682 2131 aspiri·

152 2149 312 2192 tuales'',
346 2148 421 2186 iam
461 2150 622 2185 anostra
659 2146 699 2183 in
736 2146 890 2183 domino
920 2145 1101 2190 viscera'',
1128 2145 1242 2183 facile
1270 2144 1393 2182 dicere
1423 2144 1576 2182 nvidete
1603 2145 1680 2182 fra-

152 2213 269 2261 tres'',
299 2230 316 2247 a
331 2216 455 2251 cavete
483 2212 615 2249 fratres
627 2211 650 2228 ”
678 2216 713 2249 et
739 2210 776 2248 id
814 2224 934 2259 genus
961 2210 1092 2254 multa,
1120 2210 1182 2247 sed
1211 2209 1412 2261 plurimum
1439 2209 1605 2254 interest,
1633 2223 1680 2248 an

155 2281 246 2318 haec
280 2277 499 2317 insinuandi
535 2290 605 2315 nos
641 2276 680 2314 in
715 2276 897 2314 lectorum
934 2275 1232 2313 benevolentiam
1270 2279 1381 2325 atque
1416 2274 1510 2313 alios
1547 2275 1679 2325 degra-

154 2343 267 2382 vandi
295 2343 422 2380 animo
450 2346 530 2379 arte
548 2340 710 2392 quadam
741 2341 921 2385 dicamus,
949 2354 996 2378 an
1024 2353 1111 2378 vero
1140 2340 1186 2377 ad
1214 2339 1357 2378 Christi
1384 2340 1500 2378 solius
1519 2341 1678 2390 gloriam

152 2407 415 2458 Ecclesiaeque
452 2405 763 2444 aedificationem.
818 2407 875 2443 Ac
903 2418 973 2442 nos
1011 2404 1162 2456 quidem
1198 2404 1243 2442 de
1272 2409 1400 2442 nostro
1428 2417 1515 2454 erga
1545 2404 1676 2442 Eccle-

152 2472 245 2511 siam
282 2470 423 2509 Christi
459 2470 584 2508 animo
612 2469 708 2507 nihil
735 2469 875 2507 iactare
901 2469 1087 2513 volumus,
1123 2468 1213 2519 quin
1242 2481 1312 2506 nos
1339 2468 1464 2519 potius
1491 2469 1607 2506 multa
1636 2468 1676 2506 in

152 2536 264 2575 nobis
299 2535 391 2586 ipsis
428 2535 637 2573 desiderare
673 2535 848 2580 fatemur,
882 2533 946 2572 sed
984 2533 1084 2571 Deus
1110 2533 1279 2577 interim,
1306 2532 1372 2583 qui
1400 2545 1475 2570 non
1503 2531 1678 2570 irridetur

152 2600 184 2638 is
212 2599 319 2637 novit
347 2598 457 2635 corda
494 2603 666 2636 nostrum
702 2599 871 2635 omnium
909 2602 945 2635 et
982 2611 1069 2635 sane
1105 2597 1320 2635 istiusmodi
1357 2602 1674 2648 παρκγγέλμεισι

153 2664 338 2703 neminem
375 2667 534 2713 captare,
570 2664 690 2701 multo
725 2664 851 2700 minus
886 2667 1007 2701 autem
1045 2662 1230 2700 fascinare
1267 2662 1452 2706 volumus,
1489 2660 1551 2698 sed
1579 2661 1672 2698 illud

153 2728 281 2780 paucis
317 2733 505 2776 rogamus,
531 2731 585 2772 ut,
611 2726 745 2777 positis
774 2726 967 2764 affectibus
995 2726 1171 2764 omnibus
1197 2725 1496 2764 testimoniorum
1525 2729 1676 2762 nostro·

153 2806 237 2831 rum
274 2796 311 2830 et
345 2794 650 2841 argumentorum
686 2791 775 2829 inde
811 2791 1055 2829 deductorum
1081 2790 1229 2842 pondus
1258 2790 1412 2840 quisque
1440 2802 1565 2827 secum
1592 2803 1675 2840 per·

153 2856 293 2910 pendat
328 2860 438 2907 atque
472 2855 512 2894 in
548 2855 594 2893 iis
629 2855 813 2894 librandis
850 2860 1026 2906 sequatur
1061 2855 1294 2906 potissimum
1341 2853 1427 2891 fidei
1463 2853 1674 2904 analogiam
