1818 3178
130 89 202 124 286

128 210 311 236 consensu
346 204 522 250 receptae,
555 205 597 238 ut
631 201 730 239 edita
767 202 935 250 habetur,
971 209 1007 243 et
1044 207 1317 257 comprobatae.
1381 210 1441 247 Ita
1477 210 1648 250 videlicet

126 275 195 310 ego
231 264 407 301 victoriae
443 277 545 314 spem
580 278 720 315 repono
756 267 795 304 in
831 267 1003 319 Philippo
1046 271 1164 308 aliove
1191 286 1412 325 quocunque
1440 276 1518 324 ejus
1548 276 1647 314 Con-

125 327 298 364 fessionis
334 328 410 365 sive
445 332 585 371 autore,
622 329 698 367 sive
734 330 947 382 interprete,
982 334 1058 371 sive
1085 340 1256 385 patrono.
1312 338 1385 375 Sed
1413 352 1581 377 evomere
1607 341 1648 379 in

124 403 192 427 nos
236 392 400 441 oportuit
436 391 706 442 Westphalum,
743 408 837 445 quae
873 401 1061 435 commota
1097 401 1210 437 semel
1244 403 1340 439 tanti
1375 403 1553 451 Pro-(fol.
1582 407 1648 453 25)

122 455 254 505 phetae
293 456 375 492 bilis
414 469 490 494 non
525 462 669 507 poterat
706 461 907 508 continere,
935 463 1079 500 etiamsi
1107 465 1231 502 omnia
1260 467 1331 504 sibi
1359 481 1506 506 rursum
1532 469 1646 506 relin-

123 519 267 568 quenda
294 520 594 573 resorbendaque
621 524 711 561 adeo
740 538 819 563 esse
846 540 922 564 non
950 527 1151 575 ignoraret.
1190 531 1426 570 Tantundem
1447 547 1531 571 vero
1551 548 1646 585 pon—

123 582 219 619 deris
255 582 377 629 habet,
413 584 512 634 quod
551 586 595 623 de
623 587 837 638 Scripturae
865 594 900 626 et
929 590 1123 628 hominum
1150 595 1348 632 autoritate
1374 597 1490 635 addit.
1546 598 1646 635 Con-

121 646 300 684 troversia
336 652 390 686 est
419 662 495 686 non
523 651 567 687 de
595 652 798 702 Scripturis
827 654 897 691 hoc
923 655 1019 699 loeo,
1048 657 1110 694 sed
1141 656 1185 695 de
1213 659 1434 708 Augustana
1462 662 1645 700 duntaxat

122 711 375 750 confessione.
431 714 523 751 Cum
552 715 666 764 igitur
693 717 850 767 suffugia
879 726 1058 769 quaerant
1086 720 1300 767 adversarii,
1328 728 1367 761 ut
1396 739 1463 763 nos
1492 727 1538 763 ab
1566 727 1646 777 ipsa

120 775 365 814 Confessione
401 783 574 817 revocent
610 780 654 817 ad
694 781 819 819 nescio
847 796 939 832 quos
966 784 1065 821 illius
1094 790 1252 831 autores,
1281 801 1434 838 nosque,
1462 790 1561 839 quod
1589 804 1646 829 res

119 844 185 885 est,
213 840 391 886 dicamus,
416 855 532 880 unum
562 843 743 883 duntaxat
772 846 882 884 nobis
911 861 990 885 esse
1018 854 1161 895 notum,
1188 864 1298 901 quem
1324 853 1464 904 alioqui
1483 867 1557 892 non
1574 868 1644 905 pu-

117 908 280 942 taremus
315 905 353 943 in
391 907 456 944 tali
489 909 707 958 praesertim
742 911 878 961 scripto
915 912 1016 950 aliud
1053 928 1164 964 quam
1202 917 1358 954 senserit
1385 918 1545 956 scribere
1579 933 1645 956 vo-

117 970 240 1013 luisse,
267 970 508 1009 Aristarchus
536 986 620 1011 ecce
650 979 773 1013 noster
800 989 819 1013 a
849 977 1053 1028 scripturae
1082 993 1150 1017 nos
1177 981 1378 1019 autoritate
1406 983 1452 1019 ad
1481 983 1644 1022 humana

116 1034 299 1083 praesidia
334 1048 521 1074 recurrere
557 1038 680 1087 fingit,
715 1045 751 1077 et
788 1041 896 1078 furiis
934 1042 1010 1079 suis
1045 1043 1208 1092 agitatus
1245 1046 1366 1083 facere
1402 1061 1477 1085 non
1512 1053 1649 1098 potest,

116 1099 207 1148 quin
237 1099 432 1137 calumniis
461 1101 536 1138 suis
563 1107 749 1152 pervertat
777 1106 914 1150 omnia,
941 1120 1184 1158 quaecunque
1212 1122 1231 1146 a
1261 1109 1371 1147 nobis
1399 1111 1434 1148 in
1467 1113 1644 1151 utramvis

113 1167 255 1213 partem
283 1177 506 1215 quocunque
532 1167 642 1204 etiam
670 1168 782 1206 modo
811 1169 999 1210 dicuntur.

113 1228 245 1267 Ioan.
275 1228 297 1266 a,
325 1228 489 1268 Lasco.
1079 1238 1138 1276 14.

143 1293 250 1330 Quae
261 1293 308 1330 sit
320 1293 530 1345 Westphali
943 1299 1047 1338 Wes
1061 1301 1138 1352 tph
1152 1302 1195 1339 al
1209 1316 1228 1339 u
1241 1316 1270 1342 s.

111 1356 340 1407 simplicitas,
358 1358 427 1395 etsi
445 1358 520 1395 iam
627 1359 773 1398 Credita
782 1376 822 1399 ns
864 1376 953 1401 sane
999 1372 1030 1402 et
1075 1379 1141 1403 nos
1187 1369 1413 1416 simpliciter,
1461 1373 1641 1409 meliorem

109 1420 523 1471 aliundeplussatisno·
577 1438 654 1462 esse
698 1439 823 1471 unum,
871 1441 982 1476 quam
1021 1431 1086 1478 qui
1119 1431 1227 1467 aliud
1261 1435 1496 1472 occultaverit
1532 1439 1640 1473 multo

108 1488 147 1522 ta
175 1485 223 1522 sit
251 1485 321 1536 piis
339 1484 525 1533 omnibus,
577 1495 747 1538 tempore,
784 1493 890 1528 aliud
910 1506 1007 1540 prae
1035 1507 1072 1530 se
1099 1497 1229 1541 tulerit,
1256 1503 1288 1533 et
1318 1510 1387 1533 non
1415 1499 1639 1548 Principum

108 1552 233 1586 tamen
259 1549 320 1586 hic
341 1563 436 1587 unus
453 1551 523 1588 Pa·
577 1566 623 1590 ac
663 1554 933 1603 Theoloyorum
975 1558 1252 1596 schlam-entiam
1290 1575 1312 1597 a
1356 1563 1527 1610 cloqmate
1564 1565 1639 1602 Sa-

108 1614 316 1664 ragraplius
342 1615 451 1653 facile
477 1616 524 1653 il-
577 1621 839 1664 cramentarz‘o,
876 1623 942 1658 sed
979 1621 1116 1672 Ginqlii
1141 1637 1303 1662 errorem
1332 1627 1526 1665 inseruerit
1552 1641 1638 1666 con·

109 1678 184 1715 lam
198 1679 307 1716 etiam
326 1679 522 1719 indicabit.
565 1685 740 1730 sessioni,
769 1686 820 1721 ila
850 1687 1005 1735 denique
1033 1700 1071 1724 se
1100 1692 1410 1737 attemperaverit,
1438 1700 1477 1729 uc
1503 1699 1535 1730 et
1553 1694 1637 1730 Pa·

112 1742 290 1780 Quaestio
328 1747 394 1788 est,
438 1757 528 1781 num
578 1748 699 1794 pistas
727 1754 759 1785 et
786 1750 1042 1788 Protestanles
1071 1753 1231 1790 eluderet
1257 1755 1441 1804 ambz'ym‘s
1468 1758 1599 1796 verbis.

109 1811 217 1844 autor
268 1807 523 1846 Confessionis

108 1871 208 1909 aliud
218 1872 417 1923 scripserit,
425 1886 535 1923 quam

110 1936 238 1982 sensit,
281 1936 320 1974 in
363 1937 443 1988 ipsa
481 1939 736 1979 confessione.
802 1941 876 1979 Hic
921 1942 1048 1992 igitur,
1086 1944 1173 1983 dum
1209 1959 1279 1984 nos
1313 1947 1408 1985 nihil
1445 1948 1554 1987 huius
1590 1951 1635 1989 de

109 2004 237 2039 autore
270 2001 473 2052 suspi-(fol.
511 2004 654 2052 26)cari
690 2018 799 2055 posse
837 2006 1006 2053 dicimus,
1034 2012 1070 2057 et
1097 2008 1336 2060 Westphalus
1363 2016 1535 2051 nostrum
1563 2015 1634 2052 hoc

107 2065 286 2103 iudicium
321 2080 467 2118 unaque
502 2072 538 2105 et
573 2073 740 2108 autorem
778 2070 900 2121 ipsum
929 2086 1019 2110 naso
1049 2087 1115 2112 suo
1143 2074 1289 2113 adunco
1319 2078 1522 2128 suspendit,
1551 2093 1632 2117 cor-

106 2130 226 2177 rigere
252 2131 291 2169 id
318 2131 404 2178 iam,
433 2133 464 2170 si
492 2133 576 2171 Diis
605 2135 738 2185 placet,
765 2140 800 2173 et
828 2137 959 2175 melius
988 2138 1031 2176 de
1058 2144 1187 2178 autore
1214 2140 1293 2192 ipso
1324 2143 1460 2181 sentire
1487 2157 1525 2182 se
1544 2158 1631 2195 pro-

107 2196 243 2234 fitetur.
299 2197 370 2234 Sed
408 2197 479 2234 hoe
517 2201 622 2236 tanta
660 2200 896 2251 simplicitate
931 2203 1033 2249 facit,
1068 2207 1110 2241 ut
1146 2218 1230 2243 eum
1267 2210 1302 2244 et
1338 2206 1570 2258 hypocritam
1597 2215 1633 2248 et

107 2260 288 2309 perfidum
316 2260 407 2298 adeo
437 2261 678 2312 impostorem
708 2265 859 2315 oblique
887 2267 1006 2305 facere
1035 2272 1201 2308 conetur.
1239 2269 1404 2308 Primum
1433 2272 1532 2309 enim
1558 2274 1630 2311 fin·

105 2323 174 2372 git,
206 2323 329 2374 ipsum
363 2338 383 2362 a
420 2326 495 2364 suis
523 2327 613 2365 alias
640 2329 810 2378 partibus
838 2331 963 2377 fuisse,
992 2337 1030 2370 ut
1056 2333 1113 2370 illi
1141 2333 1380 2385 hypocriseos
1409 2337 1630 2375 calumniam

105 2387 288 2433 intendat,
325 2391 431 2439 quasi
467 2392 569 2429 aliud
606 2407 694 2443 prae
730 2408 768 2432 se
803 2395 944 2441 tulerit,
971 2397 1073 2435 aliud
1101 2412 1187 2436 vero
1216 2400 1333 2437 multo
1363 2400 1438 2437 iam
1464 2405 1629 2452 tempore

106 2453 315 2499 occultarit‚
351 2453 422 2491 nisi
459 2460 494 2492 et
528 2470 629 2494 nunc
666 2458 904 2509 Westphalus
933 2462 1176 2510 syncretismo
1207 2463 1430 2503 subscribat.
1483 2464 1628 2504 Deinde

104 2517 318 2568 Principum
355 2531 398 2555 ac
436 2520 713 2570 Theologorum
752 2525 970 2563 sententiam
1008 2526 1047 2564 in
1084 2541 1123 2565 re
1157 2529 1451 2566 sacramentaria
1477 2530 1529 2568 ita
1556 2532 1626 2570 ob-

105 2580 237 2627 tendit,
264 2581 369 2631 quasi
393 2582 471 2630 jam
499 2585 661 2629 evicerit,
689 2591 724 2624 et
749 2588 935 2639 principes
963 2589 1064 2640 ipsos
1093 2591 1156 2641 qui
1185 2592 1287 2630 Caes.
1319 2592 1506 2641 Majestati
1526 2595 1625 2633 Con-

103 2645 300 2682 fessionem
339 2646 599 2692 exhibuerunt,
635 2650 771 2700 quique
807 2665 844 2689 se
881 2653 954 2691 illis
994 2659 1123 2704 postea
1156 2655 1268 2693 etiam
1301 2656 1562 2705 adjunxerunt,
1591 2664 1626 2697 et

104 2711 317 2759 Theologos
355 2711 512 2761 denique
552 2725 692 2760 omnes,
727 2716 791 2766 qui
823 2721 903 2755 tum
937 2719 1102 2765 aderant,
1131 2721 1251 2758 autori
1276 2720 1347 2771 ipsi
1374 2721 1412 2759 in
1441 2735 1482 2760 os
1510 2724 1625 2762 veluti

101 2787 360 2825 praemansum
389 2776 576 2825 quoddam
603 2777 803 2826 ingessisse
831 2782 968 2829 omnia,
996 2797 1090 2834 quae
1116 2784 1155 2822 in
1183 2785 1263 2835 ipsa
1293 2786 1537 2825 Confessione
1557 2788 1622 2826 ha-

102 2839 248 2887 bentur,
285 2843 335 2887 ut,
371 2840 402 2878 si
438 2840 528 2890 quid
564 2841 602 2879 in
629 2841 692 2880 illa
720 2848 863 2894 praeter
890 2859 1148 2898 praemansum
1175 2849 1268 2887 illud
1297 2851 1512 2901 reperiatur,
1538 2866 1621 2904 per·
