1818 3178
189 157 287 188 wa
817 146 1056 196 PRAnJvA'rro.

189 263 297 318 cepit
313 261 528 303 consilium
549 262 700 307 noster,
732 255 781 296 de
803 268 886 310 qua
908 268 952 294 re
973 253 1059 307 ipse
1082 250 1142 291 his
1162 250 1298 292 verbis
1319 248 1369 292 ad
1390 247 1686 305 Bullingerum

188 333 326 375 scribit
347 333 386 372 in
418 346 480 386 ep.
513 329 550 370 d.
572 343 600 368 x
622 325 762 381 April.
795 326 903 367 1551
936 324 1051 364 data:
1089 344 1107 368 ῃ
1127 321 1320 364 Libellus
1349 327 1446 363 tuus
1477 320 1527 362 de
1558 336 1692 364 sacra-

190 426 211 450 u
230 402 376 443 mentis
413 407 504 441 ante
533 397 761 439 triennium
796 395 847 437 ad
880 410 944 436 me
976 394 1121 435 missus
1152 392 1233 433 iam
1266 391 1433 433 tandem
1465 391 1541 434 sub
1573 392 1691 448 prelo

190 496 211 521 ῃ
232 480 302 516 est.
362 472 443 514 Ubi
483 469 532 511 ad
563 484 627 510 me
659 483 756 510 cum
788 467 948 521 reliqua
980 463 1259 506 Bibliothecae
1290 477 1407 504 meae
1439 470 1555 518 parte
1585 469 1690 504 esset

190 567 210 592 η
230 544 435 593 advectus,
467 539 634 582 exhibui
664 539 785 580 illum
818 537 869 579 D.
904 533 1208 579 Cantnariensi.
1251 532 1294 574 Is
1325 548 1425 575 vero
1455 534 1525 575 ubi
1557 533 1691 576 audis-

190 638 210 662 u
229 621 298 664 set,
344 611 526 654 nondum
558 625 642 652 esse
673 609 843 657 editum,
877 607 1005 648 voluit
1036 612 1083 646 ut
1114 604 1322 646 ederetur.
1378 604 1535 646 Dicabo
1565 605 1685 647 illum

189 710 209 735 's
228 685 357 728 sorori
388 683 525 739 regiae
648 681 847 722 misissem
879 678 949 720 tibi
983 676 1139 732 aliquot
1171 676 1441 731 exemplaria,
1476 676 1508 717 si
1530 675 1692 718 absolu-

191 779 211 804 n<
230 764 294 797 tus
326 754 476 801 fuisset,
509 753 578 795 sed
611 753 686 794 hac
718 750 969 792 hebdomade
1002 749 1143 790 futura
1167 747 1446 789 absolvetur.”
1466 750 1496 805 ¹)
1532 748 1691 791 Eodem

187 827 257 869 illo
297 842 435 868 mense
468 825 607 880 Aprili
640 838 782 864 revera
824 822 933 864 curis
963 821 1087 863 Lasci
1119 820 1216 861 exiit
1248 835 1284 861 a.
1323 820 1468 876 (1551)
1508 820 1584 862 sub
1614 821 1692 862 hoc

185 898 327 940 titulo:
370 898 558 938 Absoluta
599 897 645 937 de
677 894 825 938 Christi
856 893 1021 934 Domini
1053 897 1091 933 et
1121 892 1339 933 catholicae
1371 892 1455 933 eius
1485 893 1691 947 Ecclesiae

185 969 453 1019 sacramentis,
487 968 685 1016 tractatio,
715 970 851 1006 autore
883 965 1056 1006 Hem-ico
1079 965 1321 1016 Bullenyero
1450 965 1473 1004 1
1511 966 1596 1006 Cor.
1622 965 1689 1006 10.

188 1043 279 1084 Non
304 1041 470 1094 polestis
497 1054 649 1080 mensae
680 1037 842 1079 Domini
868 1037 1086 1089 participes
1117 1051 1197 1078 esse
1228 1041 1267 1077 eb
1297 1051 1452 1077 mensae
1484 1037 1691 1077 Demonio-

186 1128 284 1155 rum.
320 1111 488 1154 Londini
518 1111 724 1151 offendebat
754 1110 974 1161 Stephanus
1004 1109 1319 1165 Illyerdmannus
1349 1124 1415 1151 an.
1441 1109 1549 1150 1551
1574 1123 1693 1150 mens.

189 1185 318 1236 April.
343 1181 653 1235 eumpr521ile9io
675 1182 730 1221 ad
756 1180 1053 1232 imprimendum
1083 1180 1220 1222 solum.
1270 1179 1471 1220 Dedicata
1488 1185 1580 1220 erat
1611 1178 1695 1220 Eli-

189 1254 391 1300 sabethae‚
416 1254 524 1308 regis
543 1252 686 1301 sorori,
711 1258 750 1292 et
776 1250 1013 1292 adiunctam
1037 1249 1111 1292 sibi
1135 1250 1312 1292 habebat
1329 1249 1455 1291 Lasci
1481 1250 1530 1291 de
1547 1249 1690 1292 eodem

190 1333 437 1382 argumento
467 1323 691 1379 epistolam,
742 1323 791 1363 de
823 1338 904 1378 qua
935 1322 1044 1363 infra
1075 1323 1234 1364 dicetur
1266 1321 1342 1363 sub
1373 1337 1414 1364 n.
1449 1323 1515 1364 18.
1547 1321 1694 1363 Extre-

191 1410 282 1436 mae
312 1393 491 1435 raritatis
520 1400 559 1433 et
589 1391 927 1447 pretiosissimum
960 1391 1212 1446 opusculum
1243 1399 1303 1433 est
1333 1392 1374 1432 in
1409 1391 1555 1441 forma,
1588 1406 1696 1446 quae

190 1465 340 1507 dicitur
375 1464 455 1512 16³,
502 1470 665 1504 centum
713 1463 859 1518 viginti
890 1462 1022 1503 tribus
1056 1462 1164 1504 foliis
1204 1469 1397 1504 constans
1428 1465 1481 1517 ²).
1557 1463 1697 1504 Huius

188 1535 461 1578 Londinensis
491 1533 676 1574 editionis
709 1533 829 1588 plane
870 1534 1045 1589 ignarus
1086 1533 1231 1574 eodem
1264 1533 1350 1575 fere
1382 1541 1569 1589 tempore
1601 1533 1698 1575 Bul-

188 1608 375 1664 lingerus
404 1607 487 1661 ipse
519 1620 592 1646 suo
624 1611 755 1646 marte
785 1619 880 1646 eum
914 1608 1022 1661 typis
1053 1604 1254 1646 mandare
1285 1613 1507 1646 curaverat
1528 1605 1695 1661 Tiguri‚

190 1685 230 1720 et
259 1677 334 1719 sub
355 1676 474 1718 titulo
504 1698 523 1722 η
539 1677 729 1717 tractatio
761 1677 807 1717 de
832 1677 1011 1717 doctrina
1033 1675 1358 1717 Eucharistiae’⁷
1384 1675 1585 1717 decadum
1608 1690 1697 1717 sua·

192 1764 283 1791 rum
317 1763 409 1789 eum
441 1748 674 1788 inseruerat
702 1746 869 1802 quintae
902 1749 951 1804 ³),
997 1747 1099 1788 adeo
1130 1754 1176 1788 ut
1207 1747 1314 1788 duae
1346 1746 1470 1788 simul
1502 1747 1699 1788 editiones

191 1819 312 1861 huius
343 1818 530 1874 opusculi
562 1817 690 1858 altera
720 1817 916 1866 Londini,
947 1818 1080 1859 altera
1111 1818 1275 1874 Tiguri‚
1303 1818 1531 1873 prodirent.
1565 1816 1696 1861 Suam

193 1889 408 1930 editionem
441 1888 599 1930 Lascus
629 1888 679 1930 ad
709 1888 1008 1945 Bullingerum
1041 1890 1228 1940 miserat,
1253 1889 1371 1932 bonis
1401 1890 1547 1946 gratiis
1576 1890 1618 1931 in
1650 1906 1697 1932 ea

194 1975 237 2002 re
270 1975 364 2001 usus
398 1960 562 2001 Domini
593 1960 615 2001 ὲ
645 1960 795 2011 Breda‚
830 1961 878 2001 de
911 1976 994 2017 qua
1027 1976 1070 2002 re
1102 1961 1158 2002 sic
1190 1961 1240 2003 ad
1273 1977 1371 2003 eum
1401 1962 1544 2004 scribit
1570 1963 1611 2003 in
1634 1977 1698 2018 ep.

195 2031 233 2075 d.
278 2032 333 2072 vii
374 2031 484 2072 Iuni.
530 2032 634 2073 1551
668 2032 862 2074 Londino
902 2033 1018 2075 data:
1053 2057 1073 2081 η
1095 2033 1257 2074 Deinde
1288 2041 1327 2075 et
1358 2033 1546 2076 libellum
1579 2034 1630 2076 ad
1661 2041 1701 2077 te

199 2126 220 2152 n
238 2110 357 2145 tuum
400 2103 449 2144 de
494 2104 772 2151 sacramentis,
803 2120 924 2160 quem
958 2112 1053 2147 ante
1083 2106 1308 2148 triennium
1343 2106 1392 2148 ad
1423 2121 1490 2148 me
1521 2106 1703 2158 miseras,

201 2199 220 2223 ῃ
240 2184 279 2216 et
315 2189 427 2216 nunc
467 2174 633 2216 demum
680 2176 845 2230 quintae
886 2176 1028 2218 decadi
1059 2185 1154 2219 tuae
1197 2179 1417 2230 inseruisti,
1450 2193 1524 2234 per
1553 2192 1704 2219 manus

203 2268 223 2293 ῃ
242 2246 411 2287 Domini
440 2246 463 2286 ἐι
494 2245 643 2296 Breda‚
678 2247 816 2288 fratris
846 2247 1018 2289 Domini
1047 2247 1216 2301 Falesii,
1257 2249 1307 2291 ad
1336 2256 1375 2291 te
1407 2249 1510 2297 misi,
1543 2249 1608 2290 hic
1639 2263 1706 2290 me

200 2339 221 2364 ῃ
241 2323 396 2366 autore,
430 2316 497 2357 sed
539 2316 657 2357 valde
693 2317 922 2359 incorrecte
969 2334 1180 2362 excusum.
1242 2320 1339 2362 Non
1372 2326 1561 2376 putarem
1592 2319 1701 2361 enim

247 2518 270 2555 ¹)
294 2516 393 2546 Lnsm
420 2518 529 2556 Opera.
552 2518 588 2547 Τ.
613 2518 656 2548 l[.
681 2529 709 2558 p.
733 2520 803 2549 448.

242 2572 268 2610 2)
293 2570 425 2601 Nonnisi
456 2582 511 2612 par
541 2573 763 2613 exemplarium
798 2574 874 2604 mihi
899 2574 1058 2607 innotuit:
1083 2577 1225 2609 Alterum
1249 2579 1279 2609 in
1306 2577 1387 2609 Bibll
1413 2577 1612 2614 Dublinensi,
1636 2577 1711 2608 alte·

201 2637 268 2656 rum
299 2626 330 2656 in
358 2625 481 2667 privata
511 2627 702 2658 bibliotheca
732 2629 789 2659 vir.
824 2629 905 2670 plur.
935 2641 1040 2662 vener.
1072 2632 1258 2664 Guxmssmn
1289 2633 1418 2671 Goonn,
1443 2635 1523 2664 teste
1547 2633 1711 2670 GommM,

204 2680 355 2720 Gleanz’nff
377 2682 418 2720 of
433 2692 451 2711 α
473 2683 534 2718 few
555 2683 709 2713 scatterecl
730 2693 799 2714 ears
821 2684 934 2725 during]
958 2686 1008 2716 the
1024 2687 1137 2726 period
1159 2689 1200 2727 of
1215 2688 1267 2719 tlte
1282 2688 1488 2729 reformation
1503 2688 1537 2717 in
1550 2685 1710 2728 Enyland.

197 2733 338 2765 London.
361 2735 434 2766 Belt
456 2735 516 2766 and
539 2736 654 2777 Daldy.
679 2737 767 2769 1857.
792 2749 821 2779 p.
846 2739 916 2770 246.

238 2790 263 2827 ³)
286 2789 432 2831 Complct
461 2790 554 2822 huius
586 2791 721 2823 Decadis
744 2793 901 2825 Sermones
931 2796 1010 2826 6—9
1044 2800 1074 2827 et
1105 2797 1136 2828 in
1160 2798 1377 2829 BULLINGERI
1404 2798 1535 2839 Operum
1558 2796 1707 2832 editione,

197 2854 287 2884 quum
314 2844 458 2875 Parkerii
481 2846 618 2877 Societas
641 2847 826 2890 divulgavit,
850 2849 965 2891 legitur
988 2851 1056 2882 Vol.
1081 2853 1135 2884 IV.
1158 2864 1190 2894 p.
1213 2853 1388 2886 226—478.
1421 2853 1472 2886 Cf.
1495 2854 1655 2888 GORHAM,
1679 2862 1708 2884 ο,

211 2922 217 2930 .
242 2909 273 2942 p.
296 2909 325 2941 p.
351 2899 411 2931 246
434 2903 464 2931 ct
487 2902 516 2932 9.
