1818 3178
577 140 628 166 DE
656 140 818 167 CHRISTI
849 140 1168 168 chRNA'rmNE.
1582 131 1628 166 13

114 239 153 276 id
190 239 365 290 oportuit,
400 239 447 276 ad
484 240 587 277 cuius
614 241 859 279 imitationem
887 254 1144 292 provocamur,
1171 240 1311 290 alioqui
1338 240 1473 276 frustra
1501 238 1538 275 id
1566 252 1630 276 ex-

115 304 278 353 emplum
312 303 446 340 Paulus
482 305 750 354 proposuisset,
781 305 820 342 in
854 319 927 356 quo
964 306 1002 342 id
1038 305 1257 355 praestitum
1293 316 1369 341 non
1405 303 1548 346 fuisset,
1585 302 1630 338 ad

118 367 222 405 cuius
250 380 318 404 nos
344 367 591 405 imitationem
618 369 849 407 adhortatur.
877 369 1117 420 Perspicuum
1147 373 1201 405 est
1227 368 1340 416 igitur
1367 380 1411 404 ex
1440 366 1508 403 hac
1529 366 1634 403 Pauli

117 431 450 480 argumentatione,
487 432 676 470 Christum
713 433 930 477 Dominum,
967 438 1128 476 nostrae,
1162 437 1197 470 et
1233 445 1307 469 non
1346 430 1496 468 alterius
1524 430 1634 468 ullius

119 496 241 532 carnis
267 495 521 533 infirmitatem
548 497 588 533 in
618 510 682 534 sua
709 497 968 535 incarnatione
995 497 1173 542 induisse,
1201 497 1333 534 nedum
1363 501 1402 533 ut
1429 499 1634 532 commuta-

116 559 218 597 tione
253 559 329 596 ulla
365 560 500 610 prioris
533 561 753 599 existentiae
789 562 908 599 factus
945 562 993 598 sit
1021 574 1120 605 caro,
1146 560 1361 611 praesertim
1388 573 1480 610 quae
1509 564 1635 597 nostra

117 624 271 660 omnino
308 636 385 660 non
421 629 529 662 65561.
585 625 718 675 Neque
743 629 798 663 est
825 625 925 675 quod
955 625 1015 661 hic
1042 625 1221 673 argnteris
1249 625 1287 661 in
1309 626 1462 671 formae
1490 630 1526 661 et
1552 625 1636 660 ina—

116 689 245 724 m‘endz'
267 688 445 726 vocibus:
474 689 573 739 quod
602 689 701 726 enim
728 688 774 726 ad
791 691 946 737 formae
975 701 1101 725 vocem
1129 689 1275 731 attinet,
1295 688 1448 725 dubium
1469 700 1545 725 uon
1569 691 1637 731 est,

117 750 248 788 eodem
282 751 385 789 illam
422 753 532 790 modo
562 753 681 803 accipi
710 752 906 803 utrobique
943 756 1126 802 oportere:
1169 751 1240 788 1106
1268 756 1335 795 651,
1362 755 1398 788 61
1426 751 1462 788 111
1494 750 1574 795 Dei,
1601 755 1638 788 et

116 815 156 852 in
185 817 280 854 servi
309 817 618 862 consideratione,
645 831 762 868 neque
790 818 904 854 altero
933 817 1015 853 loco
1044 816 1151 853 aliter
1177 829 1285 866 posse
1312 817 1442 866 accipi,
1469 829 1578 866 quam
1600 821 1638 853 ut

117 880 236 930 primo
273 880 375 918 illam
411 882 494 919 loco
527 883 686 932 positam
721 895 800 919 esse
836 881 1014 926 videmus,
1051 880 1232 930 siquidem
1272 880 1382 918 verba
1421 880 1543 918 verbis
1572 880 1637 917 de-

119 945 232 982 beant
258 946 491 997 respondere.
521 947 760 997 Perspicuum
789 950 843 984 est
870 950 994 983 autem
1019 945 1059 982 in
1080 945 1148 982 Dei
1168 945 1475 989 consideratione,
1497 946 1638 983 formae

120 1022 248 1047 vocem
277 1010 395 1061 accipi
422 1023 498 1048 non
526 1023 634 1061 posse
660 1023 725 1060 pro
755 1014 905 1048 externa
935 1009 1115 1047 duntaxat
1153 1009 1396 1046 similitudine
1423 1010 1513 1057 (hoc
1533 1023 1638 1047 nam-

118 1087 191 1124 que
234 1079 330 1112 esset
375 1075 562 1112 Christum
600 1075 803 1112 Dominum
839 1074 976 1112 Divina
1014 1087 1078 1111 sua
1115 1074 1311 1111 existentia
1350 1074 1441 1112 velle
1476 1076 1639 1122 exuere).

119 1139 280 1176 Proinde
308 1152 354 1176 ne
369 1139 408 1176 in
426 1140 522 1177 servi
542 1140 692 1190 quidem
710 1139 1005 1177 consideratione
1024 1139 1074 1187 (B
1093 1139 1167 1187 ivb)
1185 1139 1230 1176 ad
1250 1152 1331 1176 cum
1352 1138 1502 1176 modum
1522 1140 1640 1190 accipi

119 1204 231 1240 etiam
258 1208 392 1254 potest.
421 1204 553 1254 Neque
581 1204 780 1241 obscurum
807 1208 863 1241 est
880 1203 969 1254 quid
989 1203 1087 1253 apud
1109 1216 1262 1252 graccos
1281 1203 1641 1253 significetuopcpiv,

118 1281 249 1318 nempe
285 1281 359 1305 non
395 1272 584 1305 externam
610 1268 712 1305 illam
742 1268 935 1305 dumtaxat
964 1268 1259 1313 similitudinem,
1287 1281 1359 1318 qua
1388 1268 1451 1304 alii
1478 1268 1560 1305 aliis
1589 1269 1639 1306 51-

117 1332 222 1369 miles
251 1345 373 1368 sumus
401 1332 510 1380 (haec
536 1331 635 1369 enim
663 1331 709 1369 ab
737 1331 811 1369 illis
840 1335 1021 1380 ὁμοιότης
1051 1332 1234 1379 vocatur),
1262 1331 1323 1368 sed
1345 1330 1503 1382 speciem
1521 1331 1639 1382 ipsam

118 1396 194 1433 sive
239 1395 485 1433 characterem
523 1400 586 1434 aut
622 1399 822 1446 aspectum,
859 1409 967 1446 quem
1001 1408 1089 1433 mox
1116 1408 1263 1433 rursum
1290 1402 1431 1446 σχῆμκ
1459 1396 1639 1446 appellat:

119 1460 189 1497 hoc
217 1464 283 1504 est,
309 1460 463 1509 effigiem
489 1460 701 1511 quamdam,
729 1473 791 1498 seu
818 1461 988 1509 figuram.
1045 1461 1137 1497 Cum
1164 1460 1277 1509 igitur
1304 1460 1343 1498 in
1371 1459 1440 1498 Dei
1469 1460 1639 1498 conside·

117 1524 262 1562 ratione
290 1529 427 1575 μορφῆ,
456 1524 532 1562 sive
567 1524 699 1569 forma,
726 1537 801 1562 11011
838 1529 914 1561 13111
941 1528 1145 1569 externam,
1172 1528 1214 1561 ut
1242 1524 1330 1570 dixi,
1358 1524 1639 1562 similitudinem

119 1589 245 1633 ullam,
272 1602 383 1640 (1113111
419 1589 538 1639 ipsam
567 1589 738 1639 speciem,
765 1593 966 1639 aspectum,
993 1589 1165 1638 figuram,
1191 1588 1358 1638 effigiem,
1385 1602 1427 1626 ac
1450 1589 1640 1626 characte-

117 1665 194 1690 rem
231 1652 301 1690 Dei
338 1652 543 1702 significet:
581 1652 651 1690 hoc
678 1658 745 1698 est,
771 1653 862 1690 illud
891 1655 1025 1704 ipsum,
1052 1666 1117 1704 per
1143 1653 1243 1703 quod
1272 1653 1371 1691 Deus
1399 1654 1640 1702 cognoscitur

118 1730 198 1754 esse
213 1716 330 1755 Deus:
348 1739 399 1746 —
417 1731 505 1756 sane
523 1717 562 1755 in
581 1718 676 1755 servi
696 1718 805 1756 etiam
830 1718 1129 1756 consideratione
1148 1719 1254 1755 aliter
1273 1718 1391 1769 accipi
1411 1731 1486 1756 non
1506 1723 1640 1769 potest,

120 1793 230 1829 quam
259 1793 325 1830 pro
344 1780 423 1831 ipsa
447 1777 634 1818 servitutis
655 1785 802 1818 nostrae
822 1782 955 1832 specie,
974 1786 1136 1832 aspectu,
1156 1782 1289 1829 figura,
1308 1782 1436 1830 effigie,
1455 1781 1532 1819 sive
1552 1782 1638 1819 cha-

120 1849 270 1889 ractere,
299 1845 369 1882 hoc
396 1849 462 1890 est,
488 1858 554 1896 pro
583 1859 626 1883 60
654 1846 749 1896 ipso,
775 1859 838 1896 per
866 1846 964 1897 quod
987 1859 1112 1884 servus
1132 1846 1328 1895 (nimirum
1348 1846 1478 1893 homo)
1500 1848 1639 1896 c'ogno-

121 1909 236 1947 scitur
272 1922 350 1947 esse
378 1923 514 1948 servus.
552 1910 668 1947 Porro
697 1911 894 1949 antithesis
921 1911 998 1961 ipsa
1029 1908 1229 1948 formarum
1258 1924 1277 1948 a
1305 1911 1421 1948 Paulo
1449 1912 1639 1962 proposita

120 1984 189 2009 nos
230 1970 349 2014 docet,
385 1975 424 2008 ut
458 1971 766 2021 quemadmodum
804 1971 841 2008 id
878 1972 1013 2022 ipsum,
1047 1985 1111 2022 per
1146 1972 1247 2022 quod
1275 1971 1375 2009 Deus
1405 1973 1641 2021 cognoscitur

121 2048 198 2072 esse
235 2035 346 2079 Deus,
379 2035 479 2071 aliud
507 2035 602 2071 nihil
630 2040 696 2077 est,
724 2048 834 2086 quam
859 2035 1039 2073 immensa
1068 2035 1168 2073 illius
1195 2036 1376 2086 potentia,
1402 2040 1438 2073 et
1465 2035 1641 2086 splendor

120 2099 331 2136 inaccessae
366 2100 459 2136 lucis
488 2113 574 2136 suae
601 2112 643 2136 ac
670 2100 832 2148 gloriae:
860 2100 912 2137 ita
938 2100 975 2137 id
1005 2101 1127 2151 ipsum
1155 2100 1265 2137 etiam
1293 2113 1358 2151 per
1385 2100 1485 2150 quod
1514 2114 1641 2138 servus

123 2163 361 2212 cognoscitur
397 2176 478 2200 esse
514 2176 652 2206 servus.
689 2163 783 2201 nihil
811 2164 911 2201 aliud
939 2177 1018 2201 esse
1053 2164 1318 2213 intelligamus,
1355 2177 1465 2215 quam
1494 2177 1641 2202 carnem

123 2229 243 2280 hir-(B
257 2229 503 2277 v²¹)manitatis
523 2235 683 2273 nostrae,
704 2229 771 2266 sub
790 2230 932 2280 peccati
952 2230 1162 2267 servitutem
1173 2243 1236 2281 per
1249 2231 1416 2268 Parentis
1430 2231 1547 2269 nostri
1557 2232 1640 2269 ino-

120 2293 344 2330 bedicntiam
375 2292 634 2331 venundatam.
665 2293 726 2330 Sic
753 2298 888 2338 tamen,
916 2299 956 2331 ut
984 2307 1131 2332 carnem
1160 2299 1327 2332 nostram
1348 2295 1453 2332 illum
1472 2309 1641 2346 assump-

121 2358 212 2395 sisse
247 2357 512 2405 intelligamus,
549 2369 622 2393 non
658 2362 781 2394 autem
818 2358 938 2395 carnis
974 2363 1121 2395 nostrae
1159 2358 1392 2410 servitutem:
1430 2358 1515 2396 Hoc
1542 2360 1641 2397 enim

121 2427 177 2460 est
212 2421 309 2472 quod
348 2422 482 2458 Paulus
519 2421 583 2466 ait,
620 2421 822 2459 Dominum
851 2424 1008 2460 formam
1038 2423 1145 2468 servi,
1174 2414 1248 2461 11011
1277 2428 1399 2461 autem
1427 2424 1641 2462 servitutem

120 2486 240 2536 ipsam
267 2485 520 2536 assumpsisse.
550 2484 716 2535 Exponit
742 2490 864 2523 autem
890 2487 1027 2524 Paulus
1054 2487 1133 2537 ipse
1160 2488 1282 2524 carnis
1310 2492 1458 2525 nostrae
1476 2488 1516 2525 in
1533 2488 1641 2526 nobis

122 2551 347 2593 servitutem,
384 2549 469 2587 dum
508 2549 579 2586 ait:
622 2549 741 2596 Video
770 2551 879 2587 aliam
908 2551 1028 2599 legem
1056 2551 1092 2589 in
1122 2551 1299 2589 membris
1325 2552 1429 2595 meis,
1458 2552 1642 2602 captivum

123 2627 180 2652 1116
215 2614 427 2652 reddentem
466 2615 538 2662 legi
574 2615 727 2664 pcccati,
763 2627 855 2665 quae
891 2621 945 2653 est
981 2615 1019 2653 in
1047 2616 1223 2653 membris
1250 2616 1353 2654 meis.
1409 2616 1500 2653 Eam
1529 2616 1643 2665 igitur

123 2679 365 2716 humanitatis
399 2684 546 2716 nostrae
583 2691 743 2723 carnem,
779 2679 815 2716 in
847 2680 951 2716 cuius
978 2680 1153 2717 membris
1182 2681 1339 2718 servitus
1369 2685 1493 2718 nostra
1521 2681 1642 2718 omnis

121 2743 171 2780 ita
202 2743 339 2788 haeret,
368 2748 407 2780 ut
435 2755 510 2779 non
540 2742 606 2779 abs
634 2755 673 2779 re
700 2742 817 2779 forma
847 2755 908 2779 5611
937 2743 1127 2781 character
1155 2744 1254 2781 illius
1283 2744 1447 2788 ‹licatur3
1476 2743 1642 2787 ca1n,in-

123 2820 247 2857 quam,
284 2808 419 2844 Paulus
454 2820 474 2844 a
512 2806 673 2842 Domino
710 2811 937 2856 assumptam
974 2819 1053 2844 6556
1082 2807 1200 2851 (10661,
1229 2811 1269 2844 111
1296 2820 1364 2844 1105
1391 2806 1437 2843 31)
1468 2806 1536 2843 hac
1563 2808 1642 2857 ipsa

123 2871 177 2908 illi
212 2871 348 2909 adnata
386 2871 574 2915 servitute,
609 2875 674 2907 aut
708 2871 831 2919 potius
861 2883 956 2908 noxa
985 2871 1097 2916 illius,
1126 2873 1256 2909 merito
1284 2883 1350 2908 suo
1380 2870 1572 2909 liberaret:
1599 2884 1643 2911 ac
