<?xml version="1.0" encoding="UTF-8"?>
<!DOCTYPE html PUBLIC "-//W3C//DTD XHTML 1.0 Transitional//EN"
    "http://www.w3.org/TR/xhtml1/DTD/xhtml1-transitional.dtd">
<html xmlns="http://www.w3.org/1999/xhtml" xml:lang="en" lang="en">
 <head>
  <title>
</title>
<meta http-equiv="Content-Type" content="text/html;charset=utf-8" />
  <meta name='ocr-system' content='tesseract 3.04.00' />
  <meta name='ocr-capabilities' content='ocr_page ocr_carea ocr_par ocr_line ocrx_word'/>
</head>
<body>
  <div class='ocr_page' id='page_1' title='image "./operatameditaqua01lask_0289.png"; bbox 0 0 1818 3178; ppageno 0'>
   <div class='ocr_carea' id='block_1_1' title="bbox 530 125 1697 164">
    <p class='ocr_par' dir='ltr' id='par_1_1' title="bbox 530 125 1697 164">
     <span class='ocr_line' id='line_1_1' title="bbox 530 125 1697 164; baseline 0.005 -8"><span class='ocrx_word' id='word_1_1' title='bbox 530 130 581 156; x_wconf 82' lang='lat' dir='ltr'>m:</span> <span class='ocrx_word' id='word_1_2' title='bbox 610 130 892 158; x_wconf 70' lang='lat' dir='ltr'>SACRAMENTIS</span> <span class='ocrx_word' id='word_1_3' title='bbox 922 131 1137 159; x_wconf 71' lang='lat' dir='ltr'><strong>ECOLESIAE</strong></span> <span class='ocrx_word' id='word_1_4' title='bbox 1163 131 1343 159; x_wconf 75' lang='lat' dir='ltr'>cnms&#39;m.</span> <span class='ocrx_word' id='word_1_5' title='bbox 1627 125 1697 164; x_wconf 84' lang='lat'>157</span> 
     </span>
    </p>
   </div>
   <div class='ocr_carea' id='block_1_2' title="bbox 171 230 1706 2728">
    <p class='ocr_par' dir='ltr' id='par_1_2' title="bbox 176 230 1703 598">
     <span class='ocr_line' id='line_1_2' title="bbox 176 230 1701 281; baseline 0.004 -15"><span class='ocrx_word' id='word_1_6' title='bbox 176 242 280 267; x_wconf 88' lang='lat' dir='ltr'>mum</span> <span class='ocrx_word' id='word_1_7' title='bbox 316 230 426 268; x_wconf 88' lang='lat' dir='ltr'>vitam</span> <span class='ocrx_word' id='word_1_8' title='bbox 462 243 610 281; x_wconf 89' lang='lat' dir='ltr'>quoque</span> <span class='ocrx_word' id='word_1_9' title='bbox 645 235 833 270; x_wconf 80' lang='lat' dir='ltr'>aeternam</span> <span class='ocrx_word' id='word_1_10' title='bbox 861 234 1084 273; x_wconf 88' lang='lat' dir='ltr'>restitueret.</span> <span class='ocrx_word' id='word_1_11' title='bbox 1139 234 1189 272; x_wconf 85' lang='lat' dir='ltr'>Et</span> <span class='ocrx_word' id='word_1_12' title='bbox 1214 238 1341 273; x_wconf 88' lang='lat' dir='ltr'>tamen</span> <span class='ocrx_word' id='word_1_13' title='bbox 1367 234 1407 272; x_wconf 91' lang='lat' dir='ltr'>in</span> <span class='ocrx_word' id='word_1_14' title='bbox 1436 247 1545 272; x_wconf 86' lang='lat' dir='ltr'>carne</span> <span class='ocrx_word' id='word_1_15' title='bbox 1571 238 1701 272; x_wconf 84' lang='lat' dir='ltr'>nostra</span> 
     </span>
     <span class='ocr_line' id='line_1_3' title="bbox 177 293 1701 348; baseline 0.005 -19"><span class='ocrx_word' id='word_1_16' title='bbox 177 293 427 331; x_wconf 77' lang='lat' dir='ltr'>obedientiam</span> <span class='ocrx_word' id='word_1_17' title='bbox 462 293 708 343; x_wconf 81' lang='lat' dir='ltr'>redintegrari</span> <span class='ocrx_word' id='word_1_18' title='bbox 737 297 946 347; x_wconf 74' lang='lat' dir='ltr'>oportebat,</span> <span class='ocrx_word' id='word_1_19' title='bbox 973 297 1157 348; x_wconf 87' lang='lat' dir='ltr'>siquidem</span> <span class='ocrx_word' id='word_1_20' title='bbox 1184 302 1313 336; x_wconf 84' lang='lat' dir='ltr'>nostra</span> <span class='ocrx_word' id='word_1_21' title='bbox 1341 311 1425 336; x_wconf 85' lang='lat' dir='ltr'>earo</span> <span class='ocrx_word' id='word_1_22' title='bbox 1454 299 1592 336; x_wconf 84' lang='lat' dir='ltr'>servari</span> <span class='ocrx_word' id='word_1_23' title='bbox 1620 312 1701 336; x_wconf 88' lang='lat' dir='ltr'>rur-</span> 
     </span>
     <span class='ocr_line' id='line_1_4' title="bbox 178 357 1702 411; baseline 0.005 -17"><span class='ocrx_word' id='word_1_24' title='bbox 178 370 260 395; x_wconf 88' lang='lat' dir='ltr'>sum</span> <span class='ocrx_word' id='word_1_25' title='bbox 297 357 495 403; x_wconf 86' lang='lat' dir='ltr'>debuisset,</span> <span class='ocrx_word' id='word_1_26' title='bbox 530 363 573 397; x_wconf 90' lang='lat' dir='ltr'>ut</span> <span class='ocrx_word' id='word_1_27' title='bbox 609 374 655 398; x_wconf 90' lang='lat' dir='ltr'>ne</span> <span class='ocrx_word' id='word_1_28' title='bbox 690 366 834 411; x_wconf 88' lang='lat' dir='ltr'>praeter</span> <span class='ocrx_word' id='word_1_29' title='bbox 871 362 1058 400; x_wconf 88' lang='lat' dir='ltr'>decretum</span> <span class='ocrx_word' id='word_1_30' title='bbox 1087 362 1157 400; x_wconf 92' lang='lat' dir='ltr'>Dei</span> <span class='ocrx_word' id='word_1_31' title='bbox 1184 364 1296 401; x_wconf 90' lang='lat' dir='ltr'>semel</span> <span class='ocrx_word' id='word_1_32' title='bbox 1322 362 1509 410; x_wconf 86' lang='lat' dir='ltr'>prolatum</span> <span class='ocrx_word' id='word_1_33' title='bbox 1538 377 1702 402; x_wconf 88' lang='lat' dir='ltr'>servare-</span> 
     </span>
     <span class='ocr_line' id='line_1_5' title="bbox 178 417 1703 477; baseline 0.005 -20"><span class='ocrx_word' id='word_1_34' title='bbox 178 434 272 467; x_wconf 89' lang='lat' dir='ltr'>mur,</span> <span class='ocrx_word' id='word_1_35' title='bbox 309 434 392 459; x_wconf 88' lang='lat' dir='ltr'>cum</span> <span class='ocrx_word' id='word_1_36' title='bbox 428 422 569 473; x_wconf 79' lang='lat' dir='ltr'>alioqui</span> <span class='ocrx_word' id='word_1_37' title='bbox 607 423 680 461; x_wconf 87' lang='lat' dir='ltr'>vita</span> <span class='ocrx_word' id='word_1_38' title='bbox 715 425 796 475; x_wconf 85' lang='lat' dir='ltr'>ipsa</span> <span class='ocrx_word' id='word_1_39' title='bbox 815 417 980 472; x_wconf 56' lang='lat' dir='ltr'>&#39;aeterna</span> <span class='ocrx_word' id='word_1_40' title='bbox 1016 426 1063 464; x_wconf 87' lang='lat' dir='ltr'>ad</span> <span class='ocrx_word' id='word_1_41' title='bbox 1101 439 1182 473; x_wconf 83' lang='lat' dir='ltr'>nos,</span> <span class='ocrx_word' id='word_1_42' title='bbox 1215 427 1455 477; x_wconf 85' lang='lat' dir='ltr'>quantumvis</span> <span class='ocrx_word' id='word_1_43' title='bbox 1491 427 1604 465; x_wconf 88' lang='lat' dir='ltr'>morti</span> <span class='ocrx_word' id='word_1_44' title='bbox 1629 428 1703 466; x_wconf 83' lang='lat' dir='ltr'>iam</span> 
     </span>
     <span class='ocr_line' id='line_1_6' title="bbox 180 485 1702 542; baseline 0.006 -21"><span class='ocrx_word' id='word_1_45' title='bbox 180 485 380 530; x_wconf 88' lang='lat' dir='ltr'>subiectos,</span> <span class='ocrx_word' id='word_1_46' title='bbox 414 486 454 523; x_wconf 90' lang='lat' dir='ltr'>in</span> <span class='ocrx_word' id='word_1_47' title='bbox 490 487 568 524; x_wconf 91' lang='lat' dir='ltr'>filio</span> <span class='ocrx_word' id='word_1_48' title='bbox 604 487 673 526; x_wconf 93' lang='lat' dir='ltr'>Dei</span> <span class='ocrx_word' id='word_1_49' title='bbox 708 489 812 527; x_wconf 85' lang='lat' dir='ltr'>iuxta</span> <span class='ocrx_word' id='word_1_50' title='bbox 850 490 964 540; x_wconf 87' lang='lat' dir='ltr'>patris</span> <span class='ocrx_word' id='word_1_51' title='bbox 996 490 1073 536; x_wconf 91' lang='lat' dir='ltr'>Dei,</span> <span class='ocrx_word' id='word_1_52' title='bbox 1100 494 1142 529; x_wconf 92' lang='lat' dir='ltr'>ut</span> <span class='ocrx_word' id='word_1_53' title='bbox 1170 491 1309 529; x_wconf 88' lang='lat' dir='ltr'>dietum</span> <span class='ocrx_word' id='word_1_54' title='bbox 1338 495 1404 538; x_wconf 91' lang='lat' dir='ltr'>est,</span> <span class='ocrx_word' id='word_1_55' title='bbox 1431 492 1702 542; x_wconf 80' lang='lat' dir='ltr'>providentiam</span> 
     </span>
     <span class='ocr_line' id='line_1_7' title="bbox 179 548 451 598; baseline 0.007 -13"><span class='ocrx_word' id='word_1_56' title='bbox 179 548 379 598; x_wconf 84' lang='lat' dir='ltr'>pertineret</span> <span class='ocrx_word' id='word_1_57' title='bbox 411 550 451 595; x_wconf 85' lang='lat'>¹).</span> 
     </span>
    </p>

    <p class='ocr_par' dir='ltr' id='par_1_3' title="bbox 173 612 1706 1631">
     <span class='ocr_line' id='line_1_8' title="bbox 231 612 1704 669; baseline 0.006 -21"><span class='ocrx_word' id='word_1_58' title='bbox 231 612 324 649; x_wconf 89' lang='lat' dir='ltr'>Cum</span> <span class='ocrx_word' id='word_1_59' title='bbox 357 612 472 661; x_wconf 86' lang='lat' dir='ltr'>igitur</span> <span class='ocrx_word' id='word_1_60' title='bbox 509 614 583 651; x_wconf 88' lang='lat' dir='ltr'>vita</span> <span class='ocrx_word' id='word_1_61' title='bbox 619 619 748 652; x_wconf 85' lang='lat' dir='ltr'>nostra</span> <span class='ocrx_word' id='word_1_62' title='bbox 781 615 891 654; x_wconf 90' lang='lat' dir='ltr'>etiam</span> <span class='ocrx_word' id='word_1_63' title='bbox 928 619 1016 654; x_wconf 89' lang='lat' dir='ltr'>ante</span> <span class='ocrx_word' id='word_1_64' title='bbox 1053 617 1225 655; x_wconf 83' lang='lat' dir='ltr'>conditos</span> <span class='ocrx_word' id='word_1_65' title='bbox 1260 619 1518 669; x_wconf 77' lang='lat' dir='ltr'>progenitores</span> <span class='ocrx_word' id='word_1_66' title='bbox 1555 624 1704 657; x_wconf 88' lang='lat' dir='ltr'>nostros</span> 
     </span>
     <span class='ocr_line' id='line_1_9' title="bbox 178 676 1704 733; baseline 0.005 -21"><span class='ocrx_word' id='word_1_67' title='bbox 178 676 319 726; x_wconf 90' lang='lat' dir='ltr'>primos</span> <span class='ocrx_word' id='word_1_68' title='bbox 361 677 400 714; x_wconf 91' lang='lat' dir='ltr'>in</span> <span class='ocrx_word' id='word_1_69' title='bbox 446 677 523 714; x_wconf 88' lang='lat' dir='ltr'>filio</span> <span class='ocrx_word' id='word_1_70' title='bbox 567 678 636 716; x_wconf 89' lang='lat' dir='ltr'>Dei</span> <span class='ocrx_word' id='word_1_71' title='bbox 685 679 730 716; x_wconf 91' lang='lat' dir='ltr'>ad</span> <span class='ocrx_word' id='word_1_72' title='bbox 776 692 844 717; x_wconf 89' lang='lat' dir='ltr'>nos</span> <span class='ocrx_word' id='word_1_73' title='bbox 879 680 1092 730; x_wconf 84' lang='lat' dir='ltr'>pertineret,</span> <span class='ocrx_word' id='word_1_74' title='bbox 1128 685 1163 718; x_wconf 91' lang='lat' dir='ltr'>et</span> <span class='ocrx_word' id='word_1_75' title='bbox 1199 694 1292 728; x_wconf 86' lang='lat' dir='ltr'>eam,</span> <span class='ocrx_word' id='word_1_76' title='bbox 1326 682 1365 720; x_wconf 90' lang='lat' dir='ltr'>in</span> <span class='ocrx_word' id='word_1_77' title='bbox 1402 683 1531 733; x_wconf 85' lang='lat' dir='ltr'>primis</span> <span class='ocrx_word' id='word_1_78' title='bbox 1565 684 1704 721; x_wconf 88' lang='lat' dir='ltr'>nostris</span> 
     </span>
     <span class='ocr_line' id='line_1_10' title="bbox 179 741 1705 791; baseline 0.006 -14"><span class='ocrx_word' id='word_1_79' title='bbox 179 741 484 791; x_wconf 80' lang='lat' dir='ltr'>progenitoribus</span> <span class='ocrx_word' id='word_1_80' title='bbox 513 743 701 788; x_wconf 84' lang='lat' dir='ltr'>amissam,</span> <span class='ocrx_word' id='word_1_81' title='bbox 728 757 836 781; x_wconf 90' lang='lat' dir='ltr'>nemo</span> <span class='ocrx_word' id='word_1_82' title='bbox 865 744 963 781; x_wconf 87' lang='lat' dir='ltr'>inter</span> <span class='ocrx_word' id='word_1_83' title='bbox 991 744 1160 782; x_wconf 89' lang='lat' dir='ltr'>homines</span> <span class='ocrx_word' id='word_1_84' title='bbox 1187 746 1334 783; x_wconf 88' lang='lat' dir='ltr'>Adamo</span> <span class='ocrx_word' id='word_1_85' title='bbox 1363 747 1500 785; x_wconf 83' lang='lat' dir='ltr'>similes</span> <span class='ocrx_word' id='word_1_86' title='bbox 1527 748 1566 785; x_wconf 94' lang='lat' dir='ltr'>in</span> <span class='ocrx_word' id='word_1_87' title='bbox 1596 761 1705 786; x_wconf 83' lang='lat' dir='ltr'>carne</span> 
     </span>
     <span class='ocr_line' id='line_1_11' title="bbox 179 806 1704 858; baseline 0.005 -16"><span class='ocrx_word' id='word_1_88' title='bbox 179 809 309 843; x_wconf 86' lang='lat' dir='ltr'>nostra</span> <span class='ocrx_word' id='word_1_89' title='bbox 345 806 539 845; x_wconf 89' lang='lat' dir='ltr'>restituere</span> <span class='ocrx_word' id='word_1_90' title='bbox 574 812 712 858; x_wconf 89' lang='lat' dir='ltr'>posset,</span> <span class='ocrx_word' id='word_1_91' title='bbox 747 811 930 858; x_wconf 85' lang='lat' dir='ltr'>quatenus</span> <span class='ocrx_word' id='word_1_92' title='bbox 967 821 1075 846; x_wconf 89' lang='lat' dir='ltr'>nemo</span> <span class='ocrx_word' id='word_1_93' title='bbox 1104 809 1278 847; x_wconf 82' lang='lat' dir='ltr'>amissam</span> <span class='ocrx_word' id='word_1_94' title='bbox 1315 812 1427 849; x_wconf 89' lang='lat' dir='ltr'>semel</span> <span class='ocrx_word' id='word_1_95' title='bbox 1454 812 1704 850; x_wconf 84' lang='lat' dir='ltr'>obedientiam</span> 
     </span>
     <span class='ocr_line' id='line_1_12' title="bbox 178 869 1703 923; baseline 0.005 -16"><span class='ocrx_word' id='word_1_96' title='bbox 178 869 432 920; x_wconf 85' lang='lat' dir='ltr'>redintegrare</span> <span class='ocrx_word' id='word_1_97' title='bbox 459 884 606 909; x_wconf 87' lang='lat' dir='ltr'>rursum</span> <span class='ocrx_word' id='word_1_98' title='bbox 633 872 768 923; x_wconf 90' lang='lat' dir='ltr'>potuit,</span> <span class='ocrx_word' id='word_1_99' title='bbox 793 894 844 902; x_wconf 91' lang='lat'>--</span> <span class='ocrx_word' id='word_1_100' title='bbox 871 876 907 910; x_wconf 87' lang='lat' dir='ltr'>et</span> <span class='ocrx_word' id='word_1_101' title='bbox 943 876 1067 911; x_wconf 88' lang='lat' dir='ltr'>tamen</span> <span class='ocrx_word' id='word_1_102' title='bbox 1096 873 1347 912; x_wconf 84' lang='lat' dir='ltr'>obedientiam</span> <span class='ocrx_word' id='word_1_103' title='bbox 1383 875 1628 914; x_wconf 89' lang='lat' dir='ltr'>nihilominus</span> <span class='ocrx_word' id='word_1_104' title='bbox 1664 877 1703 915; x_wconf 90' lang='lat' dir='ltr'>in</span> 
     </span>
     <span class='ocr_line' id='line_1_13' title="bbox 180 935 1702 987; baseline 0.005 -16"><span class='ocrx_word' id='word_1_105' title='bbox 180 946 289 971; x_wconf 89' lang='lat' dir='ltr'>carne</span> <span class='ocrx_word' id='word_1_106' title='bbox 316 939 445 972; x_wconf 84' lang='lat' dir='ltr'>nostra</span> <span class='ocrx_word' id='word_1_107' title='bbox 473 935 718 985; x_wconf 86' lang='lat' dir='ltr'>redintegrari</span> <span class='ocrx_word' id='word_1_108' title='bbox 747 940 946 986; x_wconf 87' lang='lat' dir='ltr'>oporteret,</span> <span class='ocrx_word' id='word_1_109' title='bbox 974 936 1158 987; x_wconf 87' lang='lat' dir='ltr'>siquidem</span> <span class='ocrx_word' id='word_1_110' title='bbox 1185 938 1288 976; x_wconf 82' lang='lat' dir='ltr'>iuxta</span> <span class='ocrx_word' id='word_1_111' title='bbox 1318 939 1507 978; x_wconf 90' lang='lat' dir='ltr'>decretum</span> <span class='ocrx_word' id='word_1_112' title='bbox 1530 940 1600 979; x_wconf 90' lang='lat' dir='ltr'>Dei</span> <span class='ocrx_word' id='word_1_113' title='bbox 1618 954 1702 979; x_wconf 88' lang='lat' dir='ltr'>earo</span> 
     </span>
     <span class='ocr_line' id='line_1_14' title="bbox 179 999 1705 1057; baseline 0.005 -21"><span class='ocrx_word' id='word_1_114' title='bbox 179 1003 306 1036; x_wconf 81' lang='lat' dir='ltr'>nostra</span> <span class='ocrx_word' id='word_1_115' title='bbox 353 1000 490 1037; x_wconf 87' lang='lat' dir='ltr'>servari</span> <span class='ocrx_word' id='word_1_116' title='bbox 541 1013 669 1038; x_wconf 87' lang='lat' dir='ltr'>rursus</span> <span class='ocrx_word' id='word_1_117' title='bbox 716 1000 874 1038; x_wconf 79' lang='lat' dir='ltr'>debebat</span> <span class='ocrx_word' id='word_1_118' title='bbox 902 999 955 1057; x_wconf 74' lang='lat'>²),</span> <span class='ocrx_word' id='word_1_119' title='bbox 991 1002 1076 1049; x_wconf 88' lang='lat' dir='ltr'>(fol.</span> <span class='ocrx_word' id='word_1_120' title='bbox 1115 1003 1201 1050; x_wconf 83' lang='lat' dir='ltr'>50b)</span> <span class='ocrx_word' id='word_1_121' title='bbox 1236 1003 1414 1053; x_wconf 87' lang='lat' dir='ltr'>poscebat</span> <span class='ocrx_word' id='word_1_122' title='bbox 1450 1005 1521 1042; x_wconf 88' lang='lat' dir='ltr'>hoe</span> <span class='ocrx_word' id='word_1_123' title='bbox 1556 1010 1705 1044; x_wconf 86' lang='lat' dir='ltr'>aeterna</span> 
     </span>
     <span class='ocr_line' id='line_1_15' title="bbox 177 1064 1703 1121; baseline 0.005 -20"><span class='ocrx_word' id='word_1_124' title='bbox 177 1069 287 1115; x_wconf 87' lang='lat' dir='ltr'>atque</span> <span class='ocrx_word' id='word_1_125' title='bbox 321 1064 566 1102; x_wconf 84' lang='lat' dir='ltr'>immutabilis</span> <span class='ocrx_word' id='word_1_126' title='bbox 609 1064 678 1102; x_wconf 88' lang='lat' dir='ltr'>Dei</span> <span class='ocrx_word' id='word_1_127' title='bbox 713 1065 752 1102; x_wconf 92' lang='lat' dir='ltr'>in</span> <span class='ocrx_word' id='word_1_128' title='bbox 792 1078 859 1102; x_wconf 88' lang='lat' dir='ltr'>suo</span> <span class='ocrx_word' id='word_1_129' title='bbox 897 1065 1043 1103; x_wconf 88' lang='lat' dir='ltr'>decreto</span> <span class='ocrx_word' id='word_1_130' title='bbox 1079 1066 1243 1113; x_wconf 88' lang='lat' dir='ltr'>iustitia,</span> <span class='ocrx_word' id='word_1_131' title='bbox 1281 1073 1320 1105; x_wconf 92' lang='lat' dir='ltr'>ut</span> <span class='ocrx_word' id='word_1_132' title='bbox 1354 1068 1386 1106; x_wconf 91' lang='lat' dir='ltr'>is</span> <span class='ocrx_word' id='word_1_133' title='bbox 1421 1069 1520 1120; x_wconf 88' lang='lat' dir='ltr'>ipse,</span> <span class='ocrx_word' id='word_1_134' title='bbox 1554 1070 1593 1108; x_wconf 84' lang='lat' dir='ltr'>in</span> <span class='ocrx_word' id='word_1_135' title='bbox 1629 1083 1703 1121; x_wconf 88' lang='lat' dir='ltr'>quo</span> 
     </span>
     <span class='ocr_line' id='line_1_16' title="bbox 180 1128 1706 1184; baseline 0.005 -19"><span class='ocrx_word' id='word_1_136' title='bbox 180 1129 254 1166; x_wconf 86' lang='lat' dir='ltr'>vita</span> <span class='ocrx_word' id='word_1_137' title='bbox 291 1132 436 1166; x_wconf 87' lang='lat' dir='ltr'>aeterna</span> <span class='ocrx_word' id='word_1_138' title='bbox 473 1128 518 1166; x_wconf 85' lang='lat' dir='ltr'>ad</span> <span class='ocrx_word' id='word_1_139' title='bbox 557 1141 703 1166; x_wconf 88' lang='lat' dir='ltr'>carnem</span> <span class='ocrx_word' id='word_1_140' title='bbox 742 1132 908 1166; x_wconf 88' lang='lat' dir='ltr'>nostram</span> <span class='ocrx_word' id='word_1_141' title='bbox 944 1129 1174 1180; x_wconf 85' lang='lat' dir='ltr'>pertinebat,</span> <span class='ocrx_word' id='word_1_142' title='bbox 1211 1145 1342 1182; x_wconf 82' lang='lat' dir='ltr'>nempe</span> <span class='ocrx_word' id='word_1_143' title='bbox 1378 1133 1476 1170; x_wconf 89' lang='lat' dir='ltr'>filius</span> <span class='ocrx_word' id='word_1_144' title='bbox 1512 1133 1581 1171; x_wconf 92' lang='lat' dir='ltr'>Dei</span> <span class='ocrx_word' id='word_1_145' title='bbox 1615 1134 1706 1184; x_wconf 88' lang='lat' dir='ltr'>ipse,</span> 
     </span>
     <span class='ocr_line' id='line_1_17' title="bbox 178 1193 1703 1247; baseline 0.003 -16"><span class='ocrx_word' id='word_1_146' title='bbox 178 1194 293 1238; x_wconf 90' lang='lat' dir='ltr'>fier,et</span> <span class='ocrx_word' id='word_1_147' title='bbox 328 1193 426 1244; x_wconf 90' lang='lat' dir='ltr'>quod</span> <span class='ocrx_word' id='word_1_148' title='bbox 455 1206 523 1231; x_wconf 87' lang='lat' dir='ltr'>nos</span> <span class='ocrx_word' id='word_1_149' title='bbox 551 1206 692 1240; x_wconf 90' lang='lat' dir='ltr'>sumus,</span> <span class='ocrx_word' id='word_1_150' title='bbox 718 1206 850 1244; x_wconf 91' lang='lat' dir='ltr'>nempe</span> <span class='ocrx_word' id='word_1_151' title='bbox 877 1194 1002 1240; x_wconf 88' lang='lat' dir='ltr'>homo,</span> <span class='ocrx_word' id='word_1_152' title='bbox 1035 1198 1076 1231; x_wconf 90' lang='lat' dir='ltr'>ut</span> <span class='ocrx_word' id='word_1_153' title='bbox 1104 1195 1277 1233; x_wconf 84' lang='lat' dir='ltr'>amissam</span> <span class='ocrx_word' id='word_1_154' title='bbox 1305 1210 1369 1247; x_wconf 87' lang='lat' dir='ltr'>per</span> <span class='ocrx_word' id='word_1_155' title='bbox 1397 1197 1584 1236; x_wconf 85' lang='lat' dir='ltr'>hominem</span> <span class='ocrx_word' id='word_1_156' title='bbox 1614 1200 1703 1236; x_wconf 89' lang='lat' dir='ltr'>obe-</span> 
     </span>
     <span class='ocr_line' id='line_1_18' title="bbox 177 1257 1704 1313; baseline 0.004 -19"><span class='ocrx_word' id='word_1_157' title='bbox 177 1257 356 1295; x_wconf 88' lang='lat' dir='ltr'>dientiam</span> <span class='ocrx_word' id='word_1_158' title='bbox 401 1257 513 1294; x_wconf 90' lang='lat' dir='ltr'>homo</span> <span class='ocrx_word' id='word_1_159' title='bbox 558 1257 596 1294; x_wconf 92' lang='lat' dir='ltr'>in</span> <span class='ocrx_word' id='word_1_160' title='bbox 643 1257 860 1295; x_wconf 90' lang='lat' dir='ltr'>hominibus</span> <span class='ocrx_word' id='word_1_161' title='bbox 905 1258 1024 1308; x_wconf 87' lang='lat' dir='ltr'>(quod</span> <span class='ocrx_word' id='word_1_162' title='bbox 1060 1272 1168 1297; x_wconf 88' lang='lat' dir='ltr'>nemo</span> <span class='ocrx_word' id='word_1_163' title='bbox 1214 1260 1309 1297; x_wconf 89' lang='lat' dir='ltr'>alius</span> <span class='ocrx_word' id='word_1_164' title='bbox 1345 1265 1530 1311; x_wconf 89' lang='lat' dir='ltr'>praestare</span> <span class='ocrx_word' id='word_1_165' title='bbox 1564 1264 1704 1313; x_wconf 87' lang='lat' dir='ltr'>potuit)</span> 
     </span>
     <span class='ocr_line' id='line_1_19' title="bbox 177 1304 1704 1373; baseline 0.004 -13"><span class='ocrx_word' id='word_1_166' title='bbox 177 1322 456 1372; x_wconf 78' lang='lat' dir='ltr'>redintegraret</span> <span class='ocrx_word' id='word_1_167' title='bbox 478 1343 529 1350; x_wconf 97' lang='lat'><strong>—</strong></span> <span class='ocrx_word' id='word_1_168' title='bbox 556 1304 667 1373; x_wconf 69' lang='lat' dir='ltr'>at⁰que</span> <span class='ocrx_word' id='word_1_169' title='bbox 693 1322 757 1369; x_wconf 85' lang='lat' dir='ltr'>ita,</span> <span class='ocrx_word' id='word_1_170' title='bbox 783 1323 1035 1371; x_wconf 78' lang='lat' dir='ltr'>redintegrata</span> <span class='ocrx_word' id='word_1_171' title='bbox 1064 1324 1213 1362; x_wconf 87' lang='lat' dir='ltr'>demum</span> <span class='ocrx_word' id='word_1_172' title='bbox 1243 1326 1364 1363; x_wconf 86' lang='lat' dir='ltr'>earnis</span> <span class='ocrx_word' id='word_1_173' title='bbox 1392 1330 1542 1364; x_wconf 86' lang='lat' dir='ltr'>nostrae</span> <span class='ocrx_word' id='word_1_174' title='bbox 1568 1328 1607 1365; x_wconf 90' lang='lat' dir='ltr'>in</span> <span class='ocrx_word' id='word_1_175' title='bbox 1637 1342 1704 1366; x_wconf 86' lang='lat' dir='ltr'>suo</span> 
     </span>
     <span class='ocr_line' id='line_1_20' title="bbox 176 1386 1703 1438; baseline 0.005 -15"><span class='ocrx_word' id='word_1_176' title='bbox 176 1399 329 1437; x_wconf 73' lang='lat' dir='ltr'>coi-&#39;pore</span> <span class='ocrx_word' id='word_1_177' title='bbox 365 1386 589 1432; x_wconf 87' lang='lat' dir='ltr'>obedientia,</span> <span class='ocrx_word' id='word_1_178' title='bbox 625 1390 661 1424; x_wconf 90' lang='lat' dir='ltr'>et</span> <span class='ocrx_word' id='word_1_179' title='bbox 704 1387 851 1438; x_wconf 82' lang='lat' dir='ltr'>expiata</span> <span class='ocrx_word' id='word_1_180' title='bbox 886 1387 975 1424; x_wconf 89' lang='lat' dir='ltr'>item</span> <span class='ocrx_word' id='word_1_181' title='bbox 1011 1387 1174 1425; x_wconf 85' lang='lat' dir='ltr'>eiusdem</span> <span class='ocrx_word' id='word_1_182' title='bbox 1220 1389 1340 1427; x_wconf 87' lang='lat' dir='ltr'>carnis</span> <span class='ocrx_word' id='word_1_183' title='bbox 1378 1396 1527 1429; x_wconf 88' lang='lat' dir='ltr'>nostrae</span> <span class='ocrx_word' id='word_1_184' title='bbox 1553 1392 1593 1430; x_wconf 89' lang='lat' dir='ltr'>in</span> <span class='ocrx_word' id='word_1_185' title='bbox 1621 1406 1703 1430; x_wconf 87' lang='lat' dir='ltr'>eor-</span> 
     </span>
     <span class='ocr_line' id='line_1_21' title="bbox 173 1450 1701 1505; baseline 0.004 -17"><span class='ocrx_word' id='word_1_186' title='bbox 173 1464 262 1502; x_wconf 85' lang='lat' dir='ltr'>pore</span> <span class='ocrx_word' id='word_1_187' title='bbox 299 1464 364 1488; x_wconf 92' lang='lat' dir='ltr'>suo</span> <span class='ocrx_word' id='word_1_188' title='bbox 394 1450 660 1496; x_wconf 79' lang='lat' dir='ltr'>inobedientia,</span> <span class='ocrx_word' id='word_1_189' title='bbox 697 1450 794 1488; x_wconf 88' lang='lat' dir='ltr'>viam</span> <span class='ocrx_word' id='word_1_190' title='bbox 822 1464 948 1489; x_wconf 87' lang='lat' dir='ltr'>rursus</span> <span class='ocrx_word' id='word_1_191' title='bbox 976 1451 1022 1489; x_wconf 88' lang='lat' dir='ltr'>ad</span> <span class='ocrx_word' id='word_1_192' title='bbox 1051 1451 1162 1489; x_wconf 84' lang='lat' dir='ltr'>vitam</span> <span class='ocrx_word' id='word_1_193' title='bbox 1194 1458 1394 1500; x_wconf 83' lang='lat' dir='ltr'>aeternam,</span> <span class='ocrx_word' id='word_1_194' title='bbox 1420 1468 1485 1505; x_wconf 87' lang='lat' dir='ltr'>per</span> <span class='ocrx_word' id='word_1_195' title='bbox 1514 1455 1701 1494; x_wconf 89' lang='lat' dir='ltr'>hominem</span> 
     </span>
     <span class='ocr_line' id='line_1_22' title="bbox 173 1516 1700 1569; baseline 0.005 -17"><span class='ocrx_word' id='word_1_196' title='bbox 173 1516 213 1553; x_wconf 90' lang='lat' dir='ltr'>in</span> <span class='ocrx_word' id='word_1_197' title='bbox 242 1529 350 1554; x_wconf 89' lang='lat' dir='ltr'>carne</span> <span class='ocrx_word' id='word_1_198' title='bbox 377 1519 505 1554; x_wconf 85' lang='lat' dir='ltr'>nostra</span> <span class='ocrx_word' id='word_1_199' title='bbox 534 1516 718 1561; x_wconf 84' lang='lat' dir='ltr'>amissam,</span> <span class='ocrx_word' id='word_1_200' title='bbox 747 1516 858 1553; x_wconf 88' lang='lat' dir='ltr'>homo</span> <span class='ocrx_word' id='word_1_201' title='bbox 887 1516 999 1554; x_wconf 84' lang='lat' dir='ltr'>etiam</span> <span class='ocrx_word' id='word_1_202' title='bbox 1026 1516 1064 1554; x_wconf 90' lang='lat' dir='ltr'>in</span> <span class='ocrx_word' id='word_1_203' title='bbox 1093 1517 1220 1555; x_wconf 88' lang='lat' dir='ltr'>eadem</span> <span class='ocrx_word' id='word_1_204' title='bbox 1247 1518 1327 1569; x_wconf 87' lang='lat' dir='ltr'>ipsa</span> <span class='ocrx_word' id='word_1_205' title='bbox 1356 1532 1466 1558; x_wconf 86' lang='lat' dir='ltr'>carne</span> <span class='ocrx_word' id='word_1_206' title='bbox 1484 1525 1611 1559; x_wconf 85' lang='lat' dir='ltr'>nostra</span> <span class='ocrx_word' id='word_1_207' title='bbox 1632 1522 1700 1559; x_wconf 93' lang='lat' dir='ltr'>ho-</span> 
     </span>
     <span class='ocr_line' id='line_1_23' title="bbox 174 1580 1143 1631; baseline 0.003 -14"><span class='ocrx_word' id='word_1_208' title='bbox 174 1580 348 1626; x_wconf 83' lang='lat' dir='ltr'>minibus,</span> <span class='ocrx_word' id='word_1_209' title='bbox 376 1593 462 1618; x_wconf 88' lang='lat' dir='ltr'>suae</span> <span class='ocrx_word' id='word_1_210' title='bbox 488 1580 643 1631; x_wconf 87' lang='lat' dir='ltr'>inquam</span> <span class='ocrx_word' id='word_1_211' title='bbox 671 1580 872 1625; x_wconf 85' lang='lat' dir='ltr'>Ecclesiae,</span> <span class='ocrx_word' id='word_1_212' title='bbox 897 1586 1143 1631; x_wconf 86' lang='lat' dir='ltr'>praepararet.</span> 
     </span>
    </p>

    <p class='ocr_par' dir='ltr' id='par_1_4' title="bbox 171 1645 1701 2728">
     <span class='ocr_line' id='line_1_24' title="bbox 226 1645 1701 1698; baseline 0.005 -16"><span class='ocrx_word' id='word_1_213' title='bbox 226 1646 298 1683; x_wconf 84' lang='lat' dir='ltr'>Sed</span> <span class='ocrx_word' id='word_1_214' title='bbox 334 1658 418 1683; x_wconf 88' lang='lat' dir='ltr'>eum</span> <span class='ocrx_word' id='word_1_215' title='bbox 451 1645 490 1682; x_wconf 91' lang='lat' dir='ltr'>id</span> <span class='ocrx_word' id='word_1_216' title='bbox 528 1658 612 1682; x_wconf 90' lang='lat' dir='ltr'>cum</span> <span class='ocrx_word' id='word_1_217' title='bbox 650 1645 795 1682; x_wconf 73' lang='lat' dir='ltr'>divinae</span> <span class='ocrx_word' id='word_1_218' title='bbox 823 1646 1041 1684; x_wconf 76' lang='lat' dir='ltr'>existentiae</span> <span class='ocrx_word' id='word_1_219' title='bbox 1069 1647 1286 1685; x_wconf 79' lang='lat' dir='ltr'>aeternitate</span> <span class='ocrx_word' id='word_1_220' title='bbox 1313 1653 1508 1698; x_wconf 83' lang='lat' dir='ltr'>pugnaret,</span> <span class='ocrx_word' id='word_1_221' title='bbox 1532 1654 1572 1688; x_wconf 87' lang='lat' dir='ltr'>ut</span> <span class='ocrx_word' id='word_1_222' title='bbox 1601 1651 1701 1689; x_wconf 86' lang='lat' dir='ltr'>Deus</span> 
     </span>
     <span class='ocr_line' id='line_1_25' title="bbox 174 1709 1696 1762; baseline 0.004 -14"><span class='ocrx_word' id='word_1_223' title='bbox 174 1714 374 1748; x_wconf 89' lang='lat' dir='ltr'>verteretur</span> <span class='ocrx_word' id='word_1_224' title='bbox 400 1710 440 1746; x_wconf 91' lang='lat' dir='ltr'>in</span> <span class='ocrx_word' id='word_1_225' title='bbox 468 1709 658 1747; x_wconf 88' lang='lat' dir='ltr'>hominem</span> <span class='ocrx_word' id='word_1_226' title='bbox 686 1709 943 1760; x_wconf 87' lang='lat' dir='ltr'>desineretque</span> <span class='ocrx_word' id='word_1_227' title='bbox 971 1711 1082 1748; x_wconf 89' lang='lat' dir='ltr'>semel</span> <span class='ocrx_word' id='word_1_228' title='bbox 1109 1724 1188 1750; x_wconf 86' lang='lat' dir='ltr'>esse</span> <span class='ocrx_word' id='word_1_229' title='bbox 1215 1711 1315 1762; x_wconf 89' lang='lat' dir='ltr'>quod</span> <span class='ocrx_word' id='word_1_230' title='bbox 1332 1718 1422 1759; x_wconf 86' lang='lat' dir='ltr'>erat,</span> <span class='ocrx_word' id='word_1_231' title='bbox 1439 1712 1482 1760; x_wconf 81' lang='lat'>³),</span> <span class='ocrx_word' id='word_1_232' title='bbox 1500 1715 1579 1752; x_wconf 89' lang='lat' dir='ltr'>fieri</span> <span class='ocrx_word' id='word_1_233' title='bbox 1599 1717 1696 1754; x_wconf 90' lang='lat' dir='ltr'>enim</span> 
     </span>
     <span class='ocr_line' id='line_1_26' title="bbox 174 1773 1700 1827; baseline 0.003 -15"><span class='ocrx_word' id='word_1_234' title='bbox 174 1788 250 1812; x_wconf 89' lang='lat' dir='ltr'>non</span> <span class='ocrx_word' id='word_1_235' title='bbox 277 1774 412 1825; x_wconf 73' lang='lat' dir='ltr'>potuit,</span> <span class='ocrx_word' id='word_1_236' title='bbox 439 1773 528 1824; x_wconf 90' lang='lat' dir='ltr'>quin</span> <span class='ocrx_word' id='word_1_237' title='bbox 556 1786 734 1811; x_wconf 89' lang='lat' dir='ltr'>converso</span> <span class='ocrx_word' id='word_1_238' title='bbox 762 1774 802 1811; x_wconf 89' lang='lat' dir='ltr'>in</span> <span class='ocrx_word' id='word_1_239' title='bbox 830 1774 1033 1820; x_wconf 88' lang='lat' dir='ltr'>hominem,</span> <span class='ocrx_word' id='word_1_240' title='bbox 1061 1775 1132 1813; x_wconf 92' lang='lat' dir='ltr'>hoc</span> <span class='ocrx_word' id='word_1_241' title='bbox 1159 1779 1227 1820; x_wconf 87' lang='lat' dir='ltr'>est,</span> <span class='ocrx_word' id='word_1_242' title='bbox 1255 1777 1293 1814; x_wconf 90' lang='lat' dir='ltr'>in</span> <span class='ocrx_word' id='word_1_243' title='bbox 1324 1790 1472 1816; x_wconf 87' lang='lat' dir='ltr'>carnem</span> <span class='ocrx_word' id='word_1_244' title='bbox 1501 1777 1580 1817; x_wconf 91' lang='lat' dir='ltr'>Deo</span> <span class='ocrx_word' id='word_1_245' title='bbox 1608 1781 1700 1827; x_wconf 91' lang='lat' dir='ltr'>filio,</span> 
     </span>
     <span class='ocr_line' id='line_1_27' title="bbox 174 1837 1698 1896; baseline 0.006 -22"><span class='ocrx_word' id='word_1_246' title='bbox 174 1838 275 1875; x_wconf 88' lang='lat' dir='ltr'>Deus</span> <span class='ocrx_word' id='word_1_247' title='bbox 311 1850 457 1888; x_wconf 85' lang='lat' dir='ltr'>quoque</span> <span class='ocrx_word' id='word_1_248' title='bbox 491 1837 600 1875; x_wconf 86' lang='lat' dir='ltr'>Pater</span> <span class='ocrx_word' id='word_1_249' title='bbox 635 1841 671 1875; x_wconf 84' lang='lat' dir='ltr'>et</span> <span class='ocrx_word' id='word_1_250' title='bbox 698 1838 858 1888; x_wconf 86' lang='lat' dir='ltr'>Spiritus</span> <span class='ocrx_word' id='word_1_251' title='bbox 895 1845 1044 1877; x_wconf 77' lang='lat' dir='ltr'>sanctus</span> <span class='ocrx_word' id='word_1_252' title='bbox 1083 1839 1191 1877; x_wconf 88' lang='lat' dir='ltr'>simul</span> <span class='ocrx_word' id='word_1_253' title='bbox 1232 1846 1518 1887; x_wconf 82' lang='lat' dir='ltr'>converteretur,</span> <span class='ocrx_word' id='word_1_254' title='bbox 1552 1845 1698 1896; x_wconf 86' lang='lat' dir='ltr'>iamque</span> 
     </span>
     <span class='ocr_line' id='line_1_28' title="bbox 175 1902 1697 1958; baseline 0.005 -19"><span class='ocrx_word' id='word_1_255' title='bbox 175 1902 358 1940; x_wconf 86' lang='lat' dir='ltr'>desineret</span> <span class='ocrx_word' id='word_1_256' title='bbox 392 1907 540 1940; x_wconf 82' lang='lat' dir='ltr'>aeterna</span> <span class='ocrx_word' id='word_1_257' title='bbox 577 1906 688 1953; x_wconf 89' lang='lat' dir='ltr'>atque</span> <span class='ocrx_word' id='word_1_258' title='bbox 722 1903 969 1941; x_wconf 78' lang='lat' dir='ltr'>immutabilis</span> <span class='ocrx_word' id='word_1_259' title='bbox 1006 1917 1086 1942; x_wconf 90' lang='lat' dir='ltr'>esse</span> <span class='ocrx_word' id='word_1_260' title='bbox 1132 1905 1258 1943; x_wconf 88' lang='lat' dir='ltr'>divina</span> <span class='ocrx_word' id='word_1_261' title='bbox 1302 1906 1366 1944; x_wconf 87' lang='lat' dir='ltr'>illa</span> <span class='ocrx_word' id='word_1_262' title='bbox 1411 1908 1574 1958; x_wconf 76' lang='lat' dir='ltr'>spiritUS,</span> <span class='ocrx_word' id='word_1_263' title='bbox 1622 1924 1697 1948; x_wconf 92' lang='lat' dir='ltr'>non</span> 
     </span>
     <span class='ocr_line' id='line_1_29' title="bbox 173 1967 1699 2025; baseline 0.005 -20"><span class='ocrx_word' id='word_1_264' title='bbox 173 1971 296 2006; x_wconf 90' lang='lat' dir='ltr'>autem</span> <span class='ocrx_word' id='word_1_265' title='bbox 326 1967 461 2012; x_wconf 87' lang='lat' dir='ltr'>earnis,</span> <span class='ocrx_word' id='word_1_266' title='bbox 483 1967 692 2014; x_wconf 80' lang='lat' dir='ltr'>existentia,</span> <span class='ocrx_word' id='word_1_267' title='bbox 719 1981 812 2018; x_wconf 86' lang='lat' dir='ltr'>quae</span> <span class='ocrx_word' id='word_1_268' title='bbox 839 1969 988 2019; x_wconf 81' lang='lat' dir='ltr'>quidem</span> <span class='ocrx_word' id='word_1_269' title='bbox 1016 1983 1091 2007; x_wconf 85' lang='lat' dir='ltr'>una</span> <span class='ocrx_word' id='word_1_270' title='bbox 1119 1975 1175 2008; x_wconf 86' lang='lat' dir='ltr'>est</span> <span class='ocrx_word' id='word_1_271' title='bbox 1201 1974 1313 2021; x_wconf 89' lang='lat' dir='ltr'>atque</span> <span class='ocrx_word' id='word_1_272' title='bbox 1328 1971 1454 2010; x_wconf 87' lang='lat' dir='ltr'>eadem</span> <span class='ocrx_word' id='word_1_273' title='bbox 1473 1986 1699 2025; x_wconf 88' lang='lat' dir='ltr'>prorsusque</span> 
     </span>
     <span class='ocr_line' id='line_1_30' title="bbox 172 2031 1696 2088; baseline 0.005 -19"><span class='ocrx_word' id='word_1_274' title='bbox 172 2031 367 2070; x_wconf 86' lang='lat' dir='ltr'>individua</span> <span class='ocrx_word' id='word_1_275' title='bbox 412 2032 458 2069; x_wconf 85' lang='lat' dir='ltr'>ab</span> <span class='ocrx_word' id='word_1_276' title='bbox 505 2035 654 2087; x_wconf 86' lang='lat' dir='ltr'>aeterno</span> <span class='ocrx_word' id='word_1_277' title='bbox 699 2036 735 2069; x_wconf 91' lang='lat' dir='ltr'>et</span> <span class='ocrx_word' id='word_1_278' title='bbox 777 2032 816 2069; x_wconf 90' lang='lat' dir='ltr'>in</span> <span class='ocrx_word' id='word_1_279' title='bbox 861 2033 969 2070; x_wconf 82' lang='lat' dir='ltr'>Patre</span> <span class='ocrx_word' id='word_1_280' title='bbox 1011 2033 1122 2071; x_wconf 88' lang='lat' dir='ltr'>simul</span> <span class='ocrx_word' id='word_1_281' title='bbox 1159 2041 1193 2072; x_wconf 87' lang='lat' dir='ltr'>et</span> <span class='ocrx_word' id='word_1_282' title='bbox 1228 2035 1268 2071; x_wconf 91' lang='lat' dir='ltr'>in</span> <span class='ocrx_word' id='word_1_283' title='bbox 1303 2035 1381 2072; x_wconf 90' lang='lat' dir='ltr'>filio</span> <span class='ocrx_word' id='word_1_284' title='bbox 1419 2040 1455 2073; x_wconf 89' lang='lat' dir='ltr'>et</span> <span class='ocrx_word' id='word_1_285' title='bbox 1489 2036 1528 2074; x_wconf 91' lang='lat' dir='ltr'>in</span> <span class='ocrx_word' id='word_1_286' title='bbox 1565 2038 1696 2088; x_wconf 84' lang='lat' dir='ltr'>spiritu</span> 
     </span>
     <span class='ocr_line' id='line_1_31' title="bbox 174 2096 1697 2149; baseline 0.005 -15"><span class='ocrx_word' id='word_1_287' title='bbox 174 2101 316 2143; x_wconf 86' lang='lat' dir='ltr'>sancto,</span> <span class='ocrx_word' id='word_1_288' title='bbox 345 2109 425 2134; x_wconf 87' lang='lat' dir='ltr'>eum</span> <span class='ocrx_word' id='word_1_289' title='bbox 454 2098 498 2143; x_wconf 75' lang='lat'>⁴),</span> <span class='ocrx_word' id='word_1_290' title='bbox 525 2096 691 2147; x_wconf 89' lang='lat' dir='ltr'>inquam,</span> <span class='ocrx_word' id='word_1_291' title='bbox 716 2096 756 2134; x_wconf 91' lang='lat' dir='ltr'>id</span> <span class='ocrx_word' id='word_1_292' title='bbox 784 2097 904 2135; x_wconf 81' lang='lat' dir='ltr'>modis</span> <span class='ocrx_word' id='word_1_293' title='bbox 933 2098 1108 2136; x_wconf 88' lang='lat' dir='ltr'>omnibus</span> <span class='ocrx_word' id='word_1_294' title='bbox 1135 2104 1318 2149; x_wconf 84' lang='lat' dir='ltr'>pugnaret</span> <span class='ocrx_word' id='word_1_295' title='bbox 1347 2112 1429 2137; x_wconf 89' lang='lat' dir='ltr'>eum</span> <span class='ocrx_word' id='word_1_296' title='bbox 1458 2105 1605 2139; x_wconf 89' lang='lat' dir='ltr'>aeterna</span> <span class='ocrx_word' id='word_1_297' title='bbox 1632 2103 1697 2141; x_wconf 90' lang='lat' dir='ltr'>illa</span> 
     </span>
     <span class='ocr_line' id='line_1_32' title="bbox 173 2160 1696 2213; baseline 0.003 -13"><span class='ocrx_word' id='word_1_298' title='bbox 173 2166 208 2200; x_wconf 88' lang='lat' dir='ltr'>et</span> <span class='ocrx_word' id='word_1_299' title='bbox 243 2160 470 2199; x_wconf 87' lang='lat' dir='ltr'>immutabili</span> <span class='ocrx_word' id='word_1_300' title='bbox 506 2173 651 2211; x_wconf 85' lang='lat' dir='ltr'>unaque</span> <span class='ocrx_word' id='word_1_301' title='bbox 685 2160 775 2197; x_wconf 90' lang='lat' dir='ltr'>item</span> <span class='ocrx_word' id='word_1_302' title='bbox 802 2164 839 2198; x_wconf 90' lang='lat' dir='ltr'>et</span> <span class='ocrx_word' id='word_1_303' title='bbox 879 2161 961 2209; x_wconf 87' lang='lat' dir='ltr'>(fol.</span> <span class='ocrx_word' id='word_1_304' title='bbox 990 2163 1072 2209; x_wconf 67' lang='lat'>51³¹)</span> <span class='ocrx_word' id='word_1_305' title='bbox 1102 2161 1226 2199; x_wconf 86' lang='lat' dir='ltr'>eadem</span> <span class='ocrx_word' id='word_1_306' title='bbox 1255 2175 1297 2200; x_wconf 88' lang='lat' dir='ltr'>ac</span> <span class='ocrx_word' id='word_1_307' title='bbox 1323 2175 1476 2213; x_wconf 87' lang='lat' dir='ltr'>prorsus</span> <span class='ocrx_word' id='word_1_308' title='bbox 1502 2164 1696 2205; x_wconf 83' lang='lat' dir='ltr'>individua</span> 
     </span>
     <span class='ocr_line' id='line_1_33' title="bbox 174 2224 1696 2281; baseline 0.004 -18"><span class='ocrx_word' id='word_1_309' title='bbox 174 2226 395 2270; x_wconf 87' lang='lat' dir='ltr'>divinitatis,</span> <span class='ocrx_word' id='word_1_310' title='bbox 422 2239 494 2277; x_wconf 87' lang='lat' dir='ltr'>qua</span> <span class='ocrx_word' id='word_1_311' title='bbox 523 2224 622 2263; x_wconf 91' lang='lat' dir='ltr'>Deus</span> <span class='ocrx_word' id='word_1_312' title='bbox 651 2225 799 2276; x_wconf 89' lang='lat' dir='ltr'>spiritus</span> <span class='ocrx_word' id='word_1_313' title='bbox 828 2229 883 2263; x_wconf 85' lang='lat' dir='ltr'>est</span> <span class='ocrx_word' id='word_1_314' title='bbox 910 2228 954 2275; x_wconf 75' lang='grc'>5),</span> <span class='ocrx_word' id='word_1_315' title='bbox 980 2226 1019 2263; x_wconf 90' lang='lat' dir='ltr'>in</span> <span class='ocrx_word' id='word_1_316' title='bbox 1047 2230 1152 2277; x_wconf 87' lang='lat' dir='ltr'>patre</span> <span class='ocrx_word' id='word_1_317' title='bbox 1177 2227 1315 2277; x_wconf 88' lang='lat' dir='ltr'>pariter</span> <span class='ocrx_word' id='word_1_318' title='bbox 1342 2240 1384 2264; x_wconf 87' lang='lat' dir='ltr'>ac</span> <span class='ocrx_word' id='word_1_319' title='bbox 1411 2228 1489 2265; x_wconf 93' lang='lat' dir='ltr'>filio</span> <span class='ocrx_word' id='word_1_320' title='bbox 1509 2233 1546 2267; x_wconf 89' lang='lat' dir='ltr'>et</span> <span class='ocrx_word' id='word_1_321' title='bbox 1563 2230 1696 2281; x_wconf 84' lang='lat' dir='ltr'>spiritu</span> 
     </span>
     <span class='ocr_line' id='line_1_34' title="bbox 173 2287 1695 2338; baseline 0.003 -10"><span class='ocrx_word' id='word_1_322' title='bbox 173 2294 302 2329; x_wconf 80' lang='lat' dir='ltr'>sancto</span> <span class='ocrx_word' id='word_1_323' title='bbox 346 2289 555 2333; x_wconf 84' lang='lat' dir='ltr'>existentia,</span> <span class='ocrx_word' id='word_1_324' title='bbox 591 2292 632 2326; x_wconf 89' lang='lat' dir='ltr'>ut</span> <span class='ocrx_word' id='word_1_325' title='bbox 667 2287 767 2326; x_wconf 83' lang='lat' dir='ltr'>Deus</span> <span class='ocrx_word' id='word_1_326' title='bbox 808 2289 908 2326; x_wconf 89' lang='lat' dir='ltr'>filius</span> <span class='ocrx_word' id='word_1_327' title='bbox 945 2289 984 2327; x_wconf 94' lang='lat' dir='ltr'>in</span> <span class='ocrx_word' id='word_1_328' title='bbox 1024 2303 1170 2328; x_wconf 87' lang='lat' dir='ltr'>carnem</span> <span class='ocrx_word' id='word_1_329' title='bbox 1209 2303 1271 2327; x_wconf 86' lang='lat' dir='ltr'>seu</span> <span class='ocrx_word' id='word_1_330' title='bbox 1308 2290 1517 2338; x_wconf 89' lang='lat' dir='ltr'>hominem,</span> <span class='ocrx_word' id='word_1_331' title='bbox 1553 2298 1695 2333; x_wconf 83' lang='lat' dir='ltr'>mutata</span> 
     </span>
     <span class='ocr_line' id='line_1_35' title="bbox 173 2354 1696 2410; baseline 0.003 -17"><span class='ocrx_word' id='word_1_332' title='bbox 173 2355 326 2407; x_wconf 86' lang='lat' dir='ltr'>spiritus</span> <span class='ocrx_word' id='word_1_333' title='bbox 353 2354 561 2399; x_wconf 81' lang='lat' dir='ltr'>existentia,</span> <span class='ocrx_word' id='word_1_334' title='bbox 590 2357 803 2398; x_wconf 86' lang='lat' dir='ltr'>verteretur,</span> <span class='ocrx_word' id='word_1_335' title='bbox 821 2358 923 2392; x_wconf 83' lang='lat' dir='ltr'>—et</span> <span class='ocrx_word' id='word_1_336' title='bbox 949 2358 1076 2392; x_wconf 85' lang='lat' dir='ltr'>tamen</span> <span class='ocrx_word' id='word_1_337' title='bbox 1102 2355 1220 2392; x_wconf 89' lang='lat' dir='ltr'>filium</span> <span class='ocrx_word' id='word_1_338' title='bbox 1247 2354 1328 2401; x_wconf 89' lang='lat' dir='ltr'>Dei,</span> <span class='ocrx_word' id='word_1_339' title='bbox 1354 2359 1396 2393; x_wconf 92' lang='lat' dir='ltr'>ut</span> <span class='ocrx_word' id='word_1_340' title='bbox 1416 2356 1562 2395; x_wconf 90' lang='lat' dir='ltr'>decreto</span> <span class='ocrx_word' id='word_1_341' title='bbox 1580 2361 1696 2410; x_wconf 86' lang='lat' dir='ltr'>patris</span> 
     </span>
     <span class='ocr_line' id='line_1_36' title="bbox 174 2417 1695 2464; baseline 0.003 -7"><span class='ocrx_word' id='word_1_342' title='bbox 174 2419 231 2457; x_wconf 88' lang='lat' dir='ltr'>sui</span> <span class='ocrx_word' id='word_1_343' title='bbox 272 2419 312 2456; x_wconf 91' lang='lat' dir='ltr'>in</span> <span class='ocrx_word' id='word_1_344' title='bbox 356 2417 586 2456; x_wconf 83' lang='lat' dir='ltr'>restituenda</span> <span class='ocrx_word' id='word_1_345' title='bbox 637 2417 747 2455; x_wconf 86' lang='lat' dir='ltr'>nobis</span> <span class='ocrx_word' id='word_1_346' title='bbox 801 2419 917 2456; x_wconf 85' lang='lat' dir='ltr'>salute</span> <span class='ocrx_word' id='word_1_347' title='bbox 961 2423 1089 2456; x_wconf 89' lang='lat' dir='ltr'>nostra</span> <span class='ocrx_word' id='word_1_348' title='bbox 1126 2419 1366 2464; x_wconf 86' lang='lat' dir='ltr'>satisfaceret,</span> <span class='ocrx_word' id='word_1_349' title='bbox 1402 2420 1589 2460; x_wconf 89' lang='lat' dir='ltr'>hominem</span> <span class='ocrx_word' id='word_1_350' title='bbox 1634 2438 1695 2462; x_wconf 86' lang='lat' dir='ltr'>scu</span> 
     </span>
     <span class='ocr_line' id='line_1_37' title="bbox 174 2481 1695 2537; baseline 0.003 -16"><span class='ocrx_word' id='word_1_351' title='bbox 174 2496 323 2522; x_wconf 86' lang='lat' dir='ltr'>earnem</span> <span class='ocrx_word' id='word_1_352' title='bbox 358 2483 438 2520; x_wconf 85' lang='lat' dir='ltr'>fieri</span> <span class='ocrx_word' id='word_1_353' title='bbox 466 2486 663 2533; x_wconf 86' lang='lat' dir='ltr'>oporteret,</span> <span class='ocrx_word' id='word_1_354' title='bbox 691 2481 736 2519; x_wconf 85' lang='lat' dir='ltr'>ad</span> <span class='ocrx_word' id='word_1_355' title='bbox 764 2482 1102 2532; x_wconf 77' lang='lat' dir='ltr'>redintegrandam,</span> <span class='ocrx_word' id='word_1_356' title='bbox 1128 2496 1220 2534; x_wconf 90' lang='lat' dir='ltr'>quae</span> <span class='ocrx_word' id='word_1_357' title='bbox 1251 2496 1317 2534; x_wconf 86' lang='lat' dir='ltr'>per</span> <span class='ocrx_word' id='word_1_358' title='bbox 1344 2488 1493 2523; x_wconf 90' lang='lat' dir='ltr'>nostros</span> <span class='ocrx_word' id='word_1_359' title='bbox 1520 2490 1695 2537; x_wconf 87' lang='lat' dir='ltr'>progeni-</span> 
     </span>
     <span class='ocr_line' id='line_1_38' title="bbox 171 2547 1695 2600; baseline 0.001 -13"><span class='ocrx_word' id='word_1_360' title='bbox 171 2553 270 2587; x_wconf 87' lang='lat' dir='ltr'>tores</span> <span class='ocrx_word' id='word_1_361' title='bbox 298 2548 435 2586; x_wconf 83' lang='lat' dir='ltr'>violata</span> <span class='ocrx_word' id='word_1_362' title='bbox 461 2548 593 2591; x_wconf 81' lang='lat' dir='ltr'>fuerat,</span> <span class='ocrx_word' id='word_1_363' title='bbox 621 2550 788 2584; x_wconf 82' lang='lat' dir='ltr'>nostram</span> <span class='ocrx_word' id='word_1_364' title='bbox 813 2547 852 2585; x_wconf 91' lang='lat' dir='ltr'>in</span> <span class='ocrx_word' id='word_1_365' title='bbox 882 2560 991 2585; x_wconf 88' lang='lat' dir='ltr'>carne</span> <span class='ocrx_word' id='word_1_366' title='bbox 1018 2548 1128 2585; x_wconf 88' lang='lat' dir='ltr'>etiam</span> <span class='ocrx_word' id='word_1_367' title='bbox 1155 2551 1284 2585; x_wconf 83' lang='lat' dir='ltr'>nostra</span> <span class='ocrx_word' id='word_1_368' title='bbox 1311 2548 1561 2588; x_wconf 87' lang='lat' dir='ltr'>obedientiam</span> <span class='ocrx_word' id='word_1_369' title='bbox 1580 2552 1625 2600; x_wconf 82' lang='grc'>6),</span> <span class='ocrx_word' id='word_1_370' title='bbox 1643 2575 1695 2584; x_wconf 89' lang='lat'>-</span> 
     </span>
     <span class='ocr_line' id='line_1_39' title="bbox 172 2611 1695 2664; baseline 0.003 -14"><span class='ocrx_word' id='word_1_371' title='bbox 172 2613 292 2651; x_wconf 89' lang='lat' dir='ltr'>visum</span> <span class='ocrx_word' id='word_1_372' title='bbox 331 2617 387 2650; x_wconf 89' lang='lat' dir='ltr'>est</span> <span class='ocrx_word' id='word_1_373' title='bbox 422 2612 518 2664; x_wconf 84' lang='lat' dir='ltr'>patri</span> <span class='ocrx_word' id='word_1_374' title='bbox 554 2611 645 2657; x_wconf 82' lang='lat' dir='ltr'>Deo,</span> <span class='ocrx_word' id='word_1_375' title='bbox 681 2615 722 2648; x_wconf 90' lang='lat' dir='ltr'>ut</span> <span class='ocrx_word' id='word_1_376' title='bbox 757 2611 972 2660; x_wconf 85' lang='lat' dir='ltr'>unigenitus</span> <span class='ocrx_word' id='word_1_377' title='bbox 1014 2611 1092 2649; x_wconf 89' lang='lat' dir='ltr'>eius</span> <span class='ocrx_word' id='word_1_378' title='bbox 1129 2612 1225 2649; x_wconf 91' lang='lat' dir='ltr'>filius</span> <span class='ocrx_word' id='word_1_379' title='bbox 1260 2612 1298 2650; x_wconf 90' lang='lat' dir='ltr'>in</span> <span class='ocrx_word' id='word_1_380' title='bbox 1336 2626 1402 2650; x_wconf 83' lang='lat' dir='ltr'>sua</span> <span class='ocrx_word' id='word_1_381' title='bbox 1436 2614 1695 2655; x_wconf 78' lang='lat' dir='ltr'>incarnatione</span> 
     </span>
     <span class='ocr_line' id='line_1_40' title="bbox 172 2675 1694 2728; baseline 0.004 -14"><span class='ocrx_word' id='word_1_382' title='bbox 172 2690 250 2714; x_wconf 88' lang='lat' dir='ltr'>non</span> <span class='ocrx_word' id='word_1_383' title='bbox 294 2676 464 2728; x_wconf 86' lang='lat' dir='ltr'>equidem</span> <span class='ocrx_word' id='word_1_384' title='bbox 503 2679 687 2714; x_wconf 84' lang='lat' dir='ltr'>aeternam</span> <span class='ocrx_word' id='word_1_385' title='bbox 727 2675 877 2726; x_wconf 88' lang='lat' dir='ltr'>spiritus</span> <span class='ocrx_word' id='word_1_386' title='bbox 915 2675 1017 2713; x_wconf 88' lang='lat' dir='ltr'>illam</span> <span class='ocrx_word' id='word_1_387' title='bbox 1060 2676 1296 2714; x_wconf 81' lang='lat' dir='ltr'>existentiam</span> <span class='ocrx_word' id='word_1_388' title='bbox 1340 2678 1462 2716; x_wconf 87' lang='lat' dir='ltr'>carnis</span> <span class='ocrx_word' id='word_1_389' title='bbox 1499 2680 1694 2720; x_wconf 86' lang='lat' dir='ltr'>existentia</span> 
     </span>
    </p>
   </div>
   <div class='ocr_carea' id='block_1_3' title="bbox 213 2816 1586 2915">
    <p class='ocr_par' dir='ltr' id='par_1_5' title="bbox 213 2816 1586 2915">
     <span class='ocr_line' id='line_1_41' title="bbox 216 2816 1586 2859; baseline 0.001 -10"><span class='ocrx_word' id='word_1_390' title='bbox 216 2819 240 2856; x_wconf 67' lang='lat'>0)</span> <span class='ocrx_word' id='word_1_391' title='bbox 263 2818 282 2849; x_wconf 84' lang='lat'><strong>2</strong></span> <span class='ocrx_word' id='word_1_392' title='bbox 305 2818 386 2851; x_wconf 83' lang='lat' dir='ltr'>Tim.</span> <span class='ocrx_word' id='word_1_393' title='bbox 412 2819 439 2851; x_wconf 89' lang='grc'>1.</span> <span class='ocrx_word' id='word_1_394' title='bbox 463 2817 544 2859; x_wconf 89' lang='lat' dir='ltr'>Eph.</span> <span class='ocrx_word' id='word_1_395' title='bbox 569 2817 597 2849; x_wconf 89' lang='lat'>1.</span> <span class='ocrx_word' id='word_1_396' title='bbox 683 2816 708 2856; x_wconf 75' lang='lat'>2)</span> <span class='ocrx_word' id='word_1_397' title='bbox 733 2816 813 2849; x_wconf 83' lang='lat' dir='ltr'>Heb.</span> <span class='ocrx_word' id='word_1_398' title='bbox 837 2816 865 2848; x_wconf 71' lang='lat'>2.</span> <span class='ocrx_word' id='word_1_399' title='bbox 952 2816 977 2856; x_wconf 81' lang='lat'>³)</span> <span class='ocrx_word' id='word_1_400' title='bbox 1002 2816 1091 2849; x_wconf 87' lang='lat' dir='ltr'>Osce.</span> <span class='ocrx_word' id='word_1_401' title='bbox 1117 2817 1164 2849; x_wconf 87' lang='lat'>13.</span> <span class='ocrx_word' id='word_1_402' title='bbox 1190 2817 1252 2850; x_wconf 85' lang='lat' dir='ltr'>lac.</span> <span class='ocrx_word' id='word_1_403' title='bbox 1279 2817 1295 2849; x_wconf 87' lang='lat' dir='ltr'>l</span> <span class='ocrx_word' id='word_1_404' title='bbox 1391 2818 1418 2857; x_wconf 62' lang='grc' dir='ltr'>Δ&gt;</span> <span class='ocrx_word' id='word_1_405' title='bbox 1442 2818 1534 2851; x_wconf 88' lang='lat' dir='ltr'>Deut.</span> <span class='ocrx_word' id='word_1_406' title='bbox 1559 2820 1586 2856; x_wconf 88' lang='grc'>6,</span> 
     </span>
     <span class='ocr_line' id='line_1_42' title="bbox 213 2873 682 2915; baseline -0.004 -9"><span class='ocrx_word' id='word_1_407' title='bbox 213 2875 239 2915; x_wconf 72' lang='lat'>⁸)</span> <span class='ocrx_word' id='word_1_408' title='bbox 263 2874 309 2907; x_wconf 84' lang='lat' dir='ltr'>Io.</span> <span class='ocrx_word' id='word_1_409' title='bbox 332 2875 361 2907; x_wconf 84' lang='lat'>4.</span> <span class='ocrx_word' id='word_1_410' title='bbox 488 2875 514 2914; x_wconf 68' lang='grc' dir='ltr'>ὅ)</span> <span class='ocrx_word' id='word_1_411' title='bbox 540 2875 628 2905; x_wconf 84' lang='lat' dir='ltr'>Rom.</span> <span class='ocrx_word' id='word_1_412' title='bbox 653 2873 682 2905; x_wconf 87' lang='lat'>8.</span> 
     </span>
    </p>
   </div>
  </div>
 </body>
</html>
