1818 3178
150 135 218 170 128
495 139 546 164 DE
573 135 851 163 SACRAMENTIS
881 132 1092 160 ECCLESIAE
1120 133 1295 160 CHRIsTI.

142 251 240 280 terea
275 249 310 279 ct
345 241 449 278 tollat
485 239 598 274 multa
636 235 835 272 Doctrinae
867 234 1032 275 dissidia,
1072 233 1266 284 fontesque
1300 247 1426 271 eorum
1456 245 1648 272 common-

146 311 246 347 stret,
280 317 322 341 ac
353 304 469 353 ipsam
505 300 578 337 vim
614 312 656 336 ac
690 302 862 336 naturam
897 296 1064 333 omnium
1090 301 1408 335 sacramentorum
1433 297 1648 347 planissime

143 374 312 420 exponat.

194 435 301 470 quta
328 431 423 467 hanc
447 428 562 476 igitur
587 425 864 476 usurpationem
893 423 1113 461 sacramenti
1138 437 1267 462 vocem
1294 429 1329 463 et
1356 438 1425 462 nos
1454 425 1494 462 in
1522 429 1649 462 nostra

143 499 209 535 hac
243 495 460 533 tractatione
495 492 736 541 accipiemus,
771 494 881 539 atque
916 489 1125 536 generalem
1163 489 1350 539 quandam
1393 495 1480 528 ante
1523 490 1650 527 onmia

141 559 357 599 sacramenti
384 555 666 606 descriptionem
691 566 953 604 proponemus,
979 565 1072 603 quae
1100 565 1168 589 nos
1195 553 1240 590 ad
1262 554 1485 592 exactiorem
1502 554 1650 591 demum

141 630 348 662 nostrorum
375 623 687 658 sacramentorum
715 617 968 655 definitionem
995 617 1110 654 veluti
1135 619 1373 657 manuducat.

190 689 464 725 Sacramentum
497 684 620 732 itaque
647 683 683 719 in
712 694 844 730 genere
872 681 1029 718 dicimus
1055 694 1134 718 esse
1162 681 1336 719 Divinam
1363 683 1650 729 ordinationem,

138 765 229 802 quac
265 750 405 788 duabus
440 748 607 798 partibus
643 750 800 789 constat,
837 759 967 796 nempe
994 746 1101 795 signo
1129 746 1268 783 visibili
1295 751 1331 784 et
1357 747 1540 784 invisibili
1568 761 1646 797 my-

138 817 261 861 sterio,
286 820 327 852 ut
353 814 419 850 fini
447 825 524 857 suc,
551 812 597 849 ad
624 824 733 861 quem
760 815 814 848 est
842 811 1024 856 ordinata,
1050 811 1286 861 respondeat.

189 881 244 919 Ad
282 880 376 917 hanc
411 876 692 927 descriptionem
730 876 895 913 revocari
930 880 1075 926 oportet
1110 889 1151 913 ea
1189 876 1325 921 omnia,
1360 889 1455 926 quae
1488 889 1556 927 pro
1590 890 1649 914 sa·

138 944 333 983 oramentis
366 948 429 980 aut
468 942 542 979 sint
581 941 705 978 habita
741 941 824 988 (fol.
856 942 937 988 16³)
971 953 1149 990 unquam,
1185 947 1248 978 aut
1283 940 1412 978 haberi
1446 941 1649 979 etiamnum

137 1011 293 1047 debeant
327 1008 365 1045 in
404 1005 566 1043 Ecclesia
603 1005 753 1043 Christi.
806 1005 971 1042 Primum
1007 1005 1106 1042 enim
1143 1018 1223 1042 cum
1262 1005 1431 1042 unanimi
1467 1018 1651 1043 consensu

138 1074 314 1116 omnium,
350 1072 411 1122 qui
446 1071 547 1108 iuxta
581 1070 732 1107 verbum
770 1069 839 1106 Dei
877 1070 920 1107 de
956 1070 1207 1107 Sacramentis
1242 1069 1423 1114 iudicant,
1449 1070 1487 1108 in
1518 1071 1650 1108 Sacra-

137 1138 270 1175 mentis
307 1137 450 1185 signum
488 1135 643 1172 Divinae
677 1147 764 1182 erga
793 1146 861 1171 nos
887 1133 1028 1183 gratiae
1055 1139 1299 1183 agnoscatur3
1328 1134 1493 1185 adeoque
1519 1138 1555 1172 et
1584 1136 1649 1172 Sa-

139 1208 322 1239 cramenta
358 1201 436 1250 ipsa
472 1199 606 1250 passim
643 1198 748 1247 signa
783 1198 924 1247 gratiae
957 1204 1147 1237 vocentur.
1199 1199 1352 1236 Gratiae
1379 1212 1464 1236 vero
1493 1199 1651 1237 Divinae

137 1265 404 1309 testimonium,
431 1264 527 1314 quod
556 1263 702 1314 quidem
733 1263 780 1300 sit
807 1276 930 1307 veraX,
957 1276 1064 1300 nemo
1091 1276 1243 1314 prorsus
1271 1264 1380 1301 nobis
1409 1264 1495 1301 dare
1520 1265 1651 1315 possit,

138 1330 210 1367 nisi
237 1329 300 1379 qui
326 1334 360 1366 et
385 1328 485 1365 illius
512 1330 619 1364 autor
645 1330 712 1370 est,
739 1326 836 1364 idem
863 1327 1017 1377 ipsemet
1044 1327 1215 1364 videlicet
1242 1327 1354 1366 Deus.
1409 1327 1590 1378 Equidem
1620 1327 1651 1364 si

139 1395 373 1431 Sacramenta
410 1405 519 1429 verax
553 1392 670 1428 ullum
706 1391 847 1440 gratiae
882 1404 969 1440 erga
998 1404 1066 1429 nos
1094 1391 1252 1429 Divinae
1280 1391 1428 1441 signum
1455 1396 1518 1429 aut
1546 1391 1650 1429 testi-

137 1457 303 1494 monium
331 1456 521 1506 complecti
550 1455 721 1500 debeant,
746 1468 766 1492 a
795 1455 942 1492 nemine
968 1455 1054 1501 alio,
1081 1469 1193 1506 quam
1219 1455 1349 1493 eodem
1375 1455 1533 1506 ipsomet
1560 1455 1650 1500 Deo,

139 1521 202 1571 qui
237 1522 336 1558 solus
372 1525 407 1558 et
442 1533 550 1557 verax
579 1524 613 1557 et
640 1520 761 1557 omnis
789 1520 930 1569 gratiae
957 1524 1065 1557 autor
1092 1524 1159 1564 est,
1194 1520 1361 1560 ordinari
1399 1520 1651 1570 constituique

137 1589 304 1636 possunt.
357 1584 452 1621 Quis
487 1584 586 1621 enim
622 1583 741 1621 Deum
777 1583 870 1621 vidit
905 1585 1098 1634 unquam?
1135 1587 1197 1621 aut
1234 1584 1317 1634 quis
1351 1583 1408 1620 illi
1436 1597 1456 1620 a
1485 1584 1651 1621 consiliis

138 1648 234 1685 fuit?
288 1647 429 1684 Deinde
462 1660 543 1683 cum
579 1646 757 1697 scriptura
791 1647 870 1697 ipsa
908 1647 1033 1684 omnia
1068 1648 1128 1693 ea,
1169 1660 1263 1697 quae
1297 1660 1364 1697 pro
1403 1647 1651 1684 Sacramentis

138 1711 332 1755 habentur,
365 1710 462 1747 inter
498 1710 603 1758 signa
640 1714 818 1756 numeret,
854 1714 889 1748 et
923 1710 1073 1748 interim
1108 1711 1183 1748 illis
1217 1715 1364 1748 aeterna
1398 1711 1538 1759 gratiae
1565 1724 1651 1748 suae

139 1773 236 1810 dona
263 1772 447 1821 designari
475 1772 615 1818 doceat,
649 1786 741 1822 quae
768 1773 842 1810 sint
870 1773 1041 1810 videlicet
1067 1777 1103 1810 et
1128 1773 1340 1823 praeterita,
1367 1777 1549 1824 quatenus
1575 1773 1650 1810 iam

139 1838 228 1874 olim
263 1836 371 1874 nobis
408 1841 494 1874 sunt
529 1837 660 1879 delata,
686 1841 722 1874 et
747 1838 968 1887 praesentia,
1001 1841 1183 1888 quatenus
1209 1842 1387 1888 perpetuo
1414 1838 1651 1885 exhibentur,

139 1913 257 1951 neque
293 1913 432 1938 cessare
466 1913 629 1950 unquam
664 1905 840 1950 possunt,
876 1905 911 1938 et
938 1902 1076 1947 futura,
1103 1905 1288 1952 quatenus
1315 1902 1465 1939 illorum
1491 1901 1649 1950 gloriam

138 1966 260 2004 adhuc
287 1965 354 2003 sub
383 1979 444 2015 spe
472 1965 672 2002 certissima
698 1969 782 2015 post
809 1970 974 2003 nostram
1002 1966 1311 2003 resurrectionem
1329 1969 1582 2016 expectamus3
1599 1987 1650 1995 ——

138 2030 371 2081 perspicuum
396 2030 479 2077 (fol.
508 2030 592 2075 161³)
628 2032 695 2073 est,
729 2030 964 2067 Sacramenta
999 2030 1077 2080 ipsa
1106 2043 1183 2067 non
1209 2033 1357 2067 tantum
1384 2029 1501 2078 signis
1528 2033 1649 2067 exter-

140 2095 210 2138 nis,
243 2094 377 2143 quibus
405 2093 502 2130 dona
529 2093 669 2141 gratiae
696 2093 976 2138 adumbrantur,
1014 2094 1076 2132 sed
1103 2094 1183 2145 ipsa
1211 2095 1322 2132 etiam
1352 2094 1537 2132 donorum
1564 2107 1648 2144 per-

140 2158 362 2207 petuatione,
396 2156 559 2206 adeoque
595 2159 630 2192 et
657 2155 886 2193 exhibitione
914 2161 1095 2201 constare,
1134 2160 1197 2194 sed
1225 2169 1318 2207 quae
1344 2161 1465 2194 tamen
1493 2157 1533 2193 in
1559 2156 1651 2207 ipsis

141 2221 256 2269 signis
293 2220 626 2257 Sacramentalibus
663 2220 841 2257 constitui
876 2234 993 2272 neque
1028 2221 1170 2265 debeat,
1206 2234 1323 2271 neque
1357 2221 1488 2271 possit,
1521 2234 1650 2271 quem-

142 2285 338 2321 admodum
375 2289 501 2334 postea
536 2284 687 2327 dicetur,
723 2288 760 2322 et
794 2285 867 2322 iam
903 2290 1010 2323 antea
1046 2287 1157 2336 paulo
1194 2290 1249 2323 est
1283 2285 1404 2323 obiter
1430 2285 1650 2323 indicatum.

143 2350 345 2391 Postremo,
382 2361 461 2385 cum
497 2348 595 2386 Deus
631 2349 726 2386 nihil
751 2353 901 2391 temere,
929 2350 991 2387 sed
1020 2355 1118 2388 certo
1148 2363 1214 2388 suo
1243 2350 1374 2387 ordine
1400 2354 1486 2399 agat
1513 2349 1651 2394 omnia,

144 2412 292 2449 dubium
331 2425 402 2449 non
440 2417 561 2462 potest
596 2426 685 2456 esse.
717 2414 807 2464 quin
844 2418 878 2451 et
915 2419 1144 2453 sacramenta.
1170 2414 1309 2456 omnia.
1335 2427 1418 2451 cum
1447 2415 1521 2451 sint
1548 2414 1650 2451 ordi-

143 2476 244 2514 natio
280 2475 360 2520 Dei,
393 2476 597 2514 subservire
631 2478 664 2514 ei
699 2477 766 2514 fini
792 2482 970 2528 oporteat,
996 2484 1145 2529 propter
1172 2492 1281 2530 quem
1307 2479 1479 2516 instituta
1505 2491 1585 2516 esse
1610 2478 1650 2516 in

145 2540 336 2589 scripturis
364 2540 539 2578 videmus.
594 2542 670 2578 Qui
698 2555 783 2579 vero
813 2542 859 2579 sit
885 2544 1102 2594 praecipuus
1129 2544 1216 2581 finis
1243 2544 1411 2581 omnium
1440 2555 1649 2580 sacramen·

142 2608 278 2647 torum,
305 2603 342 2640 id
371 2616 435 2640 suo
464 2604 544 2639 loco
572 2610 696 2654 postea
722 2612 937 2656 exponetur.

196 2667 371 2703 Videmus
407 2680 493 2715 ergo
531 2669 735 2714 generalem
773 2670 868 2706 hanc
896 2675 1209 2709 sacramentorum
1240 2670 1523 2721 descriptionem
1552 2674 1650 2707 recte

145 2744 163 2767 a
193 2731 300 2767 nobis
327 2730 483 2779 positam
511 2743 599 2773 esse,
627 2732 820 2781 omniaque
847 2736 891 2770 ad
919 2734 1031 2780 illam,
1058 2748 1150 2784 quae
1177 2748 1244 2785 pro
1273 2734 1511 2772 sacramentis
1538 2733 1650 2770 modo

147 2794 273 2830 haberi
309 2794 478 2835 debeant,
506 2794 631 2830 referri
660 2801 837 2844 oportere.
884 2798 967 2841 Sed,
995 2800 1171 2848 quoniam
1199 2799 1300 2836 varia
1327 2804 1414 2836 sunt
1441 2811 1650 2836 sacramen-

143 2861 262 2904 torum
292 2870 439 2907 genera,
466 2857 774 2907 quelmulmodum
803 2865 887 2897 sunt
916 2861 1007 2898 varii
1035 2862 1144 2899 ctiam
1174 2862 1330 2900 Divinae
1356 2875 1442 2910 erga
1472 2875 1540 2899 nos
1564 2874 1649 2910 gra-
