1818 3178
219 98 294 133 566
869 106 924 132 ιι».
954 107 1099 134 noc-ra.

220 204 429 243 substantia
457 211 513 241 est
542 204 756 241 communio
785 205 950 255 corporis
979 205 1132 249 Christi,
1161 219 1245 245 cum
1272 221 1380 247 nemo
1407 210 1458 246 ita
1487 209 1536 247 sit
1563 209 1666 248 rudis
1693 216 1735 249 ut

219 281 297 308 non
326 268 459 313 videat,
486 280 562 305 non
587 268 695 318 panis
723 267 935 306 substantia
962 269 1034 306 hoc
1062 269 1164 315 effici,
1182 278 1224 308 ut
1240 273 1280 309 in
1300 285 1413 311 coena
1434 274 1581 324 corpori
1601 275 1741 313 Christi

220 331 550 376 communicemus,
577 332 641 368 sed
668 331 748 382 ipsa
776 332 973 376 fractione,
1000 333 1039 371 h.
1066 346 1113 379 e.‚
1140 334 1280 372 Christi
1307 336 1556 376 institutione.
1592 338 1742 389 Perspi-

221 409 329 433 cuum
365 401 422 433 est
455 395 572 444 igitur
607 400 642 433 ct
677 409 723 433 ex
758 395 874 433 Paulo
902 402 936 434 et
965 410 1009 434 ex
1037 397 1094 435 his
1123 412 1215 449 quae
1243 399 1418 446 diximus,
1443 415 1649 452 pronomen
1676 403 1741 440 de-

219 460 507 497 monstrativum
541 466 662 500 τοῦτο
700 460 830 497 referri
867 464 1037 511 oportere
1072 474 1149 499 non
1182 463 1228 499 ad
1255 463 1363 514 panis
1391 466 1650 513 substantiam,
1678 467 1743 505 scd

219 524 265 562 ad
303 529 421 561 totam
458 537 593 561 coenae
628 537 722 575 quae
756 530 836 562 tum
871 524 1138 563 instituebatur
1165 527 1362 574 actionem,
1388 533 1430 565 ut
1457 528 1518 566 hic
1545 531 1742 569 verborum

219 599 358 624 coenae
384 600 535 624 sensus:
566 586 682 624 Quod
708 599 809 624 nunc
836 587 876 624 in
905 600 1040 625 coenae
1066 601 1170 626 meae
1197 589 1303 628 istius
1330 589 1478 628 actione
1497 592 1610 629 veluti
1627 598 1742 631 testa-

220 656 348 689 mento
383 663 467 688 meo
494 650 568 688 iam
595 650 671 688 iam
696 650 903 688 moriturus
929 651 1090 689 instituo
1118 652 1188 690 sub
1216 653 1323 703 panis
1352 653 1462 691 huius
1489 654 1673 694 fractione
1698 670 1741 694 ac

220 728 298 760 esu,
335 714 404 753 sub
438 715 565 766 poculi
590 714 681 752 item
718 713 828 752 huius
855 715 1010 765 potione
1044 719 1080 753 et
1107 716 1315 765 gratiarum
1342 717 1501 764 actione,
1527 719 1595 756 hoc
1620 718 1741 769 ipsum

219 783 343 818 totum
377 784 436 817 est
472 792 607 828 corpus
643 793 764 826 meum,
799 779 837 818 h.
865 793 911 826 e.‚
948 781 1161 818 communio
1201 781 1368 832 corporis
1395 782 1480 828 mei,
1506 787 1563 820 est
1591 783 1743 832 sanquis

219 857 327 890 meus,
363 843 400 882 h.
429 857 474 887 e.‚
502 843 715 881 communio
754 843 948 892 sanguinis
984 844 1069 882 mei.
1123 844 1171 882 In
1200 844 1270 882 hac
1296 858 1408 896 porro
1437 845 1742 897 interpretatione

220 909 252 946 si
289 907 607 959 reprehendimur,
645 920 731 945 cum
758 908 874 946 Paulo
903 908 1014 946 simul
1041 908 1361 959 reprehendimur,
1388 910 1497 948 huius
1523 911 1743 962 interpreta—

218 972 335 1010 tionis
371 977 511 1011 autore.
564 971 605 1009 Si
642 984 729 1009 vero
767 985 844 1010 non
881 972 1200 1023 reprehendimur,
1237 974 1348 1011 facile
1373 979 1525 1025 apparet
1561 989 1638 1013 non
1675 989 1741 1013 suo

218 1036 304 1073 loco
340 1049 385 1073 ex
417 1035 540 1073 verbis
577 1048 715 1073 coenae
751 1036 879 1085 colligi
905 1036 1101 1087 physicam
1129 1037 1233 1074 illam
1260 1051 1323 1075 seu
1350 1039 1485 1075 realem
1513 1039 1680 1090 corporis
1702 1039 1742 1077 in

219 1115 316 1153 pane
350 1100 613 1152 praesentiam,
638 1100 777 1138 nedum
804 1101 1278 1141 transsubstantiationem.
1316 1103 1356 1139 Si
1383 1104 1483 1140 enim
1509 1117 1630 1154 neque
1654 1117 1742 1155 pro·

220 1165 372 1203 nomine
400 1171 522 1206 τοῦτο
551 1178 671 1215 neque
698 1165 866 1216 corporis
894 1166 1047 1203 nomine
1073 1170 1137 1204 aut
1164 1167 1272 1217 panis
1299 1172 1364 1206 aut
1385 1169 1550 1219 corporis
1567 1171 1742 1208 substan-

218 1230 269 1268 tia
298 1225 529 1279 designatur,
555 1230 620 1267 sed
647 1230 807 1267 alterum
833 1243 900 1281 pro
929 1231 1102 1268 universa
1132 1244 1269 1270 coenae
1296 1232 1442 1270 actione
1469 1234 1662 1285 accipitur,
1688 1235 1742 1272 al-

217 1298 339 1332 terum
374 1307 460 1331 vero
495 1306 563 1344 pro
603 1293 770 1344 corporis
808 1294 1071 1332 communione
1106 1295 1220 1345 idque
1246 1295 1351 1334 iuxta
1379 1298 1602 1335 sacramenti
1627 1298 1744 1336 ratio-

217 1371 304 1396 nem
341 1357 673 1408 (quemadmodum
707 1370 795 1395 mox
833 1357 1009 1405 dicetur),
1045 1358 1135 1408 quid
1170 1358 1239 1397 erit
1267 1359 1463 1410 reliquum,
1498 1361 1668 1407 obsecro,
1701 1361 1742 1399 in

217 1423 342 1461 verbis
371 1435 519 1467 coenae,
546 1434 622 1472 quo
650 1422 709 1459 vel
734 1422 846 1460 realis
872 1422 937 1459 illa
966 1435 1028 1460 seu
1054 1423 1209 1473 physica
1251 1424 1418 1475 corporis
1445 1424 1485 1462 in
1512 1438 1609 1476 pane
1634 1439 1741 1477 prae-

218 1487 336 1525 sentia
373 1486 430 1524 vel
456 1486 564 1537 panis
591 1485 904 1537 metamorphosis
930 1486 1183 1537 approbetur?
1238 1488 1364 1526 Quare
1390 1488 1501 1526 nobis
1527 1502 1658 1540 parum
1684 1493 1743 1527 at·

215 1552 311 1590 tenti
347 1553 463 1589 fuisse
500 1551 674 1588 videntur
710 1564 839 1588 omnes
874 1550 915 1588 in
941 1551 1142 1589 verborum
1171 1564 1307 1590 coenae
1332 1553 1650 1604 interpretatione,
1676 1555 1742 1605 qui

216 1625 252 1655 et
286 1627 493 1668 pronomen
530 1615 867 1654 demonstrativum
900 1617 968 1653 hoc
995 1619 1030 1654 et
1058 1629 1196 1654 nomen
1223 1630 1358 1666 corpus
1385 1617 1430 1654 ad
1459 1618 1567 1669 panis
1594 1622 1631 1656 et
1657 1631 1741 1656 cor-

215 1682 318 1733 poris
355 1680 605 1720 substantiam
642 1680 837 1719 referenda
872 1694 953 1719 esse
986 1685 1179 1732 putarunt,
1216 1694 1300 1719 cum
1336 1682 1474 1720 Paulus
1502 1687 1626 1734 aperte
1653 1683 1741 1722 huic

213 1745 515 1797 interpretationi
541 1744 728 1783 reclamet.
782 1744 866 1782 Iam
893 1750 928 1783 et
954 1745 994 1783 in
1023 1746 1286 1784 communionis
1307 1734 1413 1797 ‘apud
1440 1747 1597 1785 Paulum
1622 1747 1741 1785 inter-

213 1810 424 1861 pretatione
459 1813 652 1860 peccatum
679 1813 734 1847 est
761 1809 809 1846 ab
837 1808 898 1856 iis,
924 1809 990 1860 qui
1015 1809 1120 1847 illam
1146 1809 1266 1848 active
1293 1823 1360 1861 pro
1389 1809 1656 1849 distributione
1682 1815 1739 1849 at-

213 1888 286 1925 que
321 1874 569 1918 exhibitione,
595 1887 672 1918 seu,
706 1876 749 1912 ut
786 1874 947 1912 crassius
986 1874 1118 1917 dicam.
1146 1887 1213 1926 pro
1240 1874 1321 1926 ipsa
1349 1875 1516 1927 corporis
1539 1889 1604 1927 per
1629 1876 1740 1915 mini·

212 1945 329 1977 strum
356 1939 591 1990 porrectione
618 1938 873 1989 accipiendam
900 1952 981 1977 esse
1009 1939 1263 1979 crediderunt.
1311 1941 1436 1991 Atque
1462 1940 1516 1978 ita
1543 1954 1646 1979 error
1674 1940 1739 1979 de-

212 2015 316 2041 mum
351 2015 474 2040 errore
503 2003 745 2041 confirmatus
773 2007 842 2042 est.
897 2004 991 2041 Cum
1017 2003 1117 2041 enim
1144 2003 1326 2048 viderent,
1352 2004 1433 2042 fieri
1459 2017 1535 2042 non
1564 2018 1673 2056 posse
1698 2010 1740 2043 ut

212 2080 347 2119 corpus
385 2067 527 2105 Christi
561 2081 646 2105 vere
680 2067 965 2105 distribueretur
1008 2067 1334 2119 porrigereturque
1368 2068 1409 2106 in
1446 2081 1576 2114 coena,
1602 2068 1739 2107 sinon

209 2132 288 2170 illic
325 2132 437 2170 etiam
464 2145 548 2169 vere
574 2145 617 2169 ac
644 2131 794 2170 realiter
821 2131 980 2178 adesset,
1006 2133 1255 2183 praesentiam
1283 2146 1411 2171 rursus
1440 2132 1671 2184 corporalem
1698 2133 1739 2171 iu

210 2210 305 2249 pane
339 2197 585 2235 necessariam
622 2210 701 2234 esse
736 2196 1013 2236 existimarunt.
1067 2199 1119 2235 At
1148 2211 1233 2235 vero
1262 2198 1294 2235 si
1321 2202 1356 2235 et
1383 2197 1496 2236 verba
1522 2197 1604 2249 ipsa
1631 2197 1739 2235 Pauli

209 2275 252 2299 eo
287 2262 372 2299 loco
409 2266 444 2300 et
480 2261 845 2311 argumentationem
879 2262 970 2300 item
1004 2261 1123 2313 ipsius
1150 2263 1377 2310 intueamur,
1405 2263 1437 2301 si
1462 2262 1553 2300 item
1580 2267 1616 2301 et
1643 2277 1737 2314 quae

208 2325 300 2363 alibi
336 2325 434 2363 idem
471 2325 608 2363 Paulus
646 2325 691 2363 de
719 2338 834 2363 coena
861 2324 1016 2362 Domini
1043 2330 1079 2363 et
1107 2330 1428 2364 sacramentorum
1454 2330 1587 2364 natura
1615 2325 1736 2373 docet,

208 2391 249 2427 in
292 2402 408 2427 unum
453 2390 700 2435 conferamus,
727 2389 838 2427 facile
874 2388 1176 2440 appa1·ebit‚·e0s
1213 2390 1278 2441 qui
1313 2389 1374 2427 hie
1410 2395 1603 2431 κοινωνίαν
1638 2390 1736 2442 apud

207 2455 366 2494 Paulum
401 2455 523 2493 active
558 2455 776 2504 intelligunt
813 2468 834 2492 a
861 2458 986 2491 mente
1014 2454 1120 2491 Pauli
1148 2454 1262 2503 longe
1288 2454 1438 2506 lateque
1465 2455 1672 2493 declinasse
1699 2458 1735 2493 et

206 2520 364 2572 proinde
400 2519 602 2558 consistere
637 2533 787 2571 quoque
822 2533 900 2557 non
934 2520 1071 2570 poterit
1107 2519 1262 2570 physica
1287 2520 1353 2557 illa
1381 2520 1546 2571 corporis
1574 2519 1612 2557 iu
1639 2532 1735 2570 pane

205 2585 428 2636 praesentia,
464 2598 558 2635 quae
584 2584 736 2636 quidem
765 2584 954 2634 colligitur
981 2597 1024 2636 ex
1052 2589 1290 2636 praepostera
1317 2584 1593 2622 communionis
1618 2584 1734 2621 inter-

207 2648 429 2701 pretatione.
456 2648 624 2686 Primum
652 2651 777 2686 autem
804 2648 844 2686 in
873 2652 1000 2699 aperto
1027 2652 1083 2686 est
1112 2653 1304 2689 κοινωνίαν
1333 2647 1531 2699 ancipitem
1560 2660 1639 2685 esse
1667 2660 1735 2685 vo·

206 2727 286 2752 cem
321 2712 363 2752 ut
399 2717 435 2752 et
470 2713 591 2752 active
628 2717 663 2751 et
699 2713 846 2764 passive
882 2714 1002 2764 possit
1027 2713 1204 2763 intelligi,
1231 2712 1545 2764 quemadmodum
1573 2715 1608 2749 et
1634 2712 1734 2763 apud

202 2777 341 2815 latinos
377 2778 640 2815 communicare
667 2776 840 2822 dicimus,
867 2776 945 2814 sive
971 2775 1056 2820 aliis
1091 2775 1347 2826 impertiamus
1375 2772 1530 2823 aliquid.
1556 2772 1635 2810 sive
1659 2772 1734 2824 ipsi

203 2854 287 2879 cum
322 2841 406 2879 aliis
441 2840 481 2878 in
516 2839 841 2891 participationem
882 2839 1090 2885 veniamus,
1126 2839 1226 2877 unde
1254 2842 1290 2876 et
1319 2837 1417 2888 apud
1444 2836 1735 2875 iurisconsultos
