1818 3178
832 871 1010 913 SACRA
1080 871 1361 914 MAIESPAS
1386 908 1389 911 ,
1419 873 1599 915 REGIA

832 958 906 1000 ET
931 959 1188 999 DOMINE!

833 1044 1000 1084 Domine
1059 1044 1323 1087 elemeulissn!
1363 1050 1599 1098 perpetuam

833 1129 1104 1170 observantiae
1136 1134 1175 1170 eb
1206 1130 1458 1171 suhieelionis
1498 1145 1605 1171 meae

839 1215 1204 1257 commendacionem
1218 1217 1235 1256 ,Ι

136 1523 441 1562 AUDIVIMUS
476 1523 697 1575 iampridem
712 1515 825 1562 ‘laeta
860 1524 1041 1575 quaedam
1068 1525 1206 1564 nuncia
1235 1525 1279 1564 de
1308 1531 1436 1578 coepta
1464 1531 1500 1566 et
1527 1527 1613 1567 istic

87 1588 234 1626 demum
267 1589 438 1626 restituta
475 1588 601 1626 divino
638 1588 818 1626 beneficio
857 1602 944 1626 vera
971 1589 1163 1639 religione.
1218 1590 1268 1628 Et
1296 1591 1383 1641 quia
1409 1593 1614 1631 multorum

85 1653 205 1690 indies
240 1653 358 1691 literis
385 1653 632 1704 undecunque
661 1654 941 1699 confirmantur,
968 1654 1283 1705 quemadmodum
1312 1669 1398 1694 sane
1427 1670 1510 1694 vera
1538 1671 1618 1695 esse

88 1721 270 1767 optamus,
312 1717 365 1755 ita
409 1730 484 1755 non
529 1730 681 1768 prorsus
732 1731 826 1755 vana
873 1718 982 1756 etiarn
1019 1732 1098 1756 csse
1134 1719 1173 1756 in
1212 1720 1374 1757 Domino
1413 1734 1616 1772 speramus.

90 1781 319 1831 Quanquam
347 1785 467 1819 autem
495 1782 604 1832 plura
632 1782 729 1820 forte
759 1782 941 1827 dicantur,
969 1796 1079 1833 quam
1108 1784 1199 1821 fiant
1224 1805 1274 1812 —
1302 1784 1340 1822 id
1359 1785 1460 1835 quod
1479 1787 1620 1837 alioqui

90 1858 352 1896 saepenumero
373 1845 453 1882 fieri
473 1845 567 1883 solet
584 1849 767 1884 —tamcn
780 1847 913 1898 velpro
934 1847 1024 1898 ipsis
1036 1848 1166 1885 saltem
1177 1861 1317 1895 eorum,
1329 1863 1422 1900 quae
1434 1850 1621 1896 dicuntur,

87 1909 219 1954 initiis,
255 1911 587 1962 quantulacunque
622 1924 664 1948 ea
692 1912 780 1955 sint,
807 1912 947 1961 gratias
975 1912 1138 1951 Domino
1167 1913 1246 1951 Deo
1276 1918 1405 1953 nostro
1435 1917 1618 1967 supplices

88 1974 245 2023 agimus,
282 1980 440 2025 tuaeque
474 1975 660 2014 maiestati
694 1976 832 2026 Regiae
868 1981 904 2015 et
929 1977 1000 2015 toti
1027 1978 1119 2015 adeo
1147 1978 1289 2029 patriae
1315 1992 1358 2017 eo
1386 1979 1466 2031 ipso
1496 1981 1620 2018 nomi-

90 2052 136 2076 ne
163 2039 340 2076 maiorem
382 2039 423 2076 in
459 2039 613 2077 modum
648 2041 893 2089 gratulamur,
921 2055 964 2079 ac
993 2043 1087 2080 votis
1115 2043 1388 2081 ardentissimis
1415 2058 1622 2095 precamur,

88 2107 130 2140 ut
158 2102 256 2140 Deus
286 2102 375 2154 Opt.
406 2102 522 2150 Max„
549 2104 648 2154 quod
675 2104 760 2142 istic
788 2104 862 2142 iam
890 2118 995 2144 orsus
1026 2111 1094 2153 est,
1121 2107 1260 2145 virtute
1287 2121 1398 2159 porro
1426 2109 1622 2161 gratiaque

90 2180 155 2204 sua
190 2167 316 2204 divina
352 2168 526 2218 prosequi
559 2172 594 2206 et
631 2169 871 2207 constabilire
904 2169 1089 2219 dignetur.
1126 2172 1260 2210 Arnen.
1315 2173 1396 2222 Ego
1425 2187 1524 2219 sane,
1551 2175 1618 2212 ubi

90 2231 181 2268 haec
208 2232 266 2279 (3)
303 2231 501 2277 audissem,
536 2231 707 2282 protinus
743 2233 815 2270 mei
853 2234 961 2271 officii
988 2248 1066 2272 esse
1092 2235 1233 2285 putavi,
1262 2239 1302 2274 ut
1328 2239 1365 2274 te
1392 2237 1439 2274 ad
1466 2251 1617 2288 promo-

90 2296 249 2334 vendam
285 2309 434 2334 causam
471 2297 568 2335 hauc
603 2310 669 2348 pro
708 2311 787 2335 mea
823 2298 1006 2337 tenuitate
1035 2299 1261 2347 cohortarer,
1287 2303 1505 2352 praesertim
1534 2317 1616 2342 cuin

90 2360 184 2398 mihi
219 2361 513 2411 qualemcunque
549 2365 635 2399 tuae
671 2375 757 2411 erga
792 2376 851 2400 me
889 2363 1102 2402 clementiae
1139 2364 1452 2413 significationem
1488 2368 1619 2406 abste

90 2425 172 2476 ipso
213 2424 337 2462 datam
374 2424 561 2463 haberem.
615 2425 748 2476 Itaque
785 2440 868 2465 cum
904 2441 992 2478 prae
1027 2428 1201 2466 manibus
1237 2429 1411 2468 haberem
1436 2431 1620 2479 libellum,

92 2503 200 2540 quem
244 2489 472 2528 renascentis
513 2490 597 2528 istic
632 2489 832 2541 Euangelii
864 2492 982 2531 initiis
1020 2493 1256 2532 commodare
1290 2508 1400 2546 posse
1435 2496 1620 2545 videbam,

91 2557 178 2592 tuae
221 2554 328 2592 illum
366 2554 556 2593 Maiestati
597 2555 832 2605 potissimum
868 2556 1011 2608 totique
1048 2557 1159 2596 simul
1193 2559 1334 2610 patriae
1371 2561 1618 2600 dedicandum

93 2632 172 2657 csse
208 2619 382 2664 iudicavi,
419 2632 461 2657 eo
499 2619 598 2670 quod
636 2620 675 2657 in
711 2620 776 2658 illo
813 2621 945 2659 modus
981 2621 1060 2673 ipse
1096 2627 1132 2661 et
1166 2624 1338 2662 universa
1380 2626 1490 2676 plane
1524 2627 1617 2664 ratio

95 2682 541 2722 bene‘instituendarum
576 2684 831 2722 Ecclesiarum
867 2685 1113 2733 contineatur,
1149 2701 1242 2738 quae
1277 2703 1366 2728 sane
1393 2704 1450 2728 res
1479 2703 1621 2728 sunnnc

96 2752 151 2785 est
188 2749 395 2787 necessaria
434 2749 531 2786 circa
568 2762 717 2787 omnem
754 2750 947 2800 religionis
983 2751 1306 2802 instaurationem,
1343 2768 1435 2806 quae
1470 2756 1620 2806 quidem

97 2812 271 2851 diuturna
305 2826 348 2852 ac
384 2813 552 2863 legitima
590 2827 667 2852 esse
705 2814 848 2854 debeat.
904 2816 1017 2866 Spero
1054 2820 1192 2863 autem,
1218 2832 1293 2858 non
1323 2820 1402 2857 fore
1428 2819 1617 2869 ingratum

98 2876 283 2917 Maiestati
317 2883 415 2926 tuae,
451 2879 482 2917 si
509 2879 555 2917 ad
583 2893 658 2918 rem
690 2879 781 2918 benc
820 2885 986 2932 coeptam
1014 2884 1120 2922 tanto
1149 2883 1288 2923 maiore
1316 2884 1438 2923 studio
1466 2898 1618 2938 promo-
