1818 3178
225 117 298 151 500
876 121 934 148 Er.
963 121 1107 149 nocru.

222 229 584 280 origine-intuetur.
638 227 828 266 Quoniam
872 239 960 265 vero
995 231 1190 278 peccatum
1227 228 1298 266 hoc
1327 229 1468 268 veniale
1503 230 1552 268 ab
1577 231 1752 280 originali

225 293 428 336 derivatur,
462 291 621 328 mortale
656 303 744 328 vero
780 290 951 328 nascitur
976 304 998 328 e
1023 291 1181 329 venialis
1209 292 1325 330 nimia
1361 293 1521 344 quadarn
1549 295 1752 344 indulgen-

222 357 285 401 tia,
329 369 406 394 non
443 355 644 393 defuerunt
679 356 745 405 qui
782 355 853 393 sub
888 367 966 392 uno
1004 354 1202 404 originalis
1238 358 1381 406 peccati
1417 359 1570 396 nomine
1607 359 1751 398 veniale

225 433 375 472 quoque
404 420 758 470 complecterentur,
787 422 1052 457 connectentes
1080 420 1226 457 fructus
1254 433 1382 458 omnes
1410 434 1492 459 cum
1521 435 1588 460 sua
1616 423 1752 461 arbore

225 488 262 522 et
296 484 446 522 effectus
484 496 569 520 cum
605 496 729 528 causa,
756 482 901 520 actuale
929 496 1014 520 vero
1042 482 1090 520 ad
1117 482 1168 528 id,
1195 482 1296 533 quod
1325 484 1459 522 Paulus
1494 486 1748 524 voluntarium

223 551 347 594 vocat,
380 551 501 584 totum
537 547 731 589 referrent,
761 559 911 583 causam
940 546 1050 584 etiam
1080 559 1164 583 cum
1192 545 1329 584 effectis
1358 548 1434 585 suis
1464 549 1748 599 coniungentes,

224 615 260 649 et
289 611 473 660 originale
500 610 830 660 quidem-propter
857 609 1050 647 Christum
1075 609 1217 646 remitti
1244 611 1341 657 (13),
1369 612 1514 649 actuale
1541 626 1616 650 non
1646 612 1751 657 item,

226 676 295 713 sub
332 688 405 726 quo
443 675 596 712 interim
634 675 789 712 nomine
823 673 860 710 id
890 673 1131 725 potissimum
1158 669 1424 722 intelligebant
1451 676 1596 726 peccati
1619 690 1754 726 genuS,

225 738 327 789 quod
356 739 497 776 Paulus
525 738 795 784 voluntarium,
824 738 990 775 Ioannes
1017 738 1064 774 ad
1091 741 1264 783 mortem,
1293 738 1468 776 Christus
1496 739 1754 778 irremissibile

222 802 425 853 appellant.
480 802 589 840 Quae
632 802 784 853 quidem
828 801 1016 840 sententia
1050 814 1128 839 non
1161 806 1263 839 recte
1297 802 1490 840 intellecta
1525 816 1747 852 magnarum

220 866 418 904 turbarum
454 867 494 904 in
533 866 702 904 Ecclesia
742 879 853 904 causa
887 865 959 903 fuit
995 870 1106 916 atque
1141 864 1310 903 infinitas
1346 866 1565 917 questiones
1592 867 1750 918 peperit,

223 943 318 981 quae
343 930 484 968 multos
510 935 686 980 torquere
714 930 837 968 adhuc
862 929 1050 968 videntur.

559 1057 595 1095 b.
649 1058 708 1094 De
731 1060 887 1106 peccato
913 1056 1069 1094 mortali
1096 1069 1157 1094 seu
1184 1056 1411 1095 voluntario.

273 1187 333 1225 Ex
370 1186 514 1238 peccati
544 1185 702 1224 venialis
732 1184 984 1236 descriptione
1011 1199 1148 1235 magna
1175 1185 1250 1224 iam
1279 1199 1323 1223 ex
1351 1190 1455 1237 parte
1483 1200 1658 1238 apparere
1685 1200 1752 1238 po-

219 1256 306 1298 test,
338 1251 429 1302 quid
466 1251 515 1289 sit
552 1251 709 1288 mortale
743 1255 952 1301 peccatum,
989 1251 1092 1302 quod
1119 1251 1258 1289 Paulus
1287 1251 1542 1289 voluntarium
1570 1253 1748 1302 appellat.

222 1317 398 1356 Diximus
432 1315 576 1353 veniale
609 1319 804 1365 peccatum
839 1328 919 1352 esse
954 1315 1055 1365 quod
1091 1328 1197 1353 serva
1233 1316 1426 1353 voluntate
1453 1320 1597 1361 nostra,
1622 1321 1748 1354 mente
1795 1326 1796 1329 ’

173 1390 176 1392 ’
222 1387 349 1420 tamen
385 1381 613 1419 reclamante
638 1380 898 1426 committitur,
925 1393 1047 1430 neque
1074 1384 1178 1431 septa
1206 1380 1399 1418 servitutis
1427 1395 1492 1418 seu
1518 1381 1749 1419 infirmitatis

221 1449 372 1482 nostrae
398 1442 644 1481 transcendit.
671 1442 871 1480 Peccatum
898 1443 1014 1492 igitur
1040 1443 1197 1481 mortale
1225 1448 1293 1489 est,
1320 1443 1419 1494 quod
1446 1444 1565 1482 libera
1592 1458 1747 1496 prorsus

221 1520 341 1558 neque
376 1506 453 1544 iam
491 1520 598 1543 serva
634 1506 808 1557 amplius,
840 1506 905 1544 sed
940 1506 1127 1544 destinata
1153 1507 1278 1557 potius
1306 1513 1417 1558 atque
1444 1508 1537 1546 adeo
1564 1508 1604 1546 in
1630 1522 1746 1546 unum

221 1572 377 1609 collecta
403 1570 680 1622 quodammodo
709 1570 903 1608 voluntate
929 1576 1071 1614 nostra,
1097 1575 1133 1608 et
1162 1576 1201 1608 ut
1227 1571 1334 1609 Pauli
1363 1572 1486 1609 verbis
1514 1577 1611 1618 utar,
1639 1586 1749 1610 carne

222 1637 335 1674 simul
363 1640 399 1673 et
426 1641 552 1673 mente
579 1639 661 1673 tota
691 1639 879 1686 patratur.
923 1635 1023 1672 Dum
1053 1636 1270 1673 servitutem
1296 1636 1545 1682 excludimus,
1571 1642 1751 1675 testamur

224 1701 295 1738 hoc
321 1700 466 1752 peccati
492 1713 611 1749 genus
640 1712 760 1750 neque
788 1700 835 1737 ad
861 1699 1027 1737 infantes
1062 1713 1183 1750 neque
1210 1699 1258 1737 ad
1285 1714 1348 1738 eos
1375 1700 1466 1738 item
1493 1702 1606 1739 etiam
1633 1702 1750 1752 perti-

221 1777 322 1810 nere,
355 1764 420 1814 qui
456 1763 501 1801 de
536 1763 616 1801 Deo
653 1763 749 1801 nihil
784 1776 950 1814 unquam
987 1777 1097 1801 sanae
1134 1763 1326 1802 doctrinae
1361 1764 1492 1802 audire
1526 1770 1745 1816 potuerunt.

225 1828 286 1865 Ad
313 1827 530 1865 servitutem
559 1827 657 1865 enim
685 1827 848 1878 pertinet
874 1840 952 1865 non
977 1839 1087 1878 posse
1114 1841 1160 1865 ex
1186 1828 1297 1866 nobis
1324 1829 1512 1880 percipere
1540 1843 1634 1880 quae
1661 1834 1750 1868 sunt

225 1892 307 1938 Dei,
344 1892 419 1929 nisi
454 1892 493 1929 id
528 1891 680 1929 aliunde
716 1891 925 1930 doceamur.
981 1893 1120 1929 Sanam
1150 1905 1235 1930 vero
1264 1892 1474 1931 doctrinam
1501 1894 1751 1944 intelligimus

222 1969 298 1993 non
338 1956 440 1993 verbi
474 1957 621 1993 tantum
650 1955 769 1993 divini
795 1960 987 1993 externam
1013 1956 1345 2006 praedicationem,
1374 1957 1439 1994 sed
1466 1970 1616 1995 omnem
1643 1971 1750 2009 prae·

222 2026 322 2058 terea
349 2020 557 2069 legitimum
585 2019 656 2057 Dei
683 2020 796 2058 etiam
825 2020 1058 2069 agnoscendi
1085 2021 1283 2059 rationem.
1323 2022 1438 2059 Nam
1465 2022 1536 2060 etsi
1562 2034 1641 2060 non
1669 2035 1750 2060 om-

223 2098 290 2122 nes
326 2084 478 2122 verbum
509 2089 705 2122 externum
734 2084 920 2128 audimus,
947 2084 1105 2122 excitari
1132 2089 1256 2122 tamen
1285 2084 1462 2123 debemus
1488 2099 1618 2124 omnes
1646 2099 1750 2123 crea-

221 2155 390 2187 turarum
425 2148 604 2186 varietate
639 2153 675 2186 et
711 2161 836 2186 rerum
872 2149 1040 2186 omnium
1073 2148 1336 2186 vicissitudine
1371 2149 1417 2187 ad
1444 2149 1747 2199 investigandam

224 2212 295 2250 Dei
322 2212 526 2263 potentiam
556 2216 591 2250 et
619 2211 840 2250 bonitatem.
885 2212 1021 2263 Neque
1048 2213 1180 2250 evadet
1206 2212 1389 2250 iudicium
1416 2212 1486 2250 Dei
1513 2213 1685 2264 quisquis
1712 2212 1751 2249 id

224 2277 272 2315 ad
309 2290 346 2314 se
379 2276 476 2315 nihil
503 2276 705 2314 arbitretur
731 2276 930 2327 pertinere,
956 2276 994 2313 id
1022 2277 1122 2327 quod
1150 2277 1258 2314 Pauli
1284 2276 1502 2315 testimonio
1529 2277 1620 2315 satis
1648 2289 1750 2314 com-

222 2342 420 2393 probatum
449 2341 641 2380 habemus.
670 2342 869 2379 Peccatum
896 2341 1011 2390 igitur
1033 2341 1081 2379 ad
1108 2346 1265 2379 mortem
1291 2340 1338 2379 ad
1367 2354 1429 2379 eos
1457 2342 1637 2379 duntaxat
1665 2354 1750 2392 per-

219 2407 327 2448 tinet,
361 2406 425 2456 qui
459 2409 622 2443 mentem
658 2419 763 2443 suam
795 2419 816 2443 a
855 2405 948 2450 Deo,
983 2405 1167 2443 destinata
1205 2405 1435 2455 collectaque
1469 2405 1509 2443 in
1546 2405 1618 2442 hoc
1645 2404 1749 2441 omni

224 2471 415 2508 voluntate
441 2483 507 2508 sua
534 2470 711 2514 alienant,
737 2474 801 2508 aut
828 2484 957 2508 sanam
984 2471 1087 2507 illius
1115 2470 1323 2508 doctrinam
1351 2471 1452 2507 ultro
1479 2469 1653 2507 reiiciunt
1679 2481 1745 2523 ne-

224 2548 295 2586 que
327 2535 430 2572 illam
466 2535 598 2573 volunt
634 2535 682 2572 ad
720 2548 758 2572 se
794 2535 950 2572 omnino
987 2535 1184 2586 pertinere.
1240 2535 1366 2572 Huius
1402 2535 1544 2585 peccati
1579 2537 1688 2570 autor
1715 2537 1750 2570 et

223 2599 396 2651 princeps
424 2603 479 2636 est
508 2599 705 2638 Sathanas.
759 2599 799 2636 Is
836 2605 992 2638 noverat
1038 2605 1127 2637 sane
1157 2599 1306 2637 divinae
1332 2598 1537 2636 maiestatis
1563 2597 1751 2635 excellen-

223 2665 314 2702 tiam
351 2667 388 2700 et
422 2662 609 2700 nemiuem
646 2663 821 2708 habebat,
848 2663 913 2714 qui
942 2677 980 2701 se
1006 2664 1052 2701 ab
1081 2664 1185 2702 illius
1213 2664 1347 2701 timore
1374 2666 1410 2700 et
1439 2661 1655 2699 obedientia
1682 2662 1752 2700 ab.-

226 2728 388 2771 duceret,
415 2727 479 2764 sed
508 2728 662 2765 collecta
689 2728 786 2765 inter
815 2742 853 2766 se
880 2728 1039 2779 ipsemet
1064 2728 1216 2779 propria
1243 2729 1435 2766 voluntate
1462 2740 1528 2763 sua
1557 2731 1749 2778 contemp-

223 2798 335 2843 taque
371 2790 600 2828 sublimitate
634 2790 705 2828 Dei
739 2805 806 2842 par
841 2792 898 2828 illi
934 2805 1014 2829 esse
1047 2805 1189 2842 proque
1224 2791 1304 2828 Deo
1339 2789 1488 2827 adorari
1522 2790 1655 2834 voluit,
1703 2803 1750 2827 ne

225 2857 414 2896 Christum
443 2855 592 2906 quidem
621 2855 826 2893 Dominum
855 2857 1048 2903 reveritus,
1076 2870 1097 2894 a
1125 2868 1198 2906 quo
1218 2854 1420 2906 propositis
1438 2854 1496 2891 illi
1515 2854 1555 2892 in
1571 2867 1749 2905 conspec-

222 2926 301 2960 tum
337 2919 462 2968 regnis
490 2917 621 2956 mundi
648 2918 835 2964 omnibus,
864 2919 1024 2957 honores
1061 2918 1134 2956 sibi
1173 2917 1339 2956 divinum
1369 2917 1503 2955 deferri
1531 2917 1749 2968 postulavit.
