1818 3178
663 130 779 158 runo.
811 129 900 158 MIN.
929 129 1122 157 rnAxcor.
1582 120 1654 154 259

172 230 234 269 Ad
270 230 361 268 haee
394 229 510 279 igitur
546 231 658 268 etiam
695 231 981 282 respondemus:
1029 231 1119 268 Non
1154 229 1284 268 eodem
1318 229 1402 266 loco
1440 227 1651 266 habendam

120 308 199 332 esse
228 294 453 345 Apologiam
482 307 566 332 cum
593 295 672 345 ipsa
701 297 862 345 August.
893 296 1152 339 Consessione,
1179 293 1324 332 etiamsi
1343 293 1388 330 ab
1408 305 1484 331 uno
1501 291 1651 330 eodem-

119 373 191 409 que
218 363 347 396 autore
374 358 422 396 sit
449 362 607 409 utraque
635 360 858 410 conscripta.
899 360 991 397 Cum
1018 359 1117 397 enim
1146 361 1307 408 August.
1337 359 1532 396 Confessio
1562 358 1650 395 hac-

118 429 226 460 tenus
255 423 303 459 sit
329 426 476 473 recepta
504 423 551 460 ab
581 424 755 461 omnibus
783 423 936 474 Imperii
966 423 1188 467 Ordinibus,
1207 427 1250 461 ut
1270 424 1355 470 (40)
1367 422 1469 473 publ.
1498 420 1651 472 Imperii

120 486 260 523 foederi
295 486 530 533 includatur3
569 487 614 524 de
650 487 836 538 Apologia,
875 500 959 524 vero
996 487 1091 525 1111111
1129 487 1343 524 huiusmodi
1371 486 1496 524 doceri
1523 485 1652 536 possit,

119 563 229 600 quam
258 551 400 601 alioqui
428 552 593 589 oblatam
620 566 711 598 esse,
739 552 803 590 sed
832 565 906 589 non
937 556 1121 602 receptam
1148 552 1246 602 (pari
1273 551 1489 602 praesertim
1506 550 1650 588 autori-

117 616 224 661 tate),
253 620 400 652 constat
427 616 611 666 equidem,
639 616 738 667 quod
764 617 791 663 ¹)
820 629 896 653 11011
925 620 1000 653 13111
1023 616 1305 653 Confessionem
1332 615 1450 665 ipsam
1478 615 1525 652 ab
1545 619 1649 664 Apo-

116 679 230 728 logia,
275 694 384 730 quam
429 681 553 731 potius
601 681 825 731 Apologiam
863 681 911 718 ab
945 681 1025 730 ipsa
1064 680 1310 717 Confessione
1347 679 1507 730 pendere
1542 684 1650 729 atque

116 744 304 781 aestimari
333 757 480 782 neeesse
508 745 590 790 erit,
627 750 679 789 ut,
707 758 779 795 qua
808 749 912 795 parte
939 757 1008 781 nos
1038 757 1122 780 eum
1150 746 1372 793 Aug-asiana
1402 744 1648 781 Confessionc

117 809 254 846 sentire
290 810 534 855 ostendimus,
571 823 611 847 ea
650 823 738 847 sane
764 814 868 860 parte
895 810 1006 846 nobis
1035 809 1221 859 Apologia
1249 809 1385 859 opponi
1416 822 1491 846 non
1519 808 1651 859 possit,

116 873 190 910 11131
218 873 250 910 31
277 874 392 924 ipsam
424 873 679 911 Confessionis
708 873 918 914 doctrinam
944 873 984 910 in
1015 877 1142 909 nostra
1163 873 1245 923 quis
1268 873 1437 910 doctrina
1456 885 1647 922 oppugna-

116 938 148 974 ri
176 938 207 985 ρ)
236 938 336 975 velit.

169 1002 253 1047 Sed,
289 1002 359 1039 etsi
395 1001 618 1052 Apologiam
658 1015 734 1038 non
771 1001 901 1039 eodem
929 1002 1012 1038 loco
1042 1014 1124 1038 cum
1154 1003 1375 1050 Augustana
1405 1001 1648 1038 Confessione

115 1066 195 1116 ipsa
233 1067 444 1104 habendam
481 1080 560 1104 esse
586 1056 806 1110 iudicemus,
835 1080 911 1103 non
939 1066 1022 1103 idco
1051 1071 1173 1103 tamen
1206 1066 1415 1103 doctrinam
1443 1067 1650 1116 Apologiae

117 1131 327 1182 suspicione
353 1136 416 1168 aut
451 1131 593 1168 invidia
621 1131 695 1167 ulla
724 1131 873 1180 gravari
901 1131 1085 1175 volumus,
1121 1130 1182 1167 sed
1212 1130 1283 1167 1100
1322 1135 1466 1167 tantum
1496 1131 1652 1179 agimus,

117 1202 156 1233 ut
191 1210 267 1234 non
304 1209 382 1233 esse
410 1209 535 1246 parem
564 1195 804 1232 ostendamus
834 1195 1040 1245 Apologiae
1081 1195 1320 1232 autoritatem
1350 1209 1432 1232 curn
1461 1195 1539 1246 ipsa
1570 1199 1648 1232 Au-

113 1267 212 1311 gust.
252 1261 508 1299 Confessione.
563 1260 729 1310 Alioqui,
766 1260 867 1310 quod
904 1259 950 1296 ad
988 1260 1200 1297 doctrinam
1228 1260 1372 1302 attinet,
1407 1273 1475 1298 nos
1503 1261 1644 1298 nullum

115 1325 313 1363 discrimen
342 1325 612 1372 faciinus.(4l)
640 1324 738 1362 inter
766 1324 1003 1374 Apologiam,
1031 1324 1062 1361 si
1090 1328 1189 1361 recte
1214 1324 1459 1372 intelligatur,
1474 1330 1509 1361 et
1527 1325 1642 1375 ipsam

116 1392 276 1438 August.
314 1389 619 1433 Confessionem,
654 1388 757 1425 cuius
793 1388 934 1439 alioqui
970 1389 1275 1439 propugnandae,
1310 1402 1386 1426 non
1416 1394 1536 1426 autem
1568 1390 1646 1426 vio-

113 1454 257 1498 landae,
286 1467 396 1491 causa
426 1453 651 1504 Apologiam
679 1453 887 1490 institutam
917 1466 996 1490 esse
1024 1466 1101 1490 non
1130 1453 1356 1492 dubitamus.
1396 1454 1534 1499 Quare,
1563 1467 1644 1492 cum

115 1533 184 1557 nos
219 1520 292 1557 iam
322 1518 607 1561 ostenderimus,
636 1523 803 1555 nostram
834 1518 1057 1564 doctrinam,
1085 1531 1155 1568 qua
1184 1521 1287 1568 parte
1314 1519 1479 1556 accusati
1508 1532 1647 1562 sumus,

113 1584 269 1622 eandem
295 1583 451 1621 omnino
482 1596 561 1620 esse
589 1596 674 1620 cum
701 1583 872 1620 doctrina
893 1584 1053 1631 August.
1072 1583 1648 1633 ConfessioniS,-praepostere

114 1649 257 1686 faciunt
293 1647 496 1685 adversarii
532 1647 664 1693 nostri,
703 1647 791 1684 dum
830 1647 1021 1685 doctrinae
1058 1636 1220 1689 11031130,
1247 1660 1357 1697 quam
1386 1647 1541 1684 eandem
1569 1661 1649 1685 0330

114 1712 345 1750 ostendimus
382 1725 466 1750 cum
495 1714 657 1761 August.
688 1712 946 1758 Confessione,
974 1712 1198 1762 Apologiam
1228 1712 1344 1762 ipsias
1368 1724 1554 1762 opponere
1583 1725 1645 1748 co-

114 1781 264 1815 nantur.
312 1777 478 1828 Alioqui,
504 1777 649 1823 etiamsi
677 1765 890 1827 quid'esset
919 1777 1164 1814 dissensionis
1191 1777 1230 1814 in
1260 1777 1429 1814 doctrina
1457 1782 1583 1815 nostra
1613 1783 1647 1814 et

115 1842 313 1892 Apologia,
347 1842 387 1879 id
415 1855 503 1880 sane
541 1855 617 1879 non
646 1841 868 1892 Apologiae,
906 1842 969 1879 sed
1006 1842 1264 1880 Confessionis
1293 1842 1422 1892 ipsius,
1449 1843 1647 1880 autoritate

113 1907 238 1945 dirimi
265 1910 463 1958 oporteret.

163 1973 350 2012 Praeclari
387 1977 473 2011 sunt
501 1976 622 2010 autem
651 1971 908 2009 Confessionis
937 1973 1098 2020 August.
1126 1976 1425 2023 propugnatores
1452 1977 1644 2010 aecusato-

111 2053 170 2077 res
206 2038 339 2083 nostri,
373 2038 460 2074 dum
497 2038 599 2074 illam
635 2037 762 2087 paucis
799 2036 969 2074 obscuris
1007 2040 1042 2074 et
1082 2037 1205 2074 dubiis
1240 2037 1362 2074 verbis
1392 2042 1561 2075 constare
1589 2038 1645 2075 di-

113 2107 214 2142 eunt.
269 2103 318 2140 Et
355 2102 517 2153 quidem,
553 2115 598 2139 an
639 2115 719 2139 eam
748 2102 892 2139 laudem
921 2106 1107 2139 mereatur
1135 2107 1242 2139 autor
1269 2103 1349 2153 ipse
1378 2103 1646 2148 Confessionis,

113 2169 178 2220 qui
211 2167 353 2218 alioqui
388 2167 428 2204 111
464 2169 549 2214 (42)
588 2166 768 2204 facilitate
804 2179 847 2204 ac
882 2167 1149 2217 perspicuitate
1187 2167 1367 2221 orationis
1394 2167 1487 2205 alios
1516 2181 1643 2205 omnes

113 2245 287 2284 superare
323 2231 482 2276 videtur,
517 2245 564 2268 an
607 2231 695 2268 item
742 2231 940 2268 obscurum
981 2231 1183 2268 dubiumve
1219 2231 1398 2281 scriptum
1434 2231 1528 2269 illud
1565 2245 1644 2270 esse

112 2296 404 2336 existimandum
432 2296 492 2340 sit,
520 2295 618 2345 quod
645 2298 703 2332 tot
729 2295 899 2346 tantique
926 2295 1114 2346 principes
1142 2295 1378 2333 fortunarum
1410 2296 1645 2347 capitumque

114 2376 268 2401 suorum
311 2361 476 2413 periculo
521 2360 728 2411 Papisticae
764 2360 957 2409 tyrannidi
994 2373 1180 2411 opponere
1216 2373 1292 2397 non
1331 2360 1571 2407 dubitarunt,
1607 2362 1643 2398 id

113 2442 182 2467 nos
211 2428 294 2465 aliis
322 2425 564 2464 iudicandum
592 2424 850 2475 relinquimus.

166 2493 238 2531 Sed
274 2496 317 2530 ut
344 2494 532 2542 appareat,
556 2501 602 2527 ne
630 2489 858 2540 Apologiam
885 2489 1036 2540 quidem
1063 2489 1180 2540 ipsam
1211 2490 1402 2528 doctrinae
1429 2496 1580 2530 nostrae
1606 2492 1645 2530 in

114 2571 224 2596 causa
252 2557 322 2595 1130
350 2561 478 2595 nostra
505 2568 727 2606 repugnare,
753 2555 913 2605 primum
943 2554 1182 2593 recitabimus
1210 2556 1332 2593 locum
1359 2556 1480 2607 ipsum
1501 2557 1644 2607 Apolo-

111 2624 206 2672 giae,
234 2636 343 2674 quem
371 2625 604 2660 accusatores
632 2619 782 2670 quidam
812 2619 933 2657 nostri
951 2619 1146 2657 adversum
1169 2634 1236 2658 nos
1255 2621 1401 2669 magnis
1420 2621 1644 2658 clamoribus

110 2692 298 2739 torquent.
326 2686 472 2725 Deinde
498 2686 600 2723 illius
629 2684 837 2722 doctrinam
870 2684 981 2722 etiam
1009 2684 1048 2721 in
1077 2684 1258 2736 quaedam
1289 2685 1408 2736 capita
1427 2685 1643 2736 partiemur.

154 2831 178 2869 ¹)
203 2829 281 2862 Cod.
303 2829 467 2861 hannon:
491 2830 613 2860 constat
634 2827 781 2870 equidem,
805 2837 866 2858 non
890 2828 953 2858 tam
977 2828 1045 2865 cet„
1071 2827 1188 2859 omisso
1214 2827 1246 2858 in
1271 2827 1332 2859 fine
1355 2837 1476 2858 necesse
1490 2827 1560 2859 erit.

154 2886 181 2928 2)
205 2886 270 2918 Ib.:
295 2896 482 2928 oppuynare.

1417 2942 1463 2982 17
1468 2942 1490 2966 *
