1818 3178
187 130 233 164 10
650 132 700 159 Dr:
727 131 890 158 CHRISTI
919 129 1235 156 INCARNATIONE.

182 238 341 287 genitus,
377 237 426 274 ita
462 234 622 272 eiusdem
651 233 697 269 sit
724 233 833 269 eliam
864 244 946 268 cum
975 235 1090 267 matre
1116 232 1171 278 (et
1197 231 1351 281 proinde
1379 231 1573 269 nobiscum
1601 244 1693 281 quo·

183 304 270 352 que)
298 300 535 341 substantiae,
563 298 671 333 homo
700 296 737 332 in
766 296 911 332 saeculo
941 299 1061 332 natus.
1091 295 1222 344 Neque
1240 295 1387 333 interim
1410 295 1502 332 duos
1524 294 1694 333 Christos

182 365 335 401 facimus
371 359 695 411 (quemadmodum
729 363 770 395 tu
798 371 925 408 parum
954 357 1121 407 equidem
1153 357 1362 395 Christiane
1390 359 1434 395 de
1462 358 1608 395 Christo
1637 358 1693 394 lo-

182 428 333 478 queris),
359 426 420 462 sed
450 437 558 461 unum
588 427 697 472 atque
723 422 879 458 eundem
909 421 1097 458 Christum
1126 420 1240 458 Deum
1271 422 1409 471 pariter
1435 427 1545 472 atque
1573 421 1693 459 homi-

181 507 265 531 nem
291 505 368 530 esse
395 493 563 532 fatemur,
590 489 628 525 id
656 501 741 525 vero
770 501 846 524 non
875 487 1138 524 commixtione
1157 487 1232 524 ulla
1251 487 1408 525 Divinae
1428 501 1509 525 eum
1535 487 1694 524 humana

179 556 416 598 substantiae,
452 553 515 590 sed
551 552 763 589 admirabili
798 551 955 602 quadam
992 551 1029 588 iu
1066 564 1140 588 una
1176 551 1375 601 eademque
1409 565 1566 601 persona
1604 564 1693 588 con·

179 620 380 662 iunctione,
415 630 508 667 quae
543 623 663 653 tamen
693 616 832 666 Spiritu
860 620 989 652 sancto
1018 619 1146 652 autore
1174 616 1270 652 facta
1298 616 1357 657 sit.
1384 629 1460 653 non
1489 621 1692 653 eommuta-

178 685 280 722 tione
307 681 522 719 Divinitatis
551 680 589 717 in
618 693 763 717 carnem
791 679 1118 730 (quemadmodum
1147 684 1188 715 tu
1216 680 1407 727 somnias),
1434 680 1496 717 sed
1526 693 1692 730 assump-

177 748 278 786 tione
315 745 553 783 humanitatis
587 744 626 781 in
663 744 794 788 Deum,
821 743 1129 794 quemadmodum
1160 742 1388 780 Athanasius
1416 743 1534 781 docet.
1590 743 1694 779 Haec

176 823 244 848 nos
271 810 420 859 inquam
450 808 494 845 de
522 812 652 845 natura
679 820 722 844 ae
749 807 893 855 origine
921 806 1041 843 carnis
1071 806 1222 843 Christi.
1267 807 1326 843 Tu
1354 819 1438 843 vero
1466 806 1582 843 videri
1609 807 1692 856 qui-

177 874 259 911 dem
293 873 347 909 vis
384 872 532 909 Christo
570 871 731 908 Domino
768 878 803 908 et
839 870 1082 907 Divinitatem
1120 870 1228 907 simul
1266 874 1302 907 et
1330 869 1596 907 humanitatem
1625 870 1692 906 tri-

176 937 306 975 buere:
335 935 397 973 sed
425 935 476 972 ita
504 935 558 971 illi
585 935 622 971 id
652 939 835 984 utrunque
862 934 1010 971 interim
1038 934 1186 977 tribuis,
1214 938 1252 971 ut
1274 938 1457 984 utrunque
1479 934 1513 971 ei
1531 934 1693 972 adimere

174 1000 295 1051 potius
323 999 416 1036 velle
443 999 611 1036 videaris.
640 997 773 1045 Do-(A
795 998 957 1045 viii¹›)ces
974 998 1070 1035 enim
1093 998 1243 1035 verbum
1263 998 1369 1041 illud,
1388 997 1487 1048 quod
1507 1003 1561 1035 est
1581 997 1695 1040 Deus,

175 1064 336 1101 eiusdem
365 1075 445 1099 cum
476 1063 582 1099 Patre
609 1062 836 1104 existentiae,
863 1061 1036 1112 quodque
1063 1062 1153 1098 olim
1182 1061 1343 1112 Spiritus
1371 1068 1460 1107 erat,
1477 1062 1516 1098 in
1536 1061 1692 1110 virginis

175 1128 319 1165 demum
360 1132 462 1164 utero
500 1139 544 1163 ex
573 1126 712 1176 Spiritu
741 1131 869 1162 sancto
899 1126 1037 1163 factum
1066 1140 1145 1163 esse
1173 1139 1334 1170 carnem,
1362 1125 1586 1176 desiisseque
1613 1139 1691 1163 esse

173 1191 272 1241 quod
308 1195 397 1235 erat,
433 1203 561 1240 nempe
598 1189 790 1240 Spiritum,
816 1195 851 1226 et
880 1189 992 1226 veluti
1021 1190 1312 1227 commutatione
1339 1190 1499 1240 quadam
1529 1189 1692 1240 coepisse

172 1267 263 1296 esse,
290 1254 388 1304 quod
416 1267 488 1291 non
519 1259 609 1296 erat,
637 1266 796 1296 carnem,
822 1253 860 1289 in
890 1266 962 1303 qua
991 1253 1137 1290 demum
1166 1259 1200 1290 et
1227 1266 1374 1303 passum
1404 1253 1452 1290 sit
1478 1266 1545 1303 pro
1570 1253 1692 1297 nobis,

171 1322 208 1354 et
243 1321 440 1361 mortuum,
465 1319 500 1353 et
528 1315 596 1352 sub
623 1320 811 1365 peccatum
842 1315 1140 1358 condemnatum,
1169 1316 1369 1365 faterisque
1397 1316 1584 1352 Christum
1612 1329 1690 1352 esse

175 1381 304 1425 Deum,
340 1380 403 1417 sed
441 1379 666 1422 mutabilem,
693 1384 728 1416 et
756 1379 960 1422 mortalem,
987 1392 1029 1416 ac
1057 1393 1201 1417 rursum
1230 1380 1357 1416 fateris
1385 1392 1463 1416 esse
1490 1379 1692 1424 hominem,

173 1445 236 1483 sed
263 1445 342 1482 sine
370 1449 495 1481 nostra
525 1457 644 1488 carne,
672 1443 735 1493 qui
760 1456 885 1481 sumus
914 1444 1096 1486 homines,
1124 1444 1228 1494 quasi
1251 1457 1334 1480 vero
1354 1448 1418 1480 aut
1439 1443 1536 1480 Deus
1558 1450 1689 1480 natura

171 1522 249 1547 esse
275 1508 391 1559 possit
420 1507 622 1551 mutabilis,
650 1513 712 1545 aut
740 1508 851 1544 homo
881 1508 940 1552 sit,
967 1509 1031 1558 qui
1060 1521 1170 1545 earne
1198 1508 1358 1545 humana
1387 1514 1521 1547 eareat.

223 1573 326 1610 Haec
343 1573 457 1621 igitur
473 1572 569 1609 inter
589 1585 657 1609 nos
676 1576 731 1609 est
751 1573 1016 1610 controversia.
1039 1573 1119 1610 Nos
1135 1574 1192 1620 (ut
1213 1585 1334 1609 veram
1356 1572 1504 1609 Christo
1526 1572 1687 1609 Domino

172 1637 413 1675 Divinitatem
450 1637 551 1675 iuxta
586 1649 628 1673 ac
657 1636 923 1674 humanitatem
952 1638 1175 1684 asseramus)
1204 1636 1374 1679 dicimus,
1401 1636 1566 1673 Verbum
1595 1636 1687 1673 illud

174 1702 415 1743 adorandum,
442 1701 540 1751 quod
569 1704 699 1738 natura
727 1700 773 1737 ab
802 1705 952 1738 aeterno
979 1705 1015 1737 et
1041 1700 1080 1737 in
1108 1707 1295 1737 aeternum
1325 1707 1380 1737 est
1410 1700 1522 1743 Deus,
1547 1705 1582 1737 et
1601 1713 1688 1750 pro·

173 1765 260 1803 inde
296 1764 455 1815 Spiritus
490 1764 612 1808 etiam,
647 1777 726 1801 esse
762 1765 963 1801 etiamnum
992 1764 1091 1814 quod
1120 1769 1209 1809 erat,
1238 1764 1301 1801 sed
1329 1764 1380 1801 ita
1410 1764 1484 1801 iam
1512 1764 1621 1800 nobis
1648 1764 1689 1800 iu

175 1829 321 1867 Christo
358 1829 520 1866 Domino
557 1829 809 1871 coniunctum,
844 1835 1084 1878 posteaquam
1121 1841 1266 1866 carnem
1304 1829 1342 1865 in
1372 1842 1409 1865 se
1436 1834 1600 1865 nostram
1629 1841 1689 1866 as-

175 1894 342 1944 sumpsit,
375 1898 416 1930 ut
451 1893 498 1930 sit
534 1906 616 1930 vere
645 1892 744 1943 quod
773 1893 908 1929 dicitur
936 1893 1129 1936 Emanuel,
1158 1893 1229 1929 hoc
1256 1898 1323 1936 est,
1352 1893 1546 1930 nobiscum
1576 1892 1688 1930 Deus.

175 1959 232 1996 Tu
262 1970 344 1995 vero
374 1958 482 1995 doces
511 1957 688 2002 Verbum,
715 1957 812 2007 quod
842 1958 929 1994 olim
961 1958 1122 2007 Spiritus
1150 1963 1239 1999 erat,
1268 1957 1689 2003 commu-(Bia)tatione

175 2020 330 2070 quadam
352 2020 488 2057 factum
509 2033 586 2057 esse
607 2033 766 2063 earnem,
785 2033 863 2056 eam
886 2033 969 2057 vero
990 2034 1065 2057 non
1088 2027 1267 2065 nostram,
1287 2021 1349 2057 sed
1369 2034 1388 2058 e
1406 2021 1688 2071 Spiritusancto

176 2089 386 2134 conceptam
423 2089 458 2121 et
495 2084 710 2121 deductam:
746 2084 893 2121 interim
925 2098 1008 2121 vero
1038 2084 1106 2121 tibi
1134 2085 1212 2135 ipse
1240 2098 1314 2122 non
1345 2090 1504 2129 constas,
1533 2085 1596 2122 sed
1625 2099 1688 2122 ne-

176 2148 250 2184 scio
287 2147 375 2198 quid
413 2148 456 2184 de
490 2147 997 2197 promissione‘imaginaris,
1024 2154 1059 2185 et
1085 2162 1161 2185 rem
1190 2149 1241 2185 ita
1269 2161 1415 2186 omnem
1443 2149 1623 2198 implicas,
1650 2153 1689 2186 ut

175 2211 354 2249 incertum
394 2211 452 2254 sit,
486 2211 533 2247 ad
569 2217 760 2248 uterumne
787 2212 930 2256 matris,
956 2225 1002 2248 an
1032 2225 1116 2249 vero
1145 2212 1191 2249 ad
1221 2212 1371 2249 verbum
1402 2212 1685 2262 promissionem

176 2275 303 2313 referri
331 2275 431 2312 velis.
470 2274 554 2311 Hoc
581 2275 696 2323 igitur
724 2276 842 2325 primo
870 2276 1131 2313 excutiendum
1163 2276 1272 2313 nobis
1299 2276 1381 2319 erit,
1409 2281 1445 2313 et
1473 2276 1686 2320 videndum,

176 2339 249 2376 utri
278 2338 338 2374 hie
364 2352 382 2374 a
413 2351 496 2375 vcro
524 2339 746 2376 aberremus.

228 2401 424 2438 Ordiemur
457 2406 582 2448 autem
606 2401 652 2439 ab
680 2415 735 2448 e0,
762 2402 861 2452 quod
888 2403 1035 2453 utrique
1063 2404 1158 2441 eirea
1189 2403 1478 2441 controversiam
1507 2404 1686 2441 fatemur:

177 2464 341 2501 Verbum
382 2476 459 2500 essc
502 2463 633 2508 Deum,
666 2484 716 2492 ·-
753 2478 795 2501 ae
836 2465 994 2515 primum
1040 2471 1166 2504 nostra
1205 2466 1520 2511 confirmabimus,
1556 2466 1688 2504 deinde

177 2540 262 2564 vcro
291 2527 337 2564 ad
365 2531 508 2564 tuorum
539 2527 830 2565 confutationem
860 2528 1135 2568 descendemus.
1188 2531 1235 2568 In
1264 2530 1334 2566 hoe
1361 2535 1480 2567 autem
1511 2530 1688 2568 consistet

178 2605 319 2628 summa
357 2596 503 2627 nostrae
541 2592 847 2636 confirmationis,
885 2597 924 2629 ut
961 2593 1157 2631 doceamus
1194 2595 1295 2632 nulla
1322 2593 1360 2631 id
1397 2594 1688 2631 commutatione

177 2656 256 2693 fieri
291 2654 466 2705 potuisse,
502 2659 540 2691 ut
577 2655 742 2698 verbum,
769 2656 868 2706 quod
895 2661 973 2694 erat
1001 2658 1171 2708 Spiritus,
1198 2660 1300 2696 fieret
1327 2672 1433 2697 earo:
1462 2658 1594 2696 deinde
1621 2658 1686 2695 ad—

179 2721 336 2757 feremus
381 2718 611 2756 testimonia:
657 2718 820 2757 Verbum
856 2733 1001 2758 carnem
1039 2723 1175 2759 factum
1213 2736 1293 2760 esse
1327 2728 1515 2772 assumpta
1560 2727 1687 2759 nostra

178 2785 217 2821 in
261 2797 298 2821 se
343 2787 485 2821 natura.
538 2783 618 2819 Iam
662 2795 747 2820 vero
788 2784 827 2821 in
865 2786 1032 2822 confesso
1067 2786 1104 2823 id
1142 2791 1213 2824 est:
1250 2786 1427 2831 Verbum,
1465 2787 1564 2837 quod
1601 2799 1686 2824 caro

180 2848 318 2885 factum
353 2853 419 2893 cst,
455 2845 566 2883 fuisse
600 2846 647 2882 ab
675 2852 823 2884 aeterno
852 2847 983 2895 Deum,
1007 2863 1127 2899 neque
1155 2854 1192 2887 te
1219 2850 1279 2887 hic
1306 2864 1327 2887 a
1355 2851 1463 2888 nobis
1492 2851 1687 2889 dissentire
