1818 3178
123 66 197 103 316

891 142 908 152 x

121 175 318 213 dissentire
344 175 466 224 fingit,
494 175 530 213 et
560 188 642 213 cum
668 176 763 213 falso
793 188 943 214 causam
970 176 1116 214 dissidii
1142 177 1240 217 inter
1267 191 1304 217 se
1331 183 1366 217 et
1383 192 1452 217 nos
1471 183 1648 219 recenset.

123 239 237 277 Mitto
285 240 347 276 hic
390 238 551 276 hominis
587 239 771 276 insulsam
807 239 1075 289 arrogantiam,
1111 240 1199 279 dum
1233 244 1318 289 (fol.
1349 245 1415 291 76)
1453 243 1647 282 Calvinum

123 304 365 354 contemptim
392 304 633 341 fraterculum
661 316 783 341 meum
812 309 932 350 vocat,
959 304 1065 355 quasi
1092 305 1170 356 ipse
1198 311 1323 345 tantus
1352 308 1411 353 sit,
1438 309 1542 345 cuius
1561 320 1647 345 cen-

121 381 226 406 surae
260 368 361 404 orbis
397 367 593 405 universus
630 381 649 405 e
675 368 832 418 vestigio
862 368 1085 407 subscribat.
1140 371 1190 408 At
1216 385 1302 409 vero
1330 372 1456 409 notior
1484 376 1538 409 est
1565 371 1648 409 orbi

118 432 190 469 iam
228 431 380 468 Domini
420 431 566 468 Calvini
602 432 761 469 eruditio
788 432 984 482 integritas
1012 446 1055 470 ac
1082 433 1185 480 fides,
1213 448 1323 485 quam
1352 440 1394 473 ut
1422 435 1648 484 westphali-

120 509 182 532 cae
217 495 382 544 Erinnys
417 495 606 533 morsibus
634 509 677 533 ac
710 497 846 534 latratu
892 496 1085 534 obscurari
1119 499 1251 548 possit,
1287 503 1322 536 et
1357 512 1416 537 me
1450 500 1541 537 adeo
1571 512 1648 537 non

118 560 231 610 pudet
264 560 450 597 fraternae
486 572 571 597 cum
604 560 684 610 ipso
721 560 907 598 societatis
934 565 970 598 et
999 560 1287 606 coniunctionis,
1314 566 1356 600 ut
1382 576 1462 600 eam
1488 563 1581 600 mihi
1608 563 1647 600 in

118 624 314 675 praecipua
350 624 411 661 hic
448 625 663 662 foelicitatis
698 639 802 663 meae
837 629 942 676 parte
969 625 1130 663 libenter
1156 639 1306 676 ponam.
1360 628 1432 664 Sed
1458 628 1648 665 intueatur

119 688 357 739 Westphalus
393 701 481 726 suos
516 690 740 739 paterculos,
776 703 938 740 quorum
973 690 1108 727 titulos
1144 696 1322 741 perpetuo
1352 696 1487 742 crepat,
1513 693 1648 742 quibus

118 754 149 790 si
185 753 360 790 Postillas
395 754 507 790 modo
537 755 706 803 vulgares
734 754 891 795 adimas.
917 758 954 791 et
980 754 1264 792 maledicentiae
1291 756 1397 793 frena
1424 756 1650 805 adstringes,

118 819 213 857 nihil
247 819 323 856 fere
358 822 536 869 superest,
564 819 664 869 quod
692 819 730 856 in
759 819 921 856 medium
950 819 1096 857 adferre
1122 819 1280 870 possint.
1336 820 1458 858 Quid!
1482 821 1584 871 quod
1611 834 1650 858 se

116 884 195 921 suis
221 883 376 934 ipsemet
402 883 527 921 verbis
553 883 739 921 mendacii
767 884 948 933 coarguit,
976 883 1062 920 dum
1091 897 1150 921 me
1177 884 1307 922 eodem
1334 898 1428 935 pene
1455 886 1530 922 oris
1557 885 1649 923 flatu

117 950 153 985 et
189 947 404 998 resipiscere
440 950 476 984 et
509 947 548 985 in
585 959 700 985 coeno
737 961 865 985 rursus
901 960 983 985 meo
1022 947 1164 985 scilicet
1192 948 1342 986 haerere
1368 949 1432 986 ait.
1486 949 1526 985 Si
1553 949 1646 986 resi-

116 1012 233 1063 pisco,
260 1011 448 1063 quomodo
476 1012 515 1049 in
545 1024 659 1050 coeno
687 1011 849 1049 haereo?
886 1013 965 1050 Aut
992 1012 1180 1063 quomodo
1210 1012 1356 1058 haereo,
1383 1012 1414 1050 si
1433 1013 1648 1064 resipiscere

117 1075 272 1114 videor?
327 1076 400 1113 Sed
425 1076 531 1113 addit
559 1076 812 1114 conditionem
841 1077 951 1113 homo
982 1081 1134 1114 cautus:
1164 1077 1203 1113 Si
1232 1077 1333 1121 solis,
1360 1077 1496 1127 inquit,
1523 1077 1647 1115 verbis

115 1139 301 1184 intendas,
340 1139 534 1176 miraberis
570 1143 641 1177 etc.
695 1141 747 1176 At
782 1152 883 1183 vero,
920 1139 951 1176 si
988 1139 1098 1176 verba
1135 1152 1215 1176 mea
1243 1139 1425 1177 eiusmodi
1454 1145 1540 1177 sunt
1567 1140 1645 1177 visa

117 1204 333 1256 Westphalo
375 1204 460 1255 ipsi,
503 1208 543 1242 ut
577 1205 618 1241 in
655 1217 746 1249 eam,
787 1217 895 1254 quam
933 1205 1012 1254 ipse
1048 1205 1224 1249 somniat,
1269 1204 1555 1242 admirationem
1590 1205 1647 1242 vel

115 1268 315 1319 ipsummet
349 1268 407 1306 vel
439 1268 532 1305 alios
559 1268 734 1306 inducere
760 1269 919 1318 possint,
945 1289 996 1297 —
1022 1281 1095 1318 quo
1122 1272 1246 1319 pacto,
1274 1269 1442 1313 obsecro,
1470 1269 1582 1306 simul
1611 1273 1647 1306 et

116 1333 333 1379 admiratur,
358 1346 417 1371 me
444 1337 507 1370 aut
535 1346 677 1370 mecum
706 1346 873 1383 pugnare
900 1337 963 1370 aut
990 1346 1152 1370 errorem
1180 1346 1304 1371 meum
1330 1334 1479 1384 plane
1505 1337 1645 1371 retrac-

117 1401 209 1442 tare,
235 1400 271 1434 et
297 1397 447 1434 interim
475 1396 699 1447 pronunciat
726 1410 784 1434 me
811 1396 850 1434 in
879 1409 995 1434 coeno
1023 1410 1104 1434 meo
1134 1397 1309 1435 haerere?
1352 1397 1439 1435 Hoc
1466 1397 1643 1435 nimirum

116 1460 263 1498 inflavit
296 1464 402 1497 tanto
439 1460 605 1498 veritatis
642 1460 818 1497 assertori
853 1459 1096 1511 Propheticus
1131 1460 1248 1511 ipsius
1276 1461 1441 1512 spiritus,
1467 1465 1507 1498 ut
1534 1461 1645 1498 simul

116 1528 153 1561 et
187 1522 392 1560 admiretur
427 1523 581 1560 meliora
618 1522 771 1565 scilieet,
804 1526 840 1560 et
876 1522 1058 1560 deteriora
1095 1523 1338 1560 nihilominus
1374 1524 1539 1566 affirmet,
1575 1523 1646 1560 hoc

116 1592 184 1634 est,
211 1591 250 1626 ut
278 1601 316 1624 se
343 1587 540 1638 utrobique
567 1587 701 1636 nugari
727 1600 771 1624 ac
796 1587 948 1624 mentiri
976 1587 1164 1625 ostendat.
1213 1586 1314 1624 Illud
1334 1588 1561 1638 praeclarum
1577 1592 1645 1633 est,

116 1653 217 1703 quod
244 1665 348 1689 suam
378 1652 585 1689 doctrinam
613 1651 803 1688 meliorem
833 1651 1054 1688 sententiam
1083 1655 1203 1689 vocat.
1251 1651 1338 1688 Hoc
1365 1652 1506 1690 scilicet
1533 1667 1642 1690 nemo

117 1717 241 1755 credet
285 1717 358 1754 nisi
400 1730 444 1754 ex
489 1716 707 1767 Westphalo
752 1716 893 1759 audiat,
930 1720 992 1753 aut
1027 1729 1136 1754 nemo
1174 1729 1321 1753 rursum
1359 1718 1511 1766 negabit
1547 1718 1577 1755 si
1604 1718 1643 1755 id

115 1782 198 1828 (fol.
234 1782 298 1828 77)
337 1781 574 1831 Westphalus
610 1782 774 1826 affirmet,
805 1780 870 1830 qui
906 1793 985 1817 sese
1012 1780 1153 1830 alioqui
1179 1785 1235 1818 tot
1263 1781 1374 1818 simul
1403 1781 1643 1831 Gigantibus,

117 1851 156 1884 ut
190 1846 317 1890 iactat,
353 1845 658 1883 Sacramentariis
692 1858 759 1895 pro
796 1845 864 1882 zeli
901 1845 971 1888 sui,
1008 1844 1079 1882 hoc
1116 1849 1183 1889 est,
1209 1845 1436 1896 impudentis
1463 1860 1641 1896 arrogan-

114 1912 187 1949 tiae
214 1924 312 1955 suae,
337 1910 597 1959 magnitudine
633 1922 821 1960 opponere
854 1922 931 1946 non
968 1909 1166 1953 dubitavit,
1204 1910 1311 1960 quasi
1348 1924 1424 1947 non
1452 1911 1540 1948 satis
1567 1912 1641 1949 iam

115 1976 163 2014 sit
197 1979 373 2012 testatum
409 1974 505 2016 orbi,
540 1987 653 2024 quare
689 1974 896 2011 doctrinam
931 1973 1048 2024 ipsius
1084 1981 1119 2011 et
1156 1967 1461 2023 syncretistarum
1490 1989 1641 2013 suorum

114 2040 378 2091 improbemus,
417 2039 489 2076 Sed
516 2042 551 2075 et
580 2038 650 2075 hoc
677 2052 780 2075 suam
809 2038 1013 2076 vanitatem
1038 2039 1164 2089 prodit
1193 2039 1443 2089 Westphalus,
1470 2040 1583 2090 quod,
1611 2041 1642 2078 si

115 2104 196 2155 quis
234 2104 354 2141 verbis
391 2104 482 2140 meis
518 2103 700 2145 intendat,
737 2103 837 2140 aliud
877 2103 920 2140 de
957 2116 1015 2140 me
1052 2103 1284 2151 cogitaturus
1314 2104 1372 2147 sit,
1400 2118 1510 2154 quam
1540 2105 1571 2142 si
1598 2119 1639 2143 ea

114 2169 296 2213 observet,
329 2181 423 2219 quae
457 2173 493 2205 et
532 2168 729 2218 praemitto
766 2172 801 2205 et
837 2167 1034 2218 aliquoties
1070 2171 1195 2218 repeto
1224 2173 1260 2205 et
1295 2168 1351 2206 bis
1388 2169 1476 2206 item
1511 2173 1640 2220 terque

113 2234 259 2271 demum
288 2233 398 2270 etiam
426 2232 535 2275 addo,
562 2232 668 2283 quasi
695 2232 777 2282 quis
805 2236 868 2269 aut
896 2232 1018 2269 verbis
1045 2233 1136 2270 meis
1164 2232 1356 2271 intendere
1376 2233 1553 2272 dicendus
1580 2235 1640 2279 sit,

113 2297 178 2347 qui
212 2297 269 2334 vel
307 2310 382 2334 non
419 2296 520 2334 videt
557 2297 615 2334 vel
653 2310 727 2334 non
766 2297 843 2334 vult
882 2297 1016 2341 videre,
1044 2297 1146 2347 quod
1174 2297 1297 2335 verbis
1324 2298 1505 2349 expressis
1531 2312 1638 2349 prae-

112 2362 232 2407 mitto,
268 2361 463 2411 aliquoties
490 2365 629 2412 repeto,
656 2361 788 2412 bisque
816 2375 859 2398 ac
885 2366 940 2399 ter
969 2361 1117 2399 demum
1145 2362 1262 2409 addo3
1290 2366 1352 2401 aut
1381 2363 1471 2400 haec
1498 2363 1638 2414 alioqui

111 2425 307 2462 observare
333 2425 451 2474 possit
480 2425 549 2462 nisi
579 2424 701 2462 verbis
730 2425 820 2462 meis
848 2425 1029 2470 intendat,
1048 2447 1097 2454 —
1127 2425 1199 2464 nisi
1227 2426 1327 2477 quod
1352 2426 1405 2464 ita
1434 2427 1638 2465 scurriliter

111 2490 244 2539 nugari
272 2489 402 2526 maluit
429 2490 536 2527 Atlas
565 2490 783 2531 Saxonicus.
811 2503 921 2541 quam
949 2494 1082 2535 tacere,
1111 2504 1207 2538 cum,
1233 2491 1333 2542 quod
1362 2492 1509 2535 diceret,
1535 2493 1636 2530 aliud

111 2567 187 2591 non
216 2553 392 2591 habebat.

110 2619 242 2656 Ioan.
270 2616 490 2655 &Lases
1071 2621 1134 2657 29.

137 2683 243 2720 Quae
270 2681 315 2718 de
341 2681 419 2718 filio
440 2659 509 2718 bei
942 2682 1266 2733 Westphalus,

109 2746 171 2783 hic
190 2746 291 2790 dicit,
308 2745 442 2796 partim
462 2757 502 2781 a·
604 2746 701 2782 Filio
730 2747 805 2783 Dei
823 2748 971 2795 placuit
1001 2746 1161 2784 Coenam
1187 2760 1294 2784 suam
1322 2747 1518 2784 consistere
1536 2748 1632 2785 dact-

107 2810 336 2860 guoscimus,
376 2808 508 2860 partlm
563 2809 628 2847 bus
664 2810 784 2855 rebus,
819 2818 964 2848 (errena
1001 2817 1032 2848 et
1069 2812 1224 2856 coelesti,
1252 2818 1284 2848 ec
1310 2811 1408 2847 hanc
1431 2824 1502 2859 per
1530 2814 1631 2850 illam
