1818 3178
616 140 664 168 DE
694 141 779 171 FUG.
810 139 960 171 PAPIS'I'.
991 140 1140 171 SAcms.

166 624 269 663 Quid
297 630 483 676 praeterea
511 626 563 663 ibi
593 627 636 665 (16
653 627 731 665 1)60
749 632 859 678 atque

115 689 263 727 Christo
314 703 503 741 superesse
555 705 679 729 revera
723 696 856 742 potest,

111 755 178 792 uhi
232 755 402 792 Christus
455 756 640 794 Dominus
692 757 730 793 in
779 769 848 806 pu-

112 819 210 856 blica
238 819 429 857 doetrinae
458 821 691 858 confessione
711 819 847 857 divini-

110 887 186 920 tate
221 897 285 920 sua
323 888 431 934 atque
469 884 700 921 humanitate
727 883 847 921 omni-

111 960 183 997 que
220 960 284 984 sua
320 947 471 998 insuper
507 948 688 996 dignitate
723 947 846 998 priva-

110 1012 198 1048 tur?
254 1012 361 1049 Quae
397 1012 522 1049 omnia
560 1011 743 1048 confessio
781 1011 851 1048 Pa-

110 1075 262 1125 pistieae
299 1075 490 1112 doctrinae
524 1075 563 1112 in
600 1088 637 1112 se
666 1075 845 1118 continet,

111 1140 280 1189 quamvis
309 1141 393 1186 (14)
414 1139 453 1176 in
468 1139 613 1187 agendo
633 1151 701 1175 suo
722 1139 855 1176 horum

111 1204 328 1240 alienissimi
374 1203 490 1240 videri
524 1203 686 1252 cupiant.
743 1202 849 1240 Quo-

111 1268 221 1304 modo
250 1267 363 1316 igitur
382 1267 559 1310 dicemus,
577 1266 716 1304 ibidem
736 1267 847 1317 quid·

110 1332 208 1383 piam
257 1331 300 1367 de
343 1330 422 1367 Deo
469 1330 693 1382 Christoque
728 1331 851 1368 adhue

111 1395 330 1444 superesse?
367 1401 430 1431 aut
458 1407 545 1432 vero
574 1408 664 1432 num
691 1408 752 1432 eas
780 1408 851 1439 res,

108 1472 200 1509 quas
246 1458 542 1496 dissimulatione
577 1459 748 1510 Papistae
785 1459 850 1496 ad-

107 1525 181 1561 huc
218 1524 392 1569 retinent,
427 1525 524 1562 tanti
558 1525 851 1569 aestimabimus,

108 1589 214 1639 quasi
251 1602 397 1626 veraces
442 1589 512 1626 Dei
557 1589 771 1640 Christique
805 1603 862 1627 re-

106 1654 244 1703 liquiae
290 1658 426 1699 essent,
466 1653 546 1691 sine
587 1654 663 1691 ulla
709 1654 855 1691 ratione

110 1718 238 1755 habita
274 1731 414 1764 eorum,
442 1731 537 1768 quae
565 1718 610 1755 ad
640 1719 853 1769 opprimen-

109 1782 194 1819 dam
211 1787 321 1832 atque
341 1782 616 1833 exstirpandam
640 1783 850 1821 doctrinam

109 1848 154 1884 de
181 1848 322 1884 meritis
351 1848 606 1898 dignitateque
627 1848 767 1886 Christi
789 1849 852 1886 de-

110 1912 293 1950 creverint
343 1913 438 1949 inter
483 1926 521 1949 se
557 1917 667 1963 atque
706 1913 851 1963 jureju-

108 1976 225 2014 rando
281 1976 356 2013 sint
408 1976 531 2026 pacti?
595 1977 680 2014 Qua
726 1977 770 2014 de
815 1991 854 2015 re

107 2041 215 2091 plura
251 2039 374 2076 adhuc
411 2039 568 2076 dicenda
605 2045 745 2087 essent3
784 2041 850 2078 ab·

110 2105 169 2148 sit,
203 2110 244 2141 ut
281 2104 403 2141 studio
440 2104 495 2140 illi
530 2105 569 2141 in
597 2104 770 2154 Papismo
795 2105 849 2142 lo-

109 2184 192 2207 cum
236 2170 335 2206 illico
779 2169 852 2206 Po-

109 2241 260 2277 stremo,
288 2235 317 2271 si
338 2233 593 2270 ministrorum
610 2233 793 2283 impietas,
812 2233 850 2271 in

108 2313 180 2350 qua
209 2298 424 2349 praesertim
453 2297 641 2335 Ecclesiae
664 2298 848 2347 judicium

109 2367 234 2414 aperte
262 2362 458 2407 consentit,
488 2361 578 2399 adeo
609 2361 848 2400 Ecclesiasti-

111 2440 171 2465 cas
209 2428 374 2465 actiones
426 2439 671 2477 conspurcare
708 2427 847 2477 nequit,

110 2492 201 2543 quin
239 2492 285 2529 iis
320 2492 366 2529 ad
394 2492 734 2540 augmentationem
761 2491 848 2528 fidei

111 2562 259 2595 nostrae
305 2558 357 2594 uti
401 2556 510 2593 nobis
556 2555 678 2600 liceat,
731 2556 850 2606 iisque

110 2620 231 2657 socios
256 2620 302 2657 iis
331 2633 398 2656 nos
418 2619 639 2668 adjungere;
660 2624 737 2655 tuin
764 2631 849 2668 pro-

111 2684 207 2722 fecto
261 2684 362 2721 nulla
406 2696 571 2733 unquam
616 2681 851 2719 ethnicorum

111 2748 149 2786 in
171 2749 414 2787 concionibus
438 2749 512 2785 suis
533 2747 714 2798 impietas,
731 2760 849 2797 neque

109 2813 186 2850 ulla
220 2813 310 2850 item
345 2812 570 2855 idololatria,
606 2812 746 2848 cultum
782 2811 850 2849 Dei

111 2876 194 2928 (qui
232 2876 413 2929 principio
445 2876 549 2914 Noae
576 2881 739 2926 tempore
765 2887 851 2926 pro-

399 2168 485 2205 dare
530 2169 717 2206 vellemus.

1592 128 1642 171 79

908 244 1080 283 niemand
1109 243 1183 281 kan
1210 244 1308 281 laten
1331 241 1490 286 dunckc,
1511 241 1573 294 dat
1590 254 1645 290 wy

906 309 1025 347 hierin
1070 305 1401 355 lichtuardighliek
1448 304 1646 350 handelem

907 386 950 410 zo
986 386 1042 422 wy
1078 385 1148 409 van
1188 372 1302 409 (lezen
1337 370 1431 407 wille
1459 369 1552 407 ende
1581 368 1645 406 be-

904 439 1008 485 garte
1043 436 1115 473 alle
1151 434 1421 472 Pauwstlicken
1458 446 1645 471 verzame-

902 499 1057 548 linghen
1111 499 1182 537 end
1236 498 1325 536 hore
1377 496 1646 547 ghebruyckcn

906 564 1116 612 wtsluyten.

962 626 1059 663 Daer
1086 640 1133 663 en
1161 626 1283 664 bouen
1312 630 1381 664 wat
1407 626 1517 676 mngh
1548 626 1644 664 doch

909 691 996 728 daei·
1014 691 1053 728 in
1076 691 1139 728 (161·
1158 690 1328 728 waerheit
1348 704 1418 728 van
1439 691 1647 730 Godeende

903 769 973 792 van
998 755 1146 792 Christo
1167 755 1265 792 noch
1287 755 1441 804 ouerigh
1463 755 1647 803 zijn,dacr

902 819 1072 856 Christus
1092 819 1137 856 de
1152 819 1254 856 Heer
1271 820 1309 857 in
1330 820 1560 870 opentlicker
1579 819 1646 856 be-

900 882 1089 931 lijdenisse
1117 883 1180 920 der
1200 883 1295 921 16616
1315 897 1385 921 van
1408 895 1521 933 zyner
1540 883 1646 921 God-

900 946 977 983 heit
1003 946 1097 984 ende
1123 947 1357 985 mensehheit
1376 948 1470 985 ende
1491 948 1646 986 daeren-

908 1011 1030 1047 bouen
1067 1024 1139 1047 van
1174 1011 1265 1048 aller
1290 1023 1404 1061 zyner
1431 1012 1647 1061 wardigheit

898 1074 1056 1111 beroofft
1084 1074 1223 1112 werdt?
1253 1075 1331 1112 Het
1357 1076 1470 1113 welck
1491 1077 1580 1113 alles
1602 1076 1647 1114 (16

908 1139 1124 1186 belijdenisz
1147 1139 1210 1176 der
1233 1139 1496 1176 Pauwstlicker
1516 1140 1588 1177 1661·
1607 1140 1647 1177 in

905 1203 985 1239 zick
1007 1207 1186 1248 veruaatt,
1205 1203 1341 1241 hoewel
1362 1217 1406 1253 zy
1425 1204 1542 1241 willen
1559 1206 1645 1252 (14)

900 1267 937 1304 in
989 1267 1103 1305 boren
1142 1268 1237 1305 doen
1284 1268 1450 1317 schijnen
1494 1268 1646 1306 hiervan

904 1332 1073 1369 vreemde
1100 1336 1137 1369 tc
1155 1334 1246 1381 zijn:
1267 1333 1338 1370 1106
1357 1333 1478 1370 zullen
1498 1346 1553 1382 wy
1574 1332 1646 1370 dan

903 1396 1083 1444 zegghen,
1110 1396 1173 1434 dat
1189 1396 1276 1434 daei·
1295 1410 1365 1434 van
1387 1398 1534 1434 Christo
1553 1397 1648 1435 ende

906 1460 1014 1497 Gode
1032 1460 1130 1497 noch
1147 1464 1216 1498 wat
1234 1461 1388 1511 ouerigh
1408 1462 1467 1498 is?
1497 1461 1552 1498 Of
1567 1463 1646 1498 zul-

904 1525 963 1563 len
991 1539 1046 1575 wy
1075 1526 1119 1563 (16
1147 1526 1287 1576 dinghe
1314 1526 1373 1564 die
1400 1526 1444 1564 de
1473 1528 1647 1578 Papisten

918 1590 1011 1627 door
1048 1590 1306 1640 beueynstheit
1332 1591 1431 1628 noch
1461 1591 1647 1630 beholden

907 1655 946 1692 in
983 1655 1134 1692 zulcker
1168 1655 1370 1704 achtinghe
1406 1656 1566 1703 hebben,
1591 1657 1646 1694 als

907 1733 1027 1757 waren
1065 1720 1126 1757 het
1154 1720 1424 1770 waerachtighe
1451 1721 1646 1770 ouerblijf-

904 1785 975 1821 sels
995 1784 1121 1822 Godes
1132 1785 1203 1822 end
1224 1785 1377 1832 Christi,
1396 1786 1646 1824 zondereeni·

905 1850 978 1898 ghe
1011 1849 1098 1887 acht
1133 1854 1171 1887 te
1207 1863 1340 1888 nemen
1378 1851 1476 1893 desz.
1511 1851 1574 1888 dat
1602 1865 1646 1901 zy

906 1915 1022 1952 onder
1050 1915 1131 1952 zick
1160 1920 1215 1952 ter
1236 1915 1534 1965 verdruekinghe
1552 1917 1647 1954 ende

907 1984 962 2016 ter
982 1979 1275 2028 verdelghinghe
1294 1980 1358 2017 der
1378 1980 1474 2017 lecre
1492 1994 1563 2017 van
1574 1980 1646 2018 den

906 2042 1141 2080 verdiensten
1161 2043 1255 2080 ende
1265 2043 1481 2092 wardigheit
1495 2044 1647 2087 Christi,

906 2106 1105 2143 verordent
1120 2119 1165 2144 en
1184 2106 1252 2144 mit
1264 2107 1645 2156 verzweeringhever-

906 2170 1046 2219 drag-he
1103 2170 1276 2208 hebben?

906 2234 1002 2271 noeh
1031 2235 1096 2272 wel
1126 2235 1202 2272 veel
1231 2239 1265 2272 te
1293 2235 1454 2284 zegghcz
1484 2249 1586 2274 verre
1612 2237 1645 2273 is

900 2299 962 2336 het
991 2300 1053 2337 dat
1080 2313 1134 2349 wy
1164 2299 1249 2337 deze
1270 2300 1420 2349 begarte
1438 2305 1493 2338 ter
1517 2301 1646 2339 stondt

901 2363 937 2400 in
979 2363 1048 2401 den
1085 2364 1321 2401 Pauwstdom
1355 2365 1486 2402 zolden
1524 2365 1646 2403 willen

905 2428 1044 2478 plaetsz
1091 2428 1249 2477 gheuen.

901 2492 964 2529 der
1001 2492 1151 2529 ‹lienare
1186 2493 1457 2542 godlooszheit,
1492 2494 1532 2531 in
1560 2495 1643 2532 wel-

904 2557 996 2594 cken
1039 2557 1078 2595 in
1123 2558 1339 2596 zonderheit
1376 2559 1437 2596 het
1474 2560 1645 2598 ouerdeel

903 2619 967 2656 der
978 2619 1210 2670 Ghemeynte
1229 2621 1417 2672 opentlick
1431 2622 1645 2671 bewillight‚

903 2684 982 2720 aizo
1045 2684 1109 2722 (161·

905 2748 979 2786 niet
1034 2748 1079 2785 ka
1133 2751 1445 2800 veront1·einigh‹²‚

1340 2170 1508 2208 Hiervan
1553 2185 1647 2210 ware

1305 2429 1384 2466 Ten
1436 2430 1566 2474 lesten,
1601 2443 1644 2467 zo

1169 2685 1302 2722 kerckc
1366 2686 1644 2736 handelinghen

1498 2752 1541 2788 of
1588 2766 1643 2802 wy

901 2812 1036 2861 moghe
1065 2826 1104 2851 ze
1131 2814 1196 2852 wel
1223 2820 1278 2852 ter
1298 2815 1642 2866 vermeerderinghe

905 2888 1015 2913 onzes
1034 2876 1235 2926 ghelooues
1249 2878 1452 2929 bruyekcn,
1471 2879 1564 2918 ende
1576 2893 1643 2926 ons
