1818 3178
601 107 815 135 RnsPoNslo
844 110 938 137 ADv.
969 107 1138 140 Hosium
1562 101 1634 137 4<ss

112 209 220 246 nobis
265 209 516 247 infirmitatem
562 221 604 246 ac
648 209 835 247 inscitiam
870 211 990 248 adhuc
1033 211 1200 262 plerique
1242 211 1406 255 haerent,
1440 210 1635 262 Papisticis

112 274 287 311 fascinati
330 273 552 324 praestigiis,
586 274 752 311 relicturi
788 275 890 312 illam
930 275 1192 326 proculdubio,
1228 275 1260 313 si
1295 276 1374 313 eius
1410 275 1635 325 impietatem

110 342 221 388 atque
257 338 575 376 abominationem
602 339 721 388 magis
749 339 941 390 aliquanto
972 339 1159 389 cognitam
1186 344 1490 391 perspectamque
1518 339 1632 376 habe-

110 407 206 440 rent.
258 402 367 439 Nihil
401 402 516 450 igitur
553 415 621 440 nos
655 402 789 453 pungit
824 407 1012 441 extremus
1049 404 1119 442 iste
1157 404 1271 441 Hosii
1307 405 1455 441 aculeus
1485 404 1529 441 de
1558 417 1632 441 non

110 465 320 515 quaerenda
348 465 445 516 apud
473 471 622 504 nostros
649 467 830 513 Ecclesia,
869 468 931 505 sed
971 473 1012 505 ut
1038 468 1078 505 in
1105 482 1158 514 ea,
1186 469 1224 506 in
1254 481 1327 518 qua
1354 469 1433 506 nati
1452 481 1496 505 ac
1517 469 1635 506 renati

110 542 192 566 vere
227 543 366 575 sumus,
401 530 566 578 omnino}
592 544 886 581 permaneamus,
922 533 1014 583 quin
1051 532 1177 583 potius
1206 532 1349 570 Hosius
1384 534 1541 584 ipsemet
1568 547 1634 571 suo

109 605 147 630 se
173 592 245 630 isto
275 593 426 631 conficit
453 594 594 637 aculeo,
622 608 729 645 quem
761 596 869 633 nobis
898 597 1050 647 oblique
1078 597 1232 646 infigere
1261 597 1421 636 volebat.

159 786 241 823 Iam
274 799 362 835 ergo
399 786 633 837 perspicuum
661 791 729 834 est,
756 788 920 825 Illustris
948 800 991 825 ac
1021 788 1223 838 Magnifice
1252 789 1429 828 Domine!
1459 791 1633 830 admotos

108 850 305 888 adversum
340 864 408 888 nos
442 851 725 903 doctrinamque
760 858 796 890 et
832 853 1041 890 Ecclesiam
1079 858 1246 891 nostram
1274 855 1321 892 ab
1353 855 1473 893 Hosio
1503 857 1635 894 arietes

108 928 237 953 omnes
274 929 346 953 non
386 916 507 953 solum
544 917 688 954 nullum
726 917 802 954 vim
838 916 948 954 nobis
983 917 1120 955 inferre
1156 918 1234 955 ullo
1273 918 1384 956 modo
1423 933 1545 970 posse,
1572 921 1636 958 sed

108 979 219 1017 etiam
255 993 321 1030 pro
358 980 468 1018 nobis
505 986 633 1018 contra
670 981 830 1020 Hosium
869 981 990 1031 ipsum
1029 982 1163 1026 facere,
1200 982 1231 1019 si
1269 983 1353 1033 quis
1381 996 1457 1021 rem
1485 985 1638 1035 propius

110 1045 306 1095 expendat.
337 1046 438 1083 Tuae
466 1059 552 1083 veio
580 1048 691 1094 (197)
720 1046 943 1084 Celsitudini
970 1046 1206 1097 potissimum
1235 1049 1516 1099 responsionem
1544 1049 1641 1087 hanc

109 1123 226 1157 meam
265 1110 388 1147 dicare
425 1110 537 1153 volui,
575 1123 659 1147 cum
695 1115 845 1162 propter
883 1116 1042 1149 veterem
1070 1125 1190 1149 meam
1217 1112 1258 1150 in
1285 1118 1320 1150 te
1350 1113 1641 1160 observantiam,

108 1178 187 1211 tum
224 1174 325 1224 quod
360 1178 484 1212 tecum
522 1188 562 1212 ea
601 1175 645 1212 de
679 1188 718 1213 re
746 1176 859 1213 semel
885 1180 996 1226 atque
1022 1176 1158 1214 iterum
1187 1178 1424 1228 colloquutus
1461 1179 1643 1225 intellexi,

109 1252 168 1276 me
203 1238 487 1289 doctrinamque
523 1252 642 1276 meam
678 1238 775 1289 apud
812 1242 849 1276 te
877 1239 989 1276 etiam
1015 1239 1255 1290 peculiariter
1281 1254 1344 1292 per
1373 1241 1536 1280 Hosium
1565 1248 1641 1281 tra-

110 1302 260 1340 ductam
296 1316 384 1341 esse.
441 1303 495 1341 Ut
532 1303 630 1340 enim
658 1302 730 1340 tibi
757 1316 816 1340 me
842 1316 909 1354 pro
948 1302 1021 1340 tuis
1057 1303 1097 1341 in
1134 1318 1192 1341 me
1220 1305 1410 1344 beneficiis
1439 1307 1643 1358 plurimum

110 1368 243 1405 debere
278 1368 411 1411 fateor,
446 1367 498 1405 ita
535 1367 603 1405 tibi
640 1381 726 1418 prae
753 1368 836 1406 aliis
873 1368 984 1406 etiam
1029 1369 1137 1420 cupio
1166 1374 1295 1408 nostra
1321 1371 1481 1422 probare
1509 1374 1647 1419 onmia,

109 1445 152 1469 ac
179 1432 336 1482 proinde
362 1431 598 1469 eximendam
626 1432 719 1469 mihi
756 1432 854 1483 apud
881 1437 918 1470 te
945 1433 1130 1484 imprimis
1158 1447 1308 1486 quoque
1334 1449 1413 1474 esse
1440 1437 1651 1476 existimavi

109 1510 256 1534 omnem
295 1496 340 1534 de
376 1496 548 1534 doctrina
585 1500 714 1534 nostra
751 1497 1040 1536 dubitationem.
1094 1498 1183 1536 Huc
1210 1500 1368 1538 accessit
1394 1501 1520 1549 etiam,
1547 1503 1647 1553 quod

111 1561 230 1598 Tuam
259 1561 369 1598 nobis
398 1560 645 1606 autoritatem,
675 1574 747 1611 qua
775 1561 815 1599 in
844 1561 967 1598 Patria
997 1562 1066 1599 hac
1094 1567 1222 1601 nostra
1250 1577 1316 1615 pro
1340 1566 1468 1603 multis
1487 1571 1523 1604 et
1542 1580 1647 1617 prae-

110 1624 219 1662 claris
253 1625 293 1662 in
328 1625 431 1662 illam
469 1624 612 1662 meritis
648 1625 723 1662 tuis
760 1625 936 1663 Proceres
972 1626 1097 1676 Regni
1124 1640 1253 1666 omnes
1281 1629 1414 1667 merito
1443 1631 1648 1676 antecellis,

109 1690 272 1727 maximo
301 1690 518 1727 adiumento
547 1690 587 1727 in
614 1691 867 1740 promovenda
896 1704 1003 1729 verae
1030 1692 1225 1742 religionis
1253 1694 1403 1745 verique
1432 1696 1555 1734 cultus
1573 1696 1642 1735 Di-

108 1754 187 1791 vini
213 1754 486 1792 instauratione
515 1755 595 1791 fore
622 1767 701 1792 non
729 1754 959 1800 dubitamus,
986 1757 1055 1794 sub
1084 1770 1126 1794 ea
1152 1759 1372 1808 praesertim
1392 1773 1515 1798 rerum
1533 1775 1643 1812 quam

108 1818 276 1856 videmus
312 1823 524 1856 nostrarum
554 1819 615 1856 hic
652 1819 759 1865 facie,
796 1833 889 1870 quae
926 1825 1023 1859 certe
1059 1821 1243 1859 eiusmodi
1280 1829 1349 1870 est,
1383 1828 1425 1862 ut
1451 1825 1532 1876 pios
1561 1840 1644 1864 om-

108 1897 173 1922 nes
209 1888 245 1922 et
279 1883 416 1935 quibus
452 1884 533 1935 ipsa
569 1883 710 1935 alioqui
746 1885 894 1922 Patriae
928 1886 1027 1924 salus
1057 1887 1162 1924 cordi
1188 1891 1244 1925 est
1272 1891 1385 1937 (198)
1413 1890 1492 1927 ullo
1518 1891 1644 1935 modo,

105 1949 266 1988 excitare
301 1949 434 1987 merito
472 1948 621 1986 deberet
657 1950 705 1986 ad
733 1950 944 2000 quaerenda
981 1951 1160 1989 salutaria
1195 1952 1444 2004 undecunque
1479 1956 1642 1993 remedia

106 2014 283 2052 adversus
318 2013 595 2064 impendentem
630 2013 878 2064 proculdubio
913 2014 985 2053 toti
1020 2020 1170 2054 nostrae
1206 2018 1354 2055 Patriae
1382 2019 1643 2065 calamitatem,

107 2092 201 2129 quae
233 2078 308 2116 iam
342 2078 458 2116 ferme
493 2077 533 2115 in
568 2077 660 2129 ipsis
688 2078 835 2116 foribus
863 2092 943 2117 esse
973 2079 1129 2118 videtur.
1184 2081 1267 2119 Nec
1293 2082 1423 2120 multis
1453 2097 1545 2134 opus
1574 2089 1641 2130 est,

106 2144 152 2181 acl
180 2143 453 2194 depingendam
481 2156 605 2180 rerum
632 2156 733 2180 nunc
761 2147 973 2181 nostrarum
1002 2144 1148 2190 faciem,
1176 2146 1270 2183 nulli
1298 2159 1374 2184 non
1403 2147 1544 2198 alioqui
1571 2162 1635 2187 ex-

105 2208 278 2259 positam,
322 2208 388 2258 qui
420 2208 532 2245 modo
571 2221 702 2245 caecus
738 2221 816 2245 non
851 2209 898 2246 sit
933 2222 1101 2259 prorsus,
1137 2215 1201 2247 aut
1236 2211 1337 2261 quod
1379 2216 1435 2249 est
1472 2214 1638 2262 gravius,

106 2273 237 2310 videns
264 2272 390 2309 videre
416 2272 525 2310 nolit.
561 2273 618 2310 Eo
645 2273 720 2310 iam
749 2277 901 2311 ventum
931 2278 997 2318 est,
1026 2279 1066 2312 ut
1095 2274 1139 2312 de
1166 2274 1247 2313 Deo
1274 2275 1461 2327 rebusque
1489 2277 1638 2316 Divinis

104 2337 144 2375 in
180 2337 265 2374 aula
302 2349 410 2386 agere
447 2337 684 2388 colloquique
720 2350 797 2374 non
834 2337 955 2382 liceat,
984 2338 1028 2376 de
1057 2339 1216 2376 Satanae
1244 2353 1329 2377 vero
1358 2341 1502 2379 artibus
1528 2356 1636 2393 prae-

104 2402 225 2451 stigiis
253 2411 363 2452 atque
390 2401 608 2452 imposturis
637 2402 840 2452 disceptare
867 2403 906 2440 in
935 2403 1077 2441 deliciis
1106 2404 1299 2443 habeatur.
1353 2408 1546 2446 Accusant
1574 2409 1635 2447 hic

104 2467 271 2518 plerique
306 2466 445 2516 Regiae
483 2466 691 2504 Maiestatis
729 2467 1010 2517 negligentiam,
1040 2469 1104 2506 sed
1133 2469 1251 2507 maior
1278 2473 1333 2508 est
1361 2472 1478 2510 multo
1506 2486 1634 2511 eorum

106 2532 225 2581 culpa,
262 2531 325 2581 qui
361 2530 548 2581 probitate
584 2530 697 2579 Regia
736 2531 781 2568 ad
819 2545 899 2568 eam
935 2545 1012 2569 rem
1048 2532 1217 2583 improbe
1246 2538 1356 2585 atque
1400 2536 1636 2587 impudenter

105 2597 324 2633 abutuntur.
368 2595 551 2645 Equidem
578 2595 737 2632 istorum
766 2595 1044 2645 improbitatem
1073 2602 1183 2647 atque
1210 2597 1481 2649 impudentiam
1509 2615 1633 2652 repre-

104 2660 217 2698 hendi
253 2661 391 2710 potius,
420 2660 579 2710 denique
607 2665 642 2697 et
671 2660 838 2698 cohiberi
865 2661 902 2698 in
934 2663 1071 2699 Senatu
1099 2663 1307 2713 oportebat,
1335 2678 1444 2715 quam
1473 2666 1630 2715 Regiam

106 2725 336 2763 Maiestatem
368 2724 618 2774 negligentiae
645 2726 823 2768 accusari,
849 2740 963 2777 quum
991 2728 1208 2778 praesertim
1237 2729 1414 2768 Maiestas
1443 2744 1507 2768 sua
1537 2732 1630 2768 nihil

104 2804 141 2827 se
169 2790 248 2827 sine
277 2791 435 2827 Senatus
461 2791 795 2837 au-(l99)toritate
823 2795 982 2829 statuere
1011 2792 1084 2837 hic,
1112 2807 1232 2844 neque
1261 2795 1351 2832 velle
1372 2809 1438 2846 pro
1460 2809 1525 2833 sua
1541 2809 1630 2846 pro-

103 2854 218 2892 bitate
245 2854 374 2903 Regia,
403 2868 521 2905 neque
548 2855 657 2892 etiam
686 2868 794 2906 posse
822 2862 970 2907 propter
998 2857 1097 2907 leges
1125 2858 1281 2905 Patrias
1309 2865 1474 2899 testetur.
1527 2861 1630 2899 Inter
