1818 3178
769 138 1009 167 PRAEFATIO.
1497 140 1658 170 Lxxxlx

134 267 155 293 a
180 245 396 298 sententia,
426 244 606 300 denique
637 245 719 287 iam
752 253 989 296 curaverat,
1022 254 1068 288 ut
1099 248 1209 304 typis
1237 246 1523 291 mandaretur.
1586 248 1654 291 In—

135 341 155 367 tt
180 325 295 361 terea
333 332 432 359 vero
474 331 556 374 ego
597 332 648 359 cx
680 317 842 374 Anglia
885 317 1005 360 venio
1130 326 1170 361 et
1199 320 1446 376 priusquam
1478 320 1520 362 in
1557 320 1654 363 Fri-

132 415 154 441 s]
178 391 279 434 siam
317 389 612 446 pervenissem,
654 388 882 432 admoneor
1025 405 1180 433 novum
1223 390 1535 435 catechismum
1579 392 1656 436 sub

134 486 155 511 u
177 462 298 520 prelo
343 477 443 511 esse,
490 462 562 518 qui
607 460 812 503 diversam
854 460 1089 504 doctrinam
1131 477 1156 505 a
1187 478 1280 506 mea
1312 464 1588 509 contineret.'’
1625 467 1655 521 ¹)

127 536 308 578 Bremae
339 548 436 576 eum
468 532 617 575 excudi
649 533 805 575 fecerat
836 531 1014 583 Gellius,
1049 548 1180 588 quare
1209 535 1423 591 ingressus
1453 536 1654 588 Frisiam,

130 605 247 648 bonis
291 605 370 648 hac
416 606 456 647 in
499 620 545 647 re
593 603 925 660 Hardenbergii,
974 604 1217 647 Bremensis
1263 607 1455 662 pastoris,
1508 608 1656 664 gratiis

129 694 242 729 usus,
276 679 364 720 eius
395 677 617 720 editionem
651 676 874 733 prohibere
906 675 1039 718 voluit
1071 676 1246 730 Lascus‚
1279 685 1326 721 ut
1356 686 1469 736 patet
1500 695 1553 722 ex
1574 681 1657 737 epi-

129 749 249 801 stola,
296 748 334 793 d.
384 750 437 792 25
486 748 709 791 Decembr.
746 748 856 790 1553
888 746 938 789 ad
970 747 1190 790 Hardenb.
1222 748 1330 801 data,
1364 750 1436 793 ubi
1467 751 1525 793 sic
1556 751 1659 809 legi·

128 836 248 864 mus:
301 845 322 870 n
348 821 402 863 Et
442 829 528 863 esto
570 828 617 862 ut
655 820 737 861 iam
778 819 967 876 imprimi
1010 821 1193 875 coeperit
1225 828 1265 863 ct
1297 829 1342 864 tu
1374 822 1537 865 efficere
1570 823 1658 866 ullo

132 916 153 941 η
179 895 302 936 modo
345 907 482 948 queaS‚
532 898 578 933 ut
623 890 747 932 editio
785 890 1138 947 interrumpatur,
1183 907 1258 934 oro
1299 899 1353 944 te,
1393 894 1445 936 da
1485 910 1656 951 operam

131 989 153 1014 ss
178 973 382 1021 quantum
424 970 541 1019 potes
576 970 623 1004 ut
653 961 695 1004 id
724 962 797 1004 fiat
927 970 967 1004 et
998 972 1045 1004 ut
1077 963 1193 1005 ocius
1224 963 1349 1006 editio
1378 965 1661 1023 interrumpa—

132 1060 154 1085 u
177 1044 262 1089 tur,
296 1036 422 1078 facies
453 1034 572 1077 nobis
604 1049 693 1076 rem
727 1033 862 1076 multo
892 1034 1171 1091 gratissimam
1205 1044 1246 1078 et
1276 1035 1476 1080 Ecclesiis
1506 1040 1659 1082 nostris

130 1132 152 1157 u
177 1108 297 1150 valde
329 1105 526 1158 utilem;”
555 1101 585 1163 ²)
635 1112 676 1147 et
705 1105 899 1162 paullum
933 1113 1026 1162 post
1059 1106 1111 1148 ad
1143 1107 1320 1150 eundem
1355 1108 1498 1152 eadem
1531 1110 1581 1152 de
1613 1126 1659 1153 re

128 1179 292 1223 scribit:
342 1185 415 1228 net
445 1179 502 1220 ita
533 1177 643 1220 inter
674 1192 749 1220 nos
780 1178 989 1227 convenit,
1022 1185 1069 1220 ut
1100 1188 1183 1220 tres
1214 1178 1340 1222 simul
1373 1179 1660 1225 catechismos

133 1276 153 1302 ῃ
177 1253 372 1295 edamus:
417 1253 615 1303 maiorem,
658 1265 782 1307 quem
823 1250 891 1292 hic
932 1265 1019 1293 una
1049 1266 1194 1293 omnes
1226 1251 1514 1305 formavimus,
1546 1254 1661 1298 hunc

134 1348 155 1373 μ
183 1325 322 1376 Gellii,
370 1323 515 1380 paucis
553 1323 734 1374 mutatis,
778 1330 818 1365 et
848 1323 1034 1374 tertium,
1068 1324 1291 1376 minimum,
1324 1339 1402 1381 pro
1434 1326 1576 1381 pueris
1607 1334 1662 1369 te·

132 1417 154 1444 u
178 1395 440 1439 nuioribus.”
474 1397 508 1452 3)
571 1395 720 1437 Totius
762 1395 824 1437 rei
863 1401 1060 1437 eventum
1094 1395 1156 1437 his
1194 1396 1374 1452 denique
1404 1397 1659 1455 Bullingero

129 1469 294 1511 nuntiat
340 1466 493 1510 verbis:
545 1489 566 1515 u
591 1467 698 1509 Mox
743 1466 879 1509 editus
921 1474 981 1509 est
1027 1465 1318 1511 Catechismus
1349 1468 1401 1525 ὁ),
1453 1484 1659 1512 consensu

132 1564 153 1590 u
178 1541 380 1592 omnium,
414 1540 577 1582 reiectis
607 1539 820 1596 prioribus
848 1538 930 1581 illis
958 1539 1361 1596 recognitionibus.”
1396 1543 1427 1597 ⁵)
1475 1541 1660 1595 Quibus·

129 1630 226 1658 cum
269 1614 442 1671 egregie
483 1613 726 1663 concinunt,
759 1626 865 1667 quae
894 1619 1081 1669 pastores
1112 1612 1295 1655 Emdani
1325 1613 1366 1655 in
1398 1614 1661 1671 praefatione

128 1686 251 1729 huius
297 1685 550 1730 Catechismi
595 1683 647 1726 ad
689 1683 814 1726 totius
854 1684 1018 1727 Frisiae
1058 1683 1289 1727 Orientalis
1320 1685 1531 1728 ministros
1560 1687 1663 1730 scri-

127 1759 253 1802 bunt:
304 1781 325 1806 n
349 1757 497 1811 Quare
543 1772 616 1799 vos
662 1757 916 1799 unanimiter
956 1771 1100 1799 omnes
1140 1763 1314 1814 rogatos
1357 1757 1546 1811 velimus,
1579 1759 1658 1802 viri

133 1855 154 1879 u
179 1831 349 1874 fratres!
375 1839 539 1888 gratam
562 1829 671 1872 hanc
691 1828 810 1872 nobis
830 1828 1091 1886 diligentiam
1111 1829 1270 1872 referre
1288 1837 1328 1872 et
1345 1827 1659 1874 catechismum

132 1927 153 1953 n
179 1903 354 1953 huncce,
395 1916 509 1944 nunc
550 1901 734 1957 primum
778 1901 819 1943 in
852 1900 990 1944 lucem
1023 1901 1203 1954 editum,
1235 1902 1278 1943 in
1311 1917 1436 1945 usum
1471 1912 1655 1947 vestrum

133 1997 154 2023 ῃ
179 1974 365 2030 recipere
490 1971 671 2017 velitis.”
705 1974 736 2028 ⁶)
799 1971 1004 2027 Quamvis
1033 1973 1165 2030 igitur
1196 1972 1328 2016 Gellii
1364 1973 1656 2020 catechismus

130 2054 397 2105 premeretur
434 2045 537 2102 ipse,
579 2059 724 2087 ansam
768 2051 907 2088 tamen
947 2044 1058 2087 dedit
1097 2052 1144 2088 ut
1185 2061 1321 2089 novus
1368 2046 1658 2092 catechismus

131 2117 292 2162 Emdae
323 2117 589 2160 conderetur.

172 2315 197 2355 ¹)
220 2313 323 2344 LASC1
348 2312 459 2352 Opera,
484 2309 553 2342 Vol.
576 2310 622 2343 Π,
644 2321 676 2351 p.
699 2308 772 2343 711.

172 2372 199 2410 2)
223 2368 357 2405 Ibidem,
381 2366 452 2399 Vol.
473 2366 518 2398 II.
542 2376 574 2407 p.
597 2366 669 2397 695.

171 2425 197 2464 ³)
220 2423 354 2460 Ibidem,
387 2421 456 2454 Vol.
486 2421 530 2453 II.
559 2431 591 2463 p.
621 2420 681 2451 696
712 2419 755 2460 ((1.
788 2420 803 2451 1
834 2420 904 2452 Ian.
928 2419 1034 2459 1554).
1079 2419 1130 2452 Cf.
1154 2429 1234 2462 quae
1258 2419 1288 2452 d.
1313 2420 1353 2452 28
1376 2420 1489 2453 Martii
1515 2421 1597 2453 1554
1620 2421 1657 2453 ad

127 2481 263 2513 eundem
286 2479 408 2511 scribit.
430 2477 565 2515 Ibidem,
588 2476 659 2508 Vol.
683 2476 727 2509 ΙΙ.
750 2487 781 2517 p.
805 2475 876 2508 699.

170 2537 197 2575 ⁴)
221 2535 387 2566 Absonum
419 2533 523 2574 primo
558 2532 672 2563 obtutu
699 2531 833 2569 videtur,
857 2531 943 2573 quod
965 2530 1054 2569 dicit,
1083 2530 1304 2562 catechismum
1329 2531 1446 2563 editum
1469 2542 1543 2570 esse,
1569 2533 1659 2575 quasi

128 2591 229 2634 priori
251 2602 349 2632 eaque
371 2590 473 2621 multo
497 2587 666 2631 prolixiori
689 2588 792 2619 forma.
815 2590 897 2619 esset
920 2587 1112 2629 divulgatus.
1147 2587 1255 2629 Quare
1277 2587 1449 2620 observent
1472 2588 1580 2627 velim,
1606 2590 1660 2630 qui

127 2648 186 2679 hac
209 2646 336 2679 dicendi
358 2645 498 2678 formula
521 2643 733 2681 offendantur,
757 2643 797 2674 ad
819 2642 1044 2684 Bullingerum
1066 2643 1144 2674 haec
1167 2642 1290 2684 scripta
1312 2653 1389 2681 esse,
1413 2643 1465 2675 cui
1489 2643 1589 2676 totius
1612 2644 1659 2676 rei

125 2713 288 2735 successus
310 2712 425 2744 parum
448 2701 640 2737 innotuerat,
665 2698 806 2740 adeoque
827 2699 861 2730 id
884 2699 918 2730 iu
940 2698 1054 2740 primis
1077 2700 1108 2730 et
1132 2697 1223 2730 unice
1246 2698 1312 2729 fere
1343 2698 1480 2730 Laseum
1502 2700 1659 2741 spectare,

126 2762 162 2791 ut
187 2758 324 2791 reiiectis
356 2756 620 2799 recoynicionibas
655 2755 907 2797 qualemcunque
943 2754 1075 2787 taudem
1103 2753 1342 2787 Cateehismum
1373 2754 1496 2786 editum
1529 2765 1606 2795 esse,
1630 2755 1658 2788 ei

129 2814 262 2847 scribat.

169 2870 196 2908 ⁵)
219 2868 353 2906 Ibidem,
379 2866 448 2898 Vol.
474 2867 516 2898 11.
542 2877 573 2908 p.
598 2864 668 2897 7121.

166 2925 192 2966 ὅ)
216 2923 351 2961 Ibidem,
376 2922 445 2954 Vol.
469 2921 513 2954 ΙΙ,
538 2932 567 2964 p.
592 2921 664 2953 496.
