<?xml version="1.0" encoding="UTF-8"?>
<!DOCTYPE html PUBLIC "-//W3C//DTD XHTML 1.0 Transitional//EN"
    "http://www.w3.org/TR/xhtml1/DTD/xhtml1-transitional.dtd">
<html xmlns="http://www.w3.org/1999/xhtml" xml:lang="en" lang="en">
 <head>
  <title>
</title>
<meta http-equiv="Content-Type" content="text/html;charset=utf-8" />
  <meta name='ocr-system' content='tesseract 3.04.00' />
  <meta name='ocr-capabilities' content='ocr_page ocr_carea ocr_par ocr_line ocrx_word'/>
</head>
<body>
  <div class='ocr_page' id='page_1' title='image "./operatameditaqua01lask_0062.png"; bbox 0 0 1818 3178; ppageno 0'>
   <div class='ocr_carea' id='block_1_1' title="bbox 164 172 1039 212">
    <p class='ocr_par' dir='ltr' id='par_1_1' title="bbox 164 172 1039 212">
     <span class='ocr_line' id='line_1_1' title="bbox 164 172 1039 212; baseline -0.013 -1"><span class='ocrx_word' id='word_1_1' title='bbox 164 182 233 212; x_wconf 80' lang='lat' dir='ltr'>LIV</span> <span class='ocrx_word' id='word_1_2' title='bbox 798 175 871 202; x_wconf 72' lang='lat' dir='ltr'>PRA</span> <span class='ocrx_word' id='word_1_3' title='bbox 879 172 1022 201; x_wconf 68' lang='lat' dir='ltr'>EFA&#39;PJO</span> <span class='ocrx_word' id='word_1_4' title='bbox 1030 192 1039 200; x_wconf 88' lang='lat'>.</span> 
     </span>
    </p>
   </div>
   <div class='ocr_carea' id='block_1_2' title="bbox 159 275 1683 2696">
    <p class='ocr_par' dir='ltr' id='par_1_2' title="bbox 159 275 1683 1697">
     <span class='ocr_line' id='line_1_2' title="bbox 165 275 1680 333; baseline -0.008 -3"><span class='ocrx_word' id='word_1_5' title='bbox 165 288 288 331; x_wconf 83' lang='lat' dir='ltr'><strong>dedit.</strong></span> <span class='ocrx_word' id='word_1_6' title='bbox 349 285 659 328; x_wconf 76' lang='lat' dir='ltr'>Commemorat</span> <span class='ocrx_word' id='word_1_7' title='bbox 699 280 808 321; x_wconf 83' lang='lat' dir='ltr'>hanc</span> <span class='ocrx_word' id='word_1_8' title='bbox 839 277 1053 333; x_wconf 84' lang='lat' dir='ltr'>epistolam</span> <span class='ocrx_word' id='word_1_9' title='bbox 1089 276 1176 331; x_wconf 87' lang='lat' dir='ltr'>ipse</span> <span class='ocrx_word' id='word_1_10' title='bbox 1207 276 1247 316; x_wconf 91' lang='lat' dir='ltr'>in</span> <span class='ocrx_word' id='word_1_11' title='bbox 1284 275 1544 330; x_wconf 81' lang='lat' dir='ltr'>praefatione</span> <span class='ocrx_word' id='word_1_12' title='bbox 1582 277 1680 318; x_wconf 77' lang='lat' dir='ltr'>Con·</span> 
     </span>
     <span class='ocr_line' id='line_1_3' title="bbox 159 345 1676 414; baseline -0.008 -13"><span class='ocrx_word' id='word_1_13' title='bbox 159 360 436 414; x_wconf 75' lang='lat' dir='ltr'>sessiunculae</span> <span class='ocrx_word' id='word_1_14' title='bbox 463 370 559 396; x_wconf 85' lang='lat' dir='ltr'>suae</span> <span class='ocrx_word' id='word_1_15' title='bbox 588 355 634 395; x_wconf 79' lang='lat' dir='ltr'>de</span> <span class='ocrx_word' id='word_1_16' title='bbox 665 357 802 393; x_wconf 69' lang='lat' dir='ltr'>nostra</span> <span class='ocrx_word' id='word_1_17' title='bbox 832 366 918 392; x_wconf 77' lang='lat' dir='ltr'>eum</span> <span class='ocrx_word' id='word_1_18' title='bbox 953 349 1105 390; x_wconf 55' lang='lat' dir='ltr'>Christi</span> <span class='ocrx_word' id='word_1_19' title='bbox 1134 347 1400 388; x_wconf 74' lang='lat' dir='ltr'>communione</span> <span class='ocrx_word' id='word_1_20' title='bbox 1432 345 1494 387; x_wconf 87' lang='lat' dir='ltr'>his</span> <span class='ocrx_word' id='word_1_21' title='bbox 1519 345 1676 389; x_wconf 85' lang='lat' dir='ltr'>verbis.</span> 
     </span>
     <span class='ocr_line' id='line_1_4' title="bbox 170 417 1680 483; baseline -0.007 -11"><span class='ocrx_word' id='word_1_22' title='bbox 170 454 190 478; x_wconf 77' lang='lat' dir='ltr'>u</span> <span class='ocrx_word' id='word_1_23' title='bbox 209 431 326 472; x_wconf 72' lang='lat' dir='ltr'>Haec</span> <span class='ocrx_word' id='word_1_24' title='bbox 353 429 436 483; x_wconf 82' lang='lat' dir='ltr'>ipsa</span> <span class='ocrx_word' id='word_1_25' title='bbox 468 426 596 481; x_wconf 77' lang='lat' dir='ltr'>igitur</span> <span class='ocrx_word' id='word_1_26' title='bbox 626 424 839 465; x_wconf 87' lang='lat' dir='ltr'>doctrinae</span> <span class='ocrx_word' id='word_1_27' title='bbox 869 427 1034 462; x_wconf 84' lang='lat' dir='ltr'>nostrae</span> <span class='ocrx_word' id='word_1_28' title='bbox 1064 434 1088 460; x_wconf 84' lang='lat' dir='ltr'>a</span> <span class='ocrx_word' id='word_1_29' title='bbox 1120 433 1184 459; x_wconf 91' lang='lat' dir='ltr'>me</span> <span class='ocrx_word' id='word_1_30' title='bbox 1217 419 1283 459; x_wconf 90' lang='lat' dir='ltr'>hic</span> <span class='ocrx_word' id='word_1_31' title='bbox 1316 417 1461 459; x_wconf 88' lang='lat' dir='ltr'>relicta</span> <span class='ocrx_word' id='word_1_32' title='bbox 1491 418 1680 462; x_wconf 84' lang='lat' dir='ltr'>modera-</span> 
     </span>
     <span class='ocr_line' id='line_1_5' title="bbox 171 490 1680 553; baseline -0.007 -10"><span class='ocrx_word' id='word_1_33' title='bbox 171 502 260 548; x_wconf 63' lang='lat' dir='ltr'>sstio</span> <span class='ocrx_word' id='word_1_34' title='bbox 303 508 341 540; x_wconf 91' lang='lat' dir='ltr'>et</span> <span class='ocrx_word' id='word_1_35' title='bbox 372 499 536 553; x_wconf 57' lang='lat' dir='ltr'>ess-islola</span> <span class='ocrx_word' id='word_1_36' title='bbox 565 502 783 552; x_wconf 81' lang='lat' dir='ltr'>praeterea</span> <span class='ocrx_word' id='word_1_37' title='bbox 812 496 868 535; x_wconf 81' lang='lat' dir='ltr'>acl</span> <span class='ocrx_word' id='word_1_38' title='bbox 894 494 1124 535; x_wconf 65' lang='lat' dir='ltr'>Bremewses</span> <span class='ocrx_word' id='word_1_39' title='bbox 1155 490 1370 532; x_wconf 65' lang='lat' dir='ltr'>Ministro-,e</span> <span class='ocrx_word' id='word_1_40' title='bbox 1401 506 1423 531; x_wconf 86' lang='lat' dir='ltr'>a</span> <span class='ocrx_word' id='word_1_41' title='bbox 1456 505 1521 532; x_wconf 88' lang='lat' dir='ltr'>me</span> <span class='ocrx_word' id='word_1_42' title='bbox 1554 490 1680 546; x_wconf 90' lang='lat' dir='ltr'>paulo</span> 
     </span>
     <span class='ocr_line' id='line_1_6' title="bbox 167 563 1677 628; baseline -0.005 -16"><span class='ocrx_word' id='word_1_43' title='bbox 167 596 188 620; x_wconf 64' lang='grc' dir='ltr'><em>ῃ</em></span> <span class='ocrx_word' id='word_1_44' title='bbox 203 578 293 628; x_wconf 85' lang='lat' dir='ltr'>post</span> <span class='ocrx_word' id='word_1_45' title='bbox 314 568 496 611; x_wconf 85' lang='lat' dir='ltr'>unanimi</span> <span class='ocrx_word' id='word_1_46' title='bbox 517 566 681 608; x_wconf 85' lang='lat' dir='ltr'>interim</span> <span class='ocrx_word' id='word_1_47' title='bbox 706 564 962 621; x_wconf 76' lang='lat' dir='ltr'>collegarum</span> <span class='ocrx_word' id='word_1_48' title='bbox 987 563 1053 604; x_wconf 89' lang='lat' dir='ltr'>hic</span> <span class='ocrx_word' id='word_1_49' title='bbox 1074 576 1264 603; x_wconf 88' lang='lat' dir='ltr'>meorum</span> <span class='ocrx_word' id='word_1_50' title='bbox 1288 576 1494 603; x_wconf 84' lang='lat' dir='ltr'>consensu</span> <span class='ocrx_word' id='word_1_51' title='bbox 1510 563 1677 619; x_wconf 84' lang='lat' dir='ltr'>scripta,</span> 
     </span>
     <span class='ocr_line' id='line_1_7' title="bbox 170 632 1683 691; baseline -0.005 -7"><span class='ocrx_word' id='word_1_52' title='bbox 170 665 190 689; x_wconf 76' lang='lat' dir='ltr'><em>u</em></span> <span class='ocrx_word' id='word_1_53' title='bbox 207 641 324 684; x_wconf 77' lang='lat' dir='ltr'>facile</span> <span class='ocrx_word' id='word_1_54' title='bbox 365 639 590 689; x_wconf 84' lang='lat' dir='ltr'>ostendent,</span> <span class='ocrx_word' id='word_1_55' title='bbox 633 653 699 679; x_wconf 89' lang='lat' dir='ltr'>me</span> <span class='ocrx_word' id='word_1_56' title='bbox 740 637 780 678; x_wconf 88' lang='lat' dir='ltr'>in</span> <span class='ocrx_word' id='word_1_57' title='bbox 827 636 969 677; x_wconf 83' lang='lat' dir='ltr'>eadem</span> <span class='ocrx_word' id='word_1_58' title='bbox 1001 634 1208 675; x_wconf 72' lang='lat' dir='ltr'>sententia</span> <span class='ocrx_word' id='word_1_59' title='bbox 1241 641 1427 688; x_wconf 86' lang='lat' dir='ltr'>perstare</span> <span class='ocrx_word' id='word_1_60' title='bbox 1461 633 1509 691; x_wconf 87' lang='lat'>¹).</span> <span class='ocrx_word' id='word_1_61' title='bbox 1572 632 1683 676; x_wconf 88' lang='lat' dir='ltr'>Con·</span> 
     </span>
     <span class='ocr_line' id='line_1_8' title="bbox 166 704 1678 766; baseline -0.005 -10"><span class='ocrx_word' id='word_1_62' title='bbox 166 717 354 757; x_wconf 86' lang='lat' dir='ltr'>firmatur</span> <span class='ocrx_word' id='word_1_63' title='bbox 395 713 472 753; x_wconf 82' lang='lat' dir='ltr'>hoc</span> <span class='ocrx_word' id='word_1_64' title='bbox 518 711 564 752; x_wconf 84' lang='lat' dir='ltr'>iis</span> <span class='ocrx_word' id='word_1_65' title='bbox 611 724 718 766; x_wconf 87' lang='lat' dir='ltr'>quae</span> <span class='ocrx_word' id='word_1_66' title='bbox 761 724 795 750; x_wconf 90' lang='lat' dir='ltr'>a.</span> <span class='ocrx_word' id='word_1_67' title='bbox 832 708 942 749; x_wconf 81' lang='lat'>1554</span> <span class='ocrx_word' id='word_1_68' title='bbox 972 706 1022 748; x_wconf 90' lang='lat' dir='ltr'>ad</span> <span class='ocrx_word' id='word_1_69' title='bbox 1057 704 1443 761; x_wconf 80' lang='lat' dir='ltr'>Hardenbergium,</span> <span class='ocrx_word' id='word_1_70' title='bbox 1477 707 1547 761; x_wconf 91' lang='lat' dir='ltr'>qui</span> <span class='ocrx_word' id='word_1_71' title='bbox 1578 714 1678 749; x_wconf 89' lang='lat' dir='ltr'>tunc</span> 
     </span>
     <span class='ocr_line' id='line_1_9' title="bbox 168 777 1679 834; baseline -0.005 -7"><span class='ocrx_word' id='word_1_72' title='bbox 168 787 344 828; x_wconf 87' lang='lat' dir='ltr'>Bremae</span> <span class='ocrx_word' id='word_1_73' title='bbox 388 794 489 834; x_wconf 85' lang='lat' dir='ltr'>crat,</span> <span class='ocrx_word' id='word_1_74' title='bbox 535 781 694 823; x_wconf 85' lang='lat' dir='ltr'>scribit:</span> <span class='ocrx_word' id='word_1_75' title='bbox 730 803 750 828; x_wconf 79' lang='lat' dir='ltr'>n</span> <span class='ocrx_word' id='word_1_76' title='bbox 765 779 913 833; x_wconf 83' lang='lat' dir='ltr'>Neque</span> <span class='ocrx_word' id='word_1_77' title='bbox 945 792 1043 818; x_wconf 77' lang='lat' dir='ltr'>vero</span> <span class='ocrx_word' id='word_1_78' title='bbox 1075 791 1155 833; x_wconf 82' lang='lat' dir='ltr'>ego</span> <span class='ocrx_word' id='word_1_79' title='bbox 1186 777 1348 818; x_wconf 82' lang='lat' dir='ltr'>mutavi</span> <span class='ocrx_word' id='word_1_80' title='bbox 1380 777 1481 832; x_wconf 87' lang='lat' dir='ltr'>quid</span> <span class='ocrx_word' id='word_1_81' title='bbox 1511 778 1553 819; x_wconf 91' lang='lat' dir='ltr'>in</span> <span class='ocrx_word' id='word_1_82' title='bbox 1585 777 1679 820; x_wconf 90' lang='lat' dir='ltr'>doc-</span> 
     </span>
     <span class='ocr_line' id='line_1_10' title="bbox 170 847 1676 906; baseline -0.006 -8"><span class='ocrx_word' id='word_1_83' title='bbox 170 881 190 906; x_wconf 68' lang='grc' dir='ltr'>[Ι</span> <span class='ocrx_word' id='word_1_84' title='bbox 211 857 317 899; x_wconf 86' lang='lat' dir='ltr'>trina</span> <span class='ocrx_word' id='word_1_85' title='bbox 357 870 448 895; x_wconf 87' lang='lat' dir='ltr'>mea</span> <span class='ocrx_word' id='word_1_86' title='bbox 489 852 539 895; x_wconf 85' lang='lat' dir='ltr'>ab</span> <span class='ocrx_word' id='word_1_87' title='bbox 570 868 633 904; x_wconf 90' lang='lat' dir='ltr'>eo,</span> <span class='ocrx_word' id='word_1_88' title='bbox 667 850 775 906; x_wconf 88' lang='lat' dir='ltr'>quod</span> <span class='ocrx_word' id='word_1_89' title='bbox 807 849 871 891; x_wconf 83' lang='lat' dir='ltr'>vel</span> <span class='ocrx_word' id='word_1_90' title='bbox 903 848 1051 890; x_wconf 86' lang='lat' dir='ltr'>nostris</span> <span class='ocrx_word' id='word_1_91' title='bbox 1083 848 1148 889; x_wconf 84' lang='lat' dir='ltr'>hic</span> <span class='ocrx_word' id='word_1_92' title='bbox 1182 847 1378 889; x_wconf 83' lang='lat' dir='ltr'>Ecclesiis</span> <span class='ocrx_word' id='word_1_93' title='bbox 1410 855 1505 890; x_wconf 84' lang='lat' dir='ltr'>ante</span> <span class='ocrx_word' id='word_1_94' title='bbox 1538 863 1676 890; x_wconf 88' lang='lat' dir='ltr'>meum</span> 
     </span>
     <span class='ocr_line' id='line_1_11' title="bbox 169 920 1677 979; baseline -0.005 -9"><span class='ocrx_word' id='word_1_95' title='bbox 169 952 190 976; x_wconf 79' lang='lat' dir='ltr'>n</span> <span class='ocrx_word' id='word_1_96' title='bbox 209 928 306 970; x_wconf 88' lang='lat' dir='ltr'>hinc</span> <span class='ocrx_word' id='word_1_97' title='bbox 335 926 488 968; x_wconf 78' lang='lat' dir='ltr'>abitum</span> <span class='ocrx_word' id='word_1_98' title='bbox 524 926 563 966; x_wconf 88' lang='lat' dir='ltr'>in</span> <span class='ocrx_word' id='word_1_99' title='bbox 595 924 748 979; x_wconf 84' lang='lat' dir='ltr'>scripto</span> <span class='ocrx_word' id='word_1_100' title='bbox 781 937 872 964; x_wconf 91' lang='lat' dir='ltr'>meo</span> <span class='ocrx_word' id='word_1_101' title='bbox 903 920 1100 962; x_wconf 83' lang='lat' dir='ltr'>traditum</span> <span class='ocrx_word' id='word_1_102' title='bbox 1133 920 1404 976; x_wconf 77' lang='lat' dir='ltr'>reliqueram,</span> <span class='ocrx_word' id='word_1_103' title='bbox 1437 922 1502 961; x_wconf 64' lang='lat' dir='ltr'>vel</span> <span class='ocrx_word' id='word_1_104' title='bbox 1521 922 1576 962; x_wconf 82' lang='lat' dir='ltr'>ad</span> <span class='ocrx_word' id='word_1_105' title='bbox 1593 937 1677 963; x_wconf 74' lang='lat' dir='ltr'>ver-</span> 
     </span>
     <span class='ocr_line' id='line_1_12' title="bbox 167 993 1678 1050; baseline -0.005 -7"><span class='ocrx_word' id='word_1_106' title='bbox 167 1023 188 1048; x_wconf 73' lang='lat' dir='ltr'><em>n</em></span> <span class='ocrx_word' id='word_1_107' title='bbox 209 1007 288 1043; x_wconf 74' lang='lat' dir='ltr'>tros</span> <span class='ocrx_word' id='word_1_108' title='bbox 319 1000 409 1042; x_wconf 73' lang='lat' dir='ltr'>istic</span> <span class='ocrx_word' id='word_1_109' title='bbox 440 999 637 1040; x_wconf 74' lang='lat' dir='ltr'>ministros</span> <span class='ocrx_word' id='word_1_110' title='bbox 669 1003 706 1038; x_wconf 73' lang='lat' dir='ltr'>te</span> <span class='ocrx_word' id='word_1_111' title='bbox 736 1000 875 1037; x_wconf 76' lang='lat' dir='ltr'>autore</span> <span class='ocrx_word' id='word_1_112' title='bbox 904 994 1180 1048; x_wconf 70' lang='lat' dir='ltr'>scripseram.”</span> <span class='ocrx_word' id='word_1_113' title='bbox 1205 996 1239 1049; x_wconf 73' lang='grc'>2&gt;</span> <span class='ocrx_word' id='word_1_114' title='bbox 1295 993 1455 1035; x_wconf 79' lang='lat' dir='ltr'>Eodem</span> <span class='ocrx_word' id='word_1_115' title='bbox 1498 994 1678 1050; x_wconf 86' lang='lat' dir='ltr'>denique</span> 
     </span>
     <span class='ocr_line' id='line_1_13' title="bbox 165 1065 1679 1126; baseline -0.004 -12"><span class='ocrx_word' id='word_1_116' title='bbox 165 1072 351 1120; x_wconf 86' lang='lat' dir='ltr'>tendunt,</span> <span class='ocrx_word' id='word_1_117' title='bbox 400 1085 505 1126; x_wconf 81' lang='lat' dir='ltr'>quae</span> <span class='ocrx_word' id='word_1_118' title='bbox 546 1069 586 1110; x_wconf 90' lang='lat' dir='ltr'>in</span> <span class='ocrx_word' id='word_1_119' title='bbox 619 1067 872 1123; x_wconf 79' lang='lat' dir='ltr'>praefatione</span> <span class='ocrx_word' id='word_1_120' title='bbox 903 1067 990 1107; x_wconf 80' lang='lat' dir='ltr'>eius</span> <span class='ocrx_word' id='word_1_121' title='bbox 1020 1065 1223 1121; x_wconf 82' lang='lat' dir='ltr'>leguntur</span> <span class='ocrx_word' id='word_1_122' title='bbox 1255 1065 1399 1116; x_wconf 83' lang='lat' dir='ltr'>libelli,</span> <span class='ocrx_word' id='word_1_123' title='bbox 1435 1066 1503 1108; x_wconf 87' lang='lat' dir='ltr'>cui</span> <span class='ocrx_word' id='word_1_124' title='bbox 1535 1067 1679 1108; x_wconf 80' lang='lat' dir='ltr'>Forma</span> 
     </span>
     <span class='ocr_line' id='line_1_14' title="bbox 165 1136 1678 1187; baseline -0.003 -2"><span class='ocrx_word' id='word_1_125' title='bbox 165 1160 211 1185; x_wconf 82' lang='lat' dir='ltr'>ac</span> <span class='ocrx_word' id='word_1_126' title='bbox 241 1144 344 1185; x_wconf 77' lang='lat' dir='ltr'>ratio</span> <span class='ocrx_word' id='word_1_127' title='bbox 375 1140 539 1183; x_wconf 81' lang='lat' dir='ltr'>titulus:</span> <span class='ocrx_word' id='word_1_128' title='bbox 576 1163 596 1187; x_wconf 72' lang='grc' dir='ltr'><em>ῃ</em></span> <span class='ocrx_word' id='word_1_129' title='bbox 617 1139 704 1181; x_wconf 89' lang='lat' dir='ltr'>Iam</span> <span class='ocrx_word' id='word_1_130' title='bbox 739 1138 896 1180; x_wconf 87' lang='lat' dir='ltr'>dudum</span> <span class='ocrx_word' id='word_1_131' title='bbox 927 1153 1026 1179; x_wconf 83' lang='lat' dir='ltr'>sane</span> <span class='ocrx_word' id='word_1_132' title='bbox 1056 1136 1107 1179; x_wconf 84' lang='lat' dir='ltr'>ab</span> <span class='ocrx_word' id='word_1_133' title='bbox 1139 1137 1220 1179; x_wconf 88' lang='lat' dir='ltr'>illis</span> <span class='ocrx_word' id='word_1_134' title='bbox 1251 1137 1332 1179; x_wconf 88' lang='lat' dir='ltr'>hoc</span> <span class='ocrx_word' id='word_1_135' title='bbox 1362 1138 1403 1179; x_wconf 89' lang='lat' dir='ltr'>in</span> <span class='ocrx_word' id='word_1_136' title='bbox 1436 1139 1549 1180; x_wconf 87' lang='lat' dir='ltr'>omni</span> <span class='ocrx_word' id='word_1_137' title='bbox 1581 1138 1678 1181; x_wconf 87' lang='lat' dir='ltr'>cha·</span> 
     </span>
     <span class='ocr_line' id='line_1_15' title="bbox 168 1208 1679 1266; baseline -0.003 -10"><span class='ocrx_word' id='word_1_138' title='bbox 168 1238 189 1262; x_wconf 67' lang='grc' dir='ltr'><em>ῃ</em></span> <span class='ocrx_word' id='word_1_139' title='bbox 206 1215 324 1256; x_wconf 85' lang='lat' dir='ltr'>ritate</span> <span class='ocrx_word' id='word_1_140' title='bbox 355 1227 403 1254; x_wconf 87' lang='lat' dir='ltr'>ac</span> <span class='ocrx_word' id='word_1_141' title='bbox 435 1211 631 1253; x_wconf 82' lang='lat' dir='ltr'>modestia</span> <span class='ocrx_word' id='word_1_142' title='bbox 663 1209 901 1253; x_wconf 84' lang='lat' dir='ltr'>Christiana</span> <span class='ocrx_word' id='word_1_143' title='bbox 935 1209 1129 1265; x_wconf 88' lang='lat' dir='ltr'>petimus,</span> <span class='ocrx_word' id='word_1_144' title='bbox 1166 1215 1290 1264; x_wconf 89' lang='lat' dir='ltr'>atque</span> <span class='ocrx_word' id='word_1_145' title='bbox 1322 1208 1424 1250; x_wconf 85' lang='lat' dir='ltr'>adeo</span> <span class='ocrx_word' id='word_1_146' title='bbox 1447 1209 1498 1250; x_wconf 83' lang='lat' dir='ltr'>ab</span> <span class='ocrx_word' id='word_1_147' title='bbox 1520 1225 1568 1251; x_wconf 93' lang='lat' dir='ltr'>eo</span> <span class='ocrx_word' id='word_1_148' title='bbox 1589 1210 1679 1266; x_wconf 88' lang='lat' dir='ltr'>ipso</span> 
     </span>
     <span class='ocr_line' id='line_1_16' title="bbox 169 1280 1680 1341; baseline -0.002 -15"><span class='ocrx_word' id='word_1_149' title='bbox 169 1308 189 1333; x_wconf 63' lang='lat' dir='ltr'>fs</span> <span class='ocrx_word' id='word_1_150' title='bbox 203 1285 355 1327; x_wconf 81' lang='lat' dir='ltr'>fartore</span> <span class='ocrx_word' id='word_1_151' title='bbox 376 1282 635 1341; x_wconf 85' lang='lat' dir='ltr'>(Martiniani</span> <span class='ocrx_word' id='word_1_152' title='bbox 653 1280 765 1323; x_wconf 86' lang='lat' dir='ltr'>Eccl.</span> <span class='ocrx_word' id='word_1_153' title='bbox 780 1288 955 1336; x_wconf 80' lang='lat' dir='ltr'>pastore,</span> <span class='ocrx_word' id='word_1_154' title='bbox 975 1281 1143 1322; x_wconf 89' lang='lat' dir='ltr'>nomine</span> <span class='ocrx_word' id='word_1_155' title='bbox 1160 1280 1385 1337; x_wconf 86' lang='lat' dir='ltr'>Timanno)</span> <span class='ocrx_word' id='word_1_156' title='bbox 1407 1280 1680 1336; x_wconf 80' lang='lat' dir='ltr'>peculiariter</span> 
     </span>
     <span class='ocr_line' id='line_1_17' title="bbox 168 1353 1677 1412; baseline -0.002 -14"><span class='ocrx_word' id='word_1_157' title='bbox 168 1380 188 1404; x_wconf 71' lang='grc' dir='ltr'><em>ῃ</em></span> <span class='ocrx_word' id='word_1_158' title='bbox 209 1356 461 1412; x_wconf 81' lang='lat' dir='ltr'>collegisque</span> <span class='ocrx_word' id='word_1_159' title='bbox 492 1355 618 1410; x_wconf 87' lang='lat' dir='ltr'>ipsius</span> <span class='ocrx_word' id='word_1_160' title='bbox 648 1353 851 1403; x_wconf 80' lang='lat' dir='ltr'>omnibus,</span> <span class='ocrx_word' id='word_1_161' title='bbox 884 1355 982 1394; x_wconf 64' lang='lat' dir='ltr'>dala</span> <span class='ocrx_word' id='word_1_162' title='bbox 1013 1355 1069 1394; x_wconf 79' lang='lat' dir='ltr'>ad</span> <span class='ocrx_word' id='word_1_163' title='bbox 1096 1368 1224 1394; x_wconf 80' lang='lat' dir='ltr'>omnes</span> <span class='ocrx_word' id='word_1_164' title='bbox 1255 1353 1379 1394; x_wconf 72' lang='lat' dir='ltr'>simul</span> <span class='ocrx_word' id='word_1_165' title='bbox 1408 1354 1502 1394; x_wconf 69' lang='lat' dir='ltr'>illos</span> <span class='ocrx_word' id='word_1_166' title='bbox 1533 1369 1580 1394; x_wconf 80' lang='lat' dir='ltr'>ea</span> <span class='ocrx_word' id='word_1_167' title='bbox 1605 1369 1677 1406; x_wconf 74' lang='lat' dir='ltr'>po-</span> 
     </span>
     <span class='ocr_line' id='line_1_18' title="bbox 168 1424 1678 1480; baseline -0.001 -11"><span class='ocrx_word' id='word_1_168' title='bbox 168 1450 189 1474; x_wconf 71' lang='lat' dir='ltr'>ss</span> <span class='ocrx_word' id='word_1_169' title='bbox 209 1429 398 1469; x_wconf 69' lang='lat' dir='ltr'>tissimum</span> <span class='ocrx_word' id='word_1_170' title='bbox 444 1429 490 1468; x_wconf 78' lang='lat' dir='ltr'>(Ze</span> <span class='ocrx_word' id='word_1_171' title='bbox 532 1441 574 1467; x_wconf 73' lang='lat' dir='ltr'>re</span> <span class='ocrx_word' id='word_1_172' title='bbox 618 1430 752 1467; x_wconf 70' lang='lat' dir='ltr'>nostra</span> <span class='ocrx_word' id='word_1_173' title='bbox 794 1424 1005 1477; x_wconf 71' lang='lat' dir='ltr'>epistola.&#39;’</span> <span class='ocrx_word' id='word_1_174' title='bbox 1066 1424 1163 1466; x_wconf 94' lang='lat' dir='ltr'>Hoc</span> <span class='ocrx_word' id='word_1_175' title='bbox 1203 1425 1335 1480; x_wconf 72' lang='lat' dir='ltr'>igitur</span> <span class='ocrx_word' id='word_1_176' title='bbox 1378 1434 1492 1466; x_wconf 88' lang='lat' dir='ltr'>certo</span> <span class='ocrx_word' id='word_1_177' title='bbox 1524 1426 1678 1467; x_wconf 86' lang='lat' dir='ltr'>certius</span> 
     </span>
     <span class='ocr_line' id='line_1_19' title="bbox 166 1495 1675 1552; baseline -0.001 -11"><span class='ocrx_word' id='word_1_178' title='bbox 166 1506 345 1541; x_wconf 87' lang='lat' dir='ltr'>constat:</span> <span class='ocrx_word' id='word_1_179' title='bbox 387 1514 422 1540; x_wconf 83' lang='lat' dir='ltr'>a.</span> <span class='ocrx_word' id='word_1_180' title='bbox 471 1499 579 1539; x_wconf 84' lang='lat'>1549</span> <span class='ocrx_word' id='word_1_181' title='bbox 619 1495 669 1537; x_wconf 86' lang='lat' dir='ltr'>ab</span> <span class='ocrx_word' id='word_1_182' title='bbox 714 1496 736 1537; x_wconf 74' lang='lat' dir='ltr'>a</span> <span class='ocrx_word' id='word_1_183' title='bbox 766 1495 903 1537; x_wconf 87' lang='lat' dir='ltr'>Lasco</span> <span class='ocrx_word' id='word_1_184' title='bbox 934 1495 1148 1552; x_wconf 86' lang='lat' dir='ltr'>epistolam</span> <span class='ocrx_word' id='word_1_185' title='bbox 1182 1495 1260 1537; x_wconf 86' lang='lat' dir='ltr'>hac</span> <span class='ocrx_word' id='word_1_186' title='bbox 1291 1496 1341 1537; x_wconf 87' lang='lat' dir='ltr'>de</span> <span class='ocrx_word' id='word_1_187' title='bbox 1373 1512 1418 1537; x_wconf 90' lang='lat' dir='ltr'>re</span> <span class='ocrx_word' id='word_1_188' title='bbox 1449 1495 1499 1537; x_wconf 89' lang='lat' dir='ltr'>ad</span> <span class='ocrx_word' id='word_1_189' title='bbox 1534 1497 1675 1541; x_wconf 82' lang='lat' dir='ltr'>Brem.</span> 
     </span>
     <span class='ocr_line' id='line_1_20' title="bbox 164 1567 1675 1624; baseline -0.001 -12"><span class='ocrx_word' id='word_1_190' title='bbox 164 1569 277 1613; x_wconf 87' lang='lat' dir='ltr'>Eccl.</span> <span class='ocrx_word' id='word_1_191' title='bbox 310 1569 516 1611; x_wconf 87' lang='lat' dir='ltr'>ministros</span> <span class='ocrx_word' id='word_1_192' title='bbox 545 1568 680 1610; x_wconf 81' lang='lat' dir='ltr'>datam</span> <span class='ocrx_word' id='word_1_193' title='bbox 713 1583 810 1616; x_wconf 86' lang='lat' dir='ltr'>esse,</span> <span class='ocrx_word' id='word_1_194' title='bbox 843 1582 948 1623; x_wconf 87' lang='lat' dir='ltr'>quae</span> <span class='ocrx_word' id='word_1_195' title='bbox 978 1574 1117 1609; x_wconf 87' lang='lat' dir='ltr'>tamen</span> <span class='ocrx_word' id='word_1_196' title='bbox 1150 1582 1381 1623; x_wconf 86' lang='lat' dir='ltr'>numquam</span> <span class='ocrx_word' id='word_1_197' title='bbox 1413 1567 1497 1609; x_wconf 82' lang='lat' dir='ltr'>sive</span> <span class='ocrx_word' id='word_1_198' title='bbox 1519 1568 1675 1624; x_wconf 84' lang='lat' dir='ltr'>scripto</span> 
     </span>
     <span class='ocr_line' id='line_1_21' title="bbox 163 1639 916 1697; baseline -0.001 -14"><span class='ocrx_word' id='word_1_199' title='bbox 163 1641 386 1697; x_wconf 78' lang='lat' dir='ltr'>divulgata,</span> <span class='ocrx_word' id='word_1_200' title='bbox 417 1641 501 1682; x_wconf 88' lang='lat' dir='ltr'>sive</span> <span class='ocrx_word' id='word_1_201' title='bbox 532 1641 639 1696; x_wconf 85' lang='lat' dir='ltr'>typis</span> <span class='ocrx_word' id='word_1_202' title='bbox 671 1655 820 1681; x_wconf 80' lang='lat' dir='ltr'>excusa</span> <span class='ocrx_word' id='word_1_203' title='bbox 853 1639 916 1682; x_wconf 86' lang='lat' dir='ltr'>sit.</span> 
     </span>
    </p>

    <p class='ocr_par' dir='ltr' id='par_1_3' title="bbox 162 1710 1676 2696">
     <span class='ocr_line' id='line_1_22' title="bbox 221 1710 1673 1767; baseline -0.003 -12"><span class='ocrx_word' id='word_1_204' title='bbox 221 1713 280 1755; x_wconf 85' lang='lat' dir='ltr'>Ut</span> <span class='ocrx_word' id='word_1_205' title='bbox 309 1712 429 1754; x_wconf 84' lang='lat' dir='ltr'>huius</span> <span class='ocrx_word' id='word_1_206' title='bbox 461 1711 669 1767; x_wconf 81' lang='lat' dir='ltr'>Epistolae</span> <span class='ocrx_word' id='word_1_207' title='bbox 703 1711 801 1752; x_wconf 74' lang='lat' dir='ltr'>mihi</span> <span class='ocrx_word' id='word_1_208' title='bbox 822 1711 1038 1766; x_wconf 84' lang='lat' dir='ltr'>exemplar</span> <span class='ocrx_word' id='word_1_209' title='bbox 1060 1725 1352 1766; x_wconf 81' lang='lat' dir='ltr'>procurarem,</span> <span class='ocrx_word' id='word_1_210' title='bbox 1376 1710 1556 1752; x_wconf 89' lang='lat' dir='ltr'>officiose</span> <span class='ocrx_word' id='word_1_211' title='bbox 1579 1710 1673 1758; x_wconf 87' lang='lat' dir='ltr'>adii,</span> 
     </span>
     <span class='ocr_line' id='line_1_23' title="bbox 165 1780 1676 1840; baseline -0.002 -14"><span class='ocrx_word' id='word_1_212' title='bbox 165 1785 236 1840; x_wconf 87' lang='lat' dir='ltr'>qui</span> <span class='ocrx_word' id='word_1_213' title='bbox 267 1799 377 1826; x_wconf 86' lang='lat' dir='ltr'>nune</span> <span class='ocrx_word' id='word_1_214' title='bbox 408 1783 517 1840; x_wconf 85' lang='lat' dir='ltr'>apud</span> <span class='ocrx_word' id='word_1_215' title='bbox 541 1782 839 1824; x_wconf 82' lang='lat' dir='ltr'>Martinianam</span> <span class='ocrx_word' id='word_1_216' title='bbox 860 1781 1091 1824; x_wconf 83' lang='lat' dir='ltr'>Ecclesiam</span> <span class='ocrx_word' id='word_1_217' title='bbox 1114 1782 1294 1823; x_wconf 85' lang='lat' dir='ltr'>Bremae</span> <span class='ocrx_word' id='word_1_218' title='bbox 1315 1781 1514 1823; x_wconf 85' lang='lat' dir='ltr'>Timanni</span> <span class='ocrx_word' id='word_1_219' title='bbox 1537 1780 1676 1823; x_wconf 74' lang='lat' dir='ltr'>sedem</span> 
     </span>
     <span class='ocr_line' id='line_1_24' title="bbox 164 1853 1676 1911; baseline -0.001 -14"><span class='ocrx_word' id='word_1_220' title='bbox 164 1862 352 1911; x_wconf 85' lang='lat' dir='ltr'>occupat,</span> <span class='ocrx_word' id='word_1_221' title='bbox 385 1856 520 1896; x_wconf 87' lang='lat' dir='ltr'>virum</span> <span class='ocrx_word' id='word_1_222' title='bbox 551 1853 832 1895; x_wconf 75' lang='lat' dir='ltr'>doctissimum</span> <span class='ocrx_word' id='word_1_223' title='bbox 855 1853 1162 1905; x_wconf 70' lang='lat' dir='ltr'>TRAVIRANUM,</span> <span class='ocrx_word' id='word_1_224' title='bbox 1186 1868 1319 1909; x_wconf 90' lang='lat' dir='ltr'>quum</span> <span class='ocrx_word' id='word_1_225' title='bbox 1343 1860 1455 1895; x_wconf 87' lang='lat' dir='ltr'>certe</span> <span class='ocrx_word' id='word_1_226' title='bbox 1478 1854 1676 1909; x_wconf 83' lang='lat' dir='ltr'>opinarer</span> 
     </span>
     <span class='ocr_line' id='line_1_25' title="bbox 164 1923 1676 1980; baseline -0.001 -13"><span class='ocrx_word' id='word_1_227' title='bbox 164 1927 203 1968; x_wconf 90' lang='lat' dir='ltr'>in</span> <span class='ocrx_word' id='word_1_228' title='bbox 235 1926 356 1967; x_wconf 85' lang='lat' dir='ltr'>huius</span> <span class='ocrx_word' id='word_1_229' title='bbox 394 1925 601 1966; x_wconf 78' lang='lat' dir='ltr'>Ecclesiae</span> <span class='ocrx_word' id='word_1_230' title='bbox 631 1924 790 1965; x_wconf 89' lang='lat' dir='ltr'>scriniis</span> <span class='ocrx_word' id='word_1_231' title='bbox 820 1923 946 1965; x_wconf 86' lang='lat' dir='ltr'>Lasci</span> <span class='ocrx_word' id='word_1_232' title='bbox 976 1923 1194 1980; x_wconf 88' lang='lat' dir='ltr'>epistolam</span> <span class='ocrx_word' id='word_1_233' title='bbox 1227 1925 1459 1965; x_wconf 87' lang='lat' dir='ltr'>etiamnum</span> <span class='ocrx_word' id='word_1_234' title='bbox 1491 1925 1579 1966; x_wconf 84' lang='lat' dir='ltr'>fore</span> <span class='ocrx_word' id='word_1_235' title='bbox 1611 1939 1676 1966; x_wconf 86' lang='lat' dir='ltr'>su·</span> 
     </span>
     <span class='ocr_line' id='line_1_26' title="bbox 164 1994 1676 2053; baseline 0 -16"><span class='ocrx_word' id='word_1_236' title='bbox 164 1997 385 2053; x_wconf 88' lang='lat' dir='ltr'>perstitem.</span> <span class='ocrx_word' id='word_1_237' title='bbox 426 1995 598 2051; x_wconf 79' lang='lat' dir='ltr'>Insigni,</span> <span class='ocrx_word' id='word_1_238' title='bbox 630 2010 711 2051; x_wconf 86' lang='lat' dir='ltr'>qua</span> <span class='ocrx_word' id='word_1_239' title='bbox 741 2002 800 2036; x_wconf 84' lang='lat' dir='ltr'>est</span> <span class='ocrx_word' id='word_1_240' title='bbox 830 1995 1098 2046; x_wconf 85' lang='lat' dir='ltr'>humanitate,</span> <span class='ocrx_word' id='word_1_241' title='bbox 1133 1995 1390 2036; x_wconf 87' lang='lat' dir='ltr'>reverendus</span> <span class='ocrx_word' id='word_1_242' title='bbox 1420 1994 1490 2036; x_wconf 92' lang='lat' dir='ltr'>ille</span> <span class='ocrx_word' id='word_1_243' title='bbox 1522 1995 1676 2052; x_wconf 87' lang='lat' dir='ltr'>prima-</span> 
     </span>
     <span class='ocr_line' id='line_1_27' title="bbox 164 2063 1676 2121; baseline -0.001 -14"><span class='ocrx_word' id='word_1_244' title='bbox 164 2066 249 2107; x_wconf 90' lang='lat' dir='ltr'>rius</span> <span class='ocrx_word' id='word_1_245' title='bbox 278 2064 388 2107; x_wconf 80' lang='lat' dir='ltr'>illius</span> <span class='ocrx_word' id='word_1_246' title='bbox 419 2063 627 2106; x_wconf 78' lang='lat' dir='ltr'>Ecclesiae</span> <span class='ocrx_word' id='word_1_247' title='bbox 660 2071 814 2120; x_wconf 79' lang='lat' dir='ltr'>pastor,</span> <span class='ocrx_word' id='word_1_248' title='bbox 849 2080 997 2106; x_wconf 88' lang='lat' dir='ltr'>causae</span> <span class='ocrx_word' id='word_1_249' title='bbox 1030 2080 1160 2117; x_wconf 83' lang='lat' dir='ltr'>meae,</span> <span class='ocrx_word' id='word_1_250' title='bbox 1194 2066 1313 2121; x_wconf 89' lang='lat' dir='ltr'>quasi</span> <span class='ocrx_word' id='word_1_251' title='bbox 1344 2080 1420 2107; x_wconf 85' lang='lat' dir='ltr'>sua</span> <span class='ocrx_word' id='word_1_252' title='bbox 1452 2073 1570 2116; x_wconf 86' lang='lat' dir='ltr'>esset,</span> <span class='ocrx_word' id='word_1_253' title='bbox 1604 2080 1676 2121; x_wconf 89' lang='lat' dir='ltr'>pa-</span> 
     </span>
     <span class='ocr_line' id='line_1_28' title="bbox 163 2136 1674 2192; baseline 0.001 -14"><span class='ocrx_word' id='word_1_254' title='bbox 163 2137 399 2187; x_wconf 84' lang='lat' dir='ltr'>troeinatus‚</span> <span class='ocrx_word' id='word_1_255' title='bbox 440 2136 742 2177; x_wconf 87' lang='lat' dir='ltr'>commendavit</span> <span class='ocrx_word' id='word_1_256' title='bbox 773 2151 864 2177; x_wconf 87' lang='lat' dir='ltr'>eam</span> <span class='ocrx_word' id='word_1_257' title='bbox 895 2137 1132 2178; x_wconf 85' lang='lat' dir='ltr'>doctissimo</span> <span class='ocrx_word' id='word_1_258' title='bbox 1163 2136 1404 2187; x_wconf 66' lang='grc' dir='ltr'><strong>ΚοΗιΜΑΝ,</strong></span> <span class='ocrx_word' id='word_1_259' title='bbox 1439 2138 1525 2192; x_wconf 88' lang='lat' dir='ltr'>qui,</span> <span class='ocrx_word' id='word_1_260' title='bbox 1559 2137 1674 2179; x_wconf 86' lang='lat' dir='ltr'>Hor-</span> 
     </span>
     <span class='ocr_line' id='line_1_29' title="bbox 162 2207 1674 2265; baseline 0.002 -17"><span class='ocrx_word' id='word_1_261' title='bbox 162 2223 239 2249; x_wconf 84' lang='lat' dir='ltr'>nae</span> <span class='ocrx_word' id='word_1_262' title='bbox 268 2222 399 2263; x_wconf 90' lang='lat' dir='ltr'>prope</span> <span class='ocrx_word' id='word_1_263' title='bbox 427 2207 621 2248; x_wconf 78' lang='lat' dir='ltr'>Bremam</span> <span class='ocrx_word' id='word_1_264' title='bbox 654 2222 869 2248; x_wconf 88' lang='lat' dir='ltr'>sacrorum</span> <span class='ocrx_word' id='word_1_265' title='bbox 901 2209 1081 2257; x_wconf 83' lang='lat' dir='ltr'>antistes,</span> <span class='ocrx_word' id='word_1_266' title='bbox 1115 2210 1300 2264; x_wconf 84' lang='lat' dir='ltr'>speciosa</span> <span class='ocrx_word' id='word_1_267' title='bbox 1320 2209 1451 2265; x_wconf 85' lang='lat' dir='ltr'>pollet</span> <span class='ocrx_word' id='word_1_268' title='bbox 1472 2210 1674 2251; x_wconf 88' lang='lat' dir='ltr'>Bremen-</span> 
     </span>
     <span class='ocr_line' id='line_1_30' title="bbox 165 2277 1673 2335; baseline 0.003 -17"><span class='ocrx_word' id='word_1_269' title='bbox 165 2278 217 2319; x_wconf 91' lang='lat' dir='ltr'>sis</span> <span class='ocrx_word' id='word_1_270' title='bbox 248 2277 456 2319; x_wconf 85' lang='lat' dir='ltr'>Ecclesiae</span> <span class='ocrx_word' id='word_1_271' title='bbox 488 2278 680 2319; x_wconf 85' lang='lat' dir='ltr'>historiae</span> <span class='ocrx_word' id='word_1_272' title='bbox 712 2279 867 2329; x_wconf 88' lang='lat' dir='ltr'>notitia,</span> <span class='ocrx_word' id='word_1_273' title='bbox 901 2287 940 2320; x_wconf 88' lang='lat' dir='ltr'>et</span> <span class='ocrx_word' id='word_1_274' title='bbox 971 2295 1077 2335; x_wconf 82' lang='lat' dir='ltr'>quae</span> <span class='ocrx_word' id='word_1_275' title='bbox 1108 2281 1188 2322; x_wconf 85' lang='lat' dir='ltr'>sint</span> <span class='ocrx_word' id='word_1_276' title='bbox 1219 2283 1259 2322; x_wconf 88' lang='lat' dir='ltr'>in</span> <span class='ocrx_word' id='word_1_277' title='bbox 1293 2280 1365 2322; x_wconf 86' lang='lat' dir='ltr'>illa</span> <span class='ocrx_word' id='word_1_278' title='bbox 1397 2281 1500 2323; x_wconf 86' lang='lat' dir='ltr'>urbe</span> <span class='ocrx_word' id='word_1_279' title='bbox 1530 2280 1673 2323; x_wconf 87' lang='lat' dir='ltr'>Eccle-</span> 
     </span>
     <span class='ocr_line' id='line_1_31' title="bbox 164 2348 1674 2404; baseline 0.003 -13"><span class='ocrx_word' id='word_1_280' title='bbox 164 2350 322 2391; x_wconf 86' lang='lat' dir='ltr'>siastica</span> <span class='ocrx_word' id='word_1_281' title='bbox 362 2349 511 2391; x_wconf 84' lang='lat' dir='ltr'>scrinia</span> <span class='ocrx_word' id='word_1_282' title='bbox 542 2348 612 2390; x_wconf 90' lang='lat' dir='ltr'>diu</span> <span class='ocrx_word' id='word_1_283' title='bbox 644 2349 907 2404; x_wconf 85' lang='lat' dir='ltr'>multumque</span> <span class='ocrx_word' id='word_1_284' title='bbox 938 2352 1116 2393; x_wconf 81' lang='lat' dir='ltr'>rimatus</span> <span class='ocrx_word' id='word_1_285' title='bbox 1146 2360 1205 2394; x_wconf 88' lang='lat' dir='ltr'>est</span> <span class='ocrx_word' id='word_1_286' title='bbox 1236 2354 1276 2394; x_wconf 90' lang='lat' dir='ltr'>in</span> <span class='ocrx_word' id='word_1_287' title='bbox 1310 2368 1484 2395; x_wconf 85' lang='lat' dir='ltr'>suorum</span> <span class='ocrx_word' id='word_1_288' title='bbox 1517 2353 1674 2395; x_wconf 77' lang='lat' dir='ltr'>studio-</span> 
     </span>
     <span class='ocr_line' id='line_1_32' title="bbox 164 2420 1673 2477; baseline 0.003 -14"><span class='ocrx_word' id='word_1_289' title='bbox 164 2436 255 2463; x_wconf 89' lang='lat' dir='ltr'>rum</span> <span class='ocrx_word' id='word_1_290' title='bbox 289 2421 482 2476; x_wconf 76' lang='lat' dir='ltr'>gratiam.</span> <span class='ocrx_word' id='word_1_291' title='bbox 536 2420 613 2461; x_wconf 79' lang='lat' dir='ltr'>Ille</span> <span class='ocrx_word' id='word_1_292' title='bbox 645 2430 780 2462; x_wconf 82' lang='lat' dir='ltr'>autem</span> <span class='ocrx_word' id='word_1_293' title='bbox 816 2438 889 2477; x_wconf 84' lang='lat' dir='ltr'>per</span> <span class='ocrx_word' id='word_1_294' title='bbox 924 2423 1150 2466; x_wconf 90' lang='lat' dir='ltr'>Doctorem</span> <span class='ocrx_word' id='word_1_295' title='bbox 1180 2425 1466 2468; x_wconf 86' lang='lat' dir='ltr'>Traviranum</span> <span class='ocrx_word' id='word_1_296' title='bbox 1497 2427 1673 2468; x_wconf 82' lang='lat' dir='ltr'>comiter</span> 
     </span>
     <span class='ocr_line' id='line_1_33' title="bbox 164 2491 1676 2554; baseline 0.005 -21"><span class='ocrx_word' id='word_1_297' title='bbox 164 2491 387 2534; x_wconf 84' lang='lat' dir='ltr'>admodum</span> <span class='ocrx_word' id='word_1_298' title='bbox 427 2499 478 2541; x_wconf 76' lang='lat' dir='ltr'>et,</span> <span class='ocrx_word' id='word_1_299' title='bbox 522 2506 628 2546; x_wconf 80' lang='lat' dir='ltr'>quae</span> <span class='ocrx_word' id='word_1_300' title='bbox 668 2492 896 2534; x_wconf 87' lang='lat' dir='ltr'>fraternum</span> <span class='ocrx_word' id='word_1_301' title='bbox 932 2495 1116 2537; x_wconf 87' lang='lat' dir='ltr'>animum</span> <span class='ocrx_word' id='word_1_302' title='bbox 1150 2498 1324 2554; x_wconf 78' lang='lat' dir='ltr'>egregie</span> <span class='ocrx_word' id='word_1_303' title='bbox 1356 2497 1676 2551; x_wconf 79' lang='lat' dir='ltr'>subolfaciebat,</span> 
     </span>
     <span class='ocr_line' id='line_1_34' title="bbox 162 2561 1675 2626; baseline 0.005 -22"><span class='ocrx_word' id='word_1_304' title='bbox 162 2562 334 2619; x_wconf 83' lang='lat' dir='ltr'>epistola</span> <span class='ocrx_word' id='word_1_305' title='bbox 377 2561 601 2603; x_wconf 83' lang='lat' dir='ltr'>indubitate</span> <span class='ocrx_word' id='word_1_306' title='bbox 648 2562 747 2604; x_wconf 87' lang='lat' dir='ltr'>mihi</span> <span class='ocrx_word' id='word_1_307' title='bbox 788 2565 1000 2619; x_wconf 73' lang='lat' dir='ltr'>respondit</span> <span class='ocrx_word' id='word_1_308' title='bbox 1048 2590 1068 2615; x_wconf 73' lang='lat' dir='ltr'>ss</span> <span class='ocrx_word' id='word_1_309' title='bbox 1085 2566 1175 2609; x_wconf 86' lang='lat' dir='ltr'>dass</span> <span class='ocrx_word' id='word_1_310' title='bbox 1216 2584 1261 2610; x_wconf 85' lang='lat' dir='ltr'>er</span> <span class='ocrx_word' id='word_1_311' title='bbox 1305 2569 1426 2610; x_wconf 87' lang='lat' dir='ltr'>keine</span> <span class='ocrx_word' id='word_1_312' title='bbox 1458 2567 1573 2626; x_wconf 83' lang='lat' dir='ltr'>Spur</span> <span class='ocrx_word' id='word_1_313' title='bbox 1604 2569 1675 2612; x_wconf 87' lang='lat' dir='ltr'>des</span> 
     </span>
     <span class='ocr_line' id='line_1_35' title="bbox 168 2632 1675 2696; baseline 0.002 -16"><span class='ocrx_word' id='word_1_314' title='bbox 168 2633 454 2688; x_wconf 75' lang='lat' dir='ltr'>uverlangten</span> <span class='ocrx_word' id='word_1_315' title='bbox 499 2632 661 2674; x_wconf 80' lang='lat' dir='ltr'>Briefcs</span> <span class='ocrx_word' id='word_1_316' title='bbox 700 2633 855 2678; x_wconf 81' lang='lat' dir='ltr'>finde.’&#39;</span> <span class='ocrx_word' id='word_1_317' title='bbox 887 2637 918 2692; x_wconf 78' lang='lat'>⁴²)</span> <span class='ocrx_word' id='word_1_318' title='bbox 982 2636 1081 2680; x_wconf 84' lang='lat' dir='ltr'>Una</span> <span class='ocrx_word' id='word_1_319' title='bbox 1121 2647 1339 2694; x_wconf 66' lang='lat' dir='ltr'>supuerat</span> <span class='ocrx_word' id='word_1_320' title='bbox 1379 2656 1485 2696; x_wconf 85' lang='lat' dir='ltr'>spes.</span> <span class='ocrx_word' id='word_1_321' title='bbox 1548 2639 1675 2693; x_wconf 77' lang='lat' dir='ltr'>Quod</span> 
     </span>
    </p>
   </div>
   <div class='ocr_carea' id='block_1_3' title="bbox 203 2768 809 2978">
    <p class='ocr_par' dir='ltr' id='par_1_4' title="bbox 203 2768 776 2864">
     <span class='ocr_line' id='line_1_36' title="bbox 205 2768 776 2809; baseline 0.005 -11"><span class='ocrx_word' id='word_1_322' title='bbox 205 2770 228 2807; x_wconf 88' lang='lat'>¹)</span> <span class='ocrx_word' id='word_1_323' title='bbox 252 2769 350 2798; x_wconf 73' lang='lat' dir='ltr'><strong>LASCI</strong></span> <span class='ocrx_word' id='word_1_324' title='bbox 377 2768 486 2808; x_wconf 74' lang='lat' dir='ltr'>Opera,</span> <span class='ocrx_word' id='word_1_325' title='bbox 512 2768 579 2798; x_wconf 82' lang='lat' dir='ltr'>Vol.</span> <span class='ocrx_word' id='word_1_326' title='bbox 603 2769 627 2799; x_wconf 85' lang='lat' dir='ltr'>l.</span> <span class='ocrx_word' id='word_1_327' title='bbox 652 2780 681 2809; x_wconf 85' lang='lat' dir='ltr'>p.</span> <span class='ocrx_word' id='word_1_328' title='bbox 705 2769 776 2801; x_wconf 69' lang='lat'>237.</span> 
     </span>
     <span class='ocr_line' id='line_1_37' title="bbox 203 2824 689 2864; baseline 0.002 -10"><span class='ocrx_word' id='word_1_329' title='bbox 203 2826 229 2862; x_wconf 72' lang='grc' dir='ltr'>Ξ)</span> <span class='ocrx_word' id='word_1_330' title='bbox 254 2824 385 2856; x_wconf 74' lang='lat' dir='ltr'>Ibidem.</span> <span class='ocrx_word' id='word_1_331' title='bbox 409 2824 477 2855; x_wconf 89' lang='lat' dir='ltr'>Vol.</span> <span class='ocrx_word' id='word_1_332' title='bbox 501 2824 543 2855; x_wconf 88' lang='grc' dir='ltr'>ΙΙ.</span> <span class='ocrx_word' id='word_1_333' title='bbox 568 2835 597 2864; x_wconf 86' lang='lat' dir='ltr'>p.</span> <span class='ocrx_word' id='word_1_334' title='bbox 620 2824 689 2855; x_wconf 73' lang='lat'><strong>699.</strong></span> 
     </span>
    </p>

    <p class='ocr_par' dir='ltr' id='par_1_5' title="bbox 204 2878 672 2920">
     <span class='ocr_line' id='line_1_38' title="bbox 204 2878 672 2920; baseline 0.004 -11"><span class='ocrx_word' id='word_1_335' title='bbox 204 2879 230 2917; x_wconf 86' lang='lat'>³)</span> <span class='ocrx_word' id='word_1_336' title='bbox 254 2879 384 2910; x_wconf 79' lang='lat' dir='ltr'>Ibidem.</span> <span class='ocrx_word' id='word_1_337' title='bbox 409 2878 478 2911; x_wconf 88' lang='lat' dir='ltr'>Vol.</span> <span class='ocrx_word' id='word_1_338' title='bbox 502 2879 546 2911; x_wconf 86' lang='lat' dir='ltr'>ll.</span> <span class='ocrx_word' id='word_1_339' title='bbox 570 2890 600 2920; x_wconf 85' lang='lat' dir='ltr'>p.</span> <span class='ocrx_word' id='word_1_340' title='bbox 623 2880 672 2911; x_wconf 81' lang='lat'>20.</span> 
     </span>
    </p>

    <p class='ocr_par' dir='ltr' id='par_1_6' title="bbox 204 2934 809 2978">
     <span class='ocr_line' id='line_1_39' title="bbox 204 2934 809 2978; baseline 0.008 -15"><span class='ocrx_word' id='word_1_341' title='bbox 204 2936 231 2974; x_wconf 53' lang='grc' dir='ltr'>ὅ)</span> <span class='ocrx_word' id='word_1_342' title='bbox 259 2934 312 2978; x_wconf 66' lang='grc' dir='ltr'>ΗΡ.</span> <span class='ocrx_word' id='word_1_343' title='bbox 337 2934 373 2964; x_wconf 83' lang='lat' dir='ltr'>ad</span> <span class='ocrx_word' id='word_1_344' title='bbox 398 2945 446 2966; x_wconf 84' lang='lat' dir='ltr'>mc</span> <span class='ocrx_word' id='word_1_345' title='bbox 469 2934 551 2973; x_wconf 76' lang='lat' dir='ltr'>data,</span> <span class='ocrx_word' id='word_1_346' title='bbox 574 2936 593 2965; x_wconf 74' lang='lat'>4</span> <span class='ocrx_word' id='word_1_347' title='bbox 616 2935 694 2977; x_wconf 79' lang='lat' dir='ltr'>Aug.</span> <span class='ocrx_word' id='word_1_348' title='bbox 721 2936 809 2968; x_wconf 75' lang='lat'>1863.</span> 
     </span>
    </p>
   </div>
  </div>
 </body>
</html>
