1818 3178
174 135 219 168 54
627 136 677 162 DE
704 133 868 160 cnius'rl
897 131 1216 160 incitanarlonn.

172 247 242 279 tus.
272 240 339 278 Sed
363 244 396 276 ct
417 240 491 275 Am
505 237 584 272 bro
598 235 670 271 siu
683 247 711 279 3,
728 246 938 284 quanquam
957 233 1111 270 latinam
1129 233 1327 271 lectionem
1345 234 1515 271 nonnihil
1529 234 1679 273 interim

170 307 398 343 immutatam
417 304 596 350 sequatur,
621 300 716 346 (non
734 298 832 335 enim
851 298 943 346 legit
961 298 1009 334 in
1037 297 1313 348 semetipso,
1342 299 1397 336 vel
1424 312 1504 349 per
1532 304 1679 338 semet

170 369 340 418 ipsum,
376 364 436 400 sed
472 363 517 398 in
553 361 779 411 idipsum)
816 366 938 397 tamen
974 360 1025 396 ita
1062 359 1162 396 hunc
1189 360 1312 397 locum
1338 361 1612 411 interpretatur,
1640 366 1679 400 ut

171 429 393 479 triumphum
411 438 554 463 omnem
573 424 673 461 Patri
690 437 755 474 per
773 424 890 460 filium
907 423 1082 461 ascribat.
1109 425 1243 472 Am-(I
1262 423 1448 472 iib)brosii
1469 426 1579 463 verba
1592 433 1679 465 sunt
1730 470 1733 475 ζ

170 493 212 530 (10
248 491 380 528 Paulo:
417 489 506 526 Ideo
551 492 758 525 commonet
798 493 938 536 gentes,
964 491 1006 524 ut
1034 487 1311 525 considerantes
1341 502 1468 527 causas
1495 490 1679 527 malorum

169 567 324 598 suorum,
351 557 384 590 et
407 552 549 602 qualem
574 551 731 600 gratiam
759 551 966 601 acceperint
993 563 1014 587 a
1040 550 1118 588 Deo
1141 550 1181 588 in
1199 551 1361 597 Christo,
1380 557 1460 590 tota
1483 553 1680 591 devotione

168 616 312 655 solliciti
339 616 413 653 sint
440 615 535 651 circa
562 615 780 664 obsequium
806 615 894 660 eius,
920 628 941 651 a
969 627 1041 664 quo
1070 628 1090 651 a
1119 614 1264 652 diversa
1292 616 1424 652 mortis
1450 629 1570 666 poena
1593 621 1680 654 sunt

166 680 321 718 liberati.
367 679 441 716 Hic
484 677 705 714 Ambrosius
740 678 843 714 iuxta
879 679 991 714 verba
1028 676 1134 714 Pauli
1168 677 1328 724 gratiam
1364 678 1494 716 salutis
1530 683 1680 717 nostrae

171 741 384 779 transcribit
410 740 510 777 Patri
537 739 616 777 Deo
644 740 682 777 in
711 739 872 786 Christo,
899 740 975 777 sive
999 752 1063 790 per
1092 739 1294 777 Christum.
1332 742 1389 777 Ac
1414 754 1503 778 mox
1530 747 1679 792 postea:

170 808 323 855 Affigere
358 810 478 842 autem
515 805 626 849 cruci,
661 804 795 854 inquit,
831 804 901 841 hoc
937 804 1033 841 dixit
1067 817 1157 847 esse,
1193 804 1352 853 spoliare
1387 806 1616 856 principatus
1644 812 1680 844 et

166 874 362 920 potestates
407 868 566 918 publice,
609 872 645 905 et
681 867 956 918 detriumphare
991 868 1076 905 illos
1112 868 1151 904 in
1189 868 1352 906 Christo.
1407 868 1455 906 Et
1494 869 1554 906 hic
1591 883 1680 907 sane

163 932 380 971 Ambrosius
415 931 494 968 Deo
528 932 629 968 Patri
664 931 847 968 ascribere
883 935 1006 982 aperte
1041 931 1185 969 videtur
1213 930 1249 968 et
1278 931 1530 982 chirographi
1558 934 1680 971 nostri

160 998 199 1034 iu
236 1009 342 1033 cruce
375 996 628 1040 abolitionem,
665 995 701 1032 et
738 996 1023 1045 expoliationem
1059 995 1335 1046 principatuum
1371 1009 1414 1033 ac
1441 1000 1680 1047 potestatum,

162 1061 198 1098 et
225 1061 331 1098 simul
360 1061 468 1097 etiam
497 1060 723 1110 triumphum
752 1060 796 1097 de
823 1060 898 1097 illis
926 1061 966 1098 in
994 1060 1155 1105 Christo,
1183 1060 1259 1098 sive
1286 1073 1349 1111 per
1377 1061 1581 1100 Christum.
1629 1061 1679 1099 Et

159 1138 323 1162 rursum:
360 1124 408 1161 Et
436 1125 499 1169 sic,
526 1124 659 1174 inquit,
686 1124 864 1174 expoliati
892 1128 978 1162 sunt
1006 1125 1122 1172 (sicut
1150 1124 1263 1172 dixit)
1291 1124 1451 1174 publice,
1478 1124 1517 1162 id
1545 1130 1612 1170 est,
1638 1125 1678 1163 in

161 1201 284 1226 cruce:
321 1188 418 1238 quod
445 1193 510 1233 est,
536 1188 659 1238 palam
687 1189 951 1239 detriumphati
978 1202 998 1225 a
1026 1189 1105 1226 Deo
1133 1189 1172 1226 in
1201 1189 1364 1227 Christo.
1421 1189 1527 1227 Haec
1554 1194 1679 1240 aperte

158 1255 348 1295 testantur,
375 1251 526 1288 candem
553 1264 632 1288 esse
659 1251 865 1297 Ambrosii,
894 1257 929 1288 et
958 1256 1124 1289 nostram
1152 1251 1508 1302 interpretationem.
1547 1252 1679 1303 Neque

158 1320 279 1353 tamen
314 1314 394 1351 ideo
432 1314 671 1352 Ambrosium
700 1315 813 1352 citare
840 1315 900 1351 hic
930 1315 1049 1360 volui,
1076 1320 1115 1352 ut
1142 1314 1243 1352 illius
1271 1315 1469 1353 autoritate
1495 1316 1679 1366 interpre-

156 1380 331 1417 tationem
369 1391 486 1415 meam
522 1384 636 1424 tuear,
673 1378 735 1415 sed
773 1383 812 1415 ut
849 1378 1056 1424 ostendam,
1095 1391 1153 1416 me
1187 1379 1348 1429 primum
1381 1391 1456 1416 non
1495 1392 1586 1421 esse,
1613 1379 1679 1430 qui

159 1444 324 1488 sentiam,
358 1443 586 1493 triumphum
622 1443 659 1490 (I
687 1443 763 1488 iiia)
803 1443 874 1479 hoc
901 1443 996 1488 loco,
1026 1442 1128 1480 cuius
1158 1443 1292 1480 Paulus
1319 1443 1500 1489 meminit,
1527 1456 1603 1481 non
1631 1444 1678 1482 ad

158 1508 236 1552 filii,
271 1508 333 1545 scd
368 1508 413 1544 ad
452 1508 571 1544 Patris
600 1506 668 1544 Dei
695 1519 891 1557 personam
918 1520 998 1544 esse
1026 1507 1178 1544 omnino
1206 1507 1463 1553 referendum
1492 1507 1538 1544 ad
1566 1521 1676 1557 quem

158 1572 188 1608 si
224 1573 411 1616 referatur,
446 1571 555 1608 lectio
593 1584 680 1607 sane
714 1570 849 1607 Latina
879 1570 1080 1607 consistere
1108 1583 1183 1607 non
1210 1574 1353 1621 potest;
1381 1576 1550 1621 pugnant
1576 1571 1677 1609 enim

159 1636 258 1680 haec,
295 1636 438 1673 Patrem
474 1635 592 1672 Deum
630 1648 694 1685 per
730 1635 968 1685 semetipsum
1003 1635 1262 1685 triumphasse,
1290 1639 1337 1680 et,
1364 1635 1676 1685 quemadmodum

159 1700 313 1736 infinitis
349 1700 436 1736 alibi
474 1700 564 1736 locis
593 1699 760 1743 habetur,
786 1712 850 1749 per
879 1699 995 1736 filium
1023 1700 1147 1736 omnia
1175 1699 1392 1737 restituisse.
1448 1698 1526 1736 Qui
1554 1704 1676 1736 autem

159 1764 383 1813 triumphum
419 1764 464 1800 ad
502 1764 690 1800 Christum
726 1764 902 1809 referunt,
940 1777 1073 1812 negare
1102 1777 1177 1801 non
1204 1770 1373 1814 possunt,
1401 1764 1562 1814 priorem
1592 1777 1676 1802 sen-

159 1827 294 1864 tentiae
323 1827 428 1864 huius
456 1828 632 1864 Paulinae
659 1831 800 1877 partem
827 1832 996 1878 oportere
1022 1828 1151 1865 referri
1179 1829 1226 1865 ad
1247 1829 1394 1866 Patrem
1413 1828 1551 1875 Deum;
1571 1842 1675 1866 nem-

162 1904 206 1941 pe
239 1890 335 1941 quod
364 1891 393 1928 is
422 1904 488 1928 nos
517 1904 598 1927 cum
628 1891 775 1928 Christo
804 1905 847 1929 ex
874 1892 1030 1929 mortuis
1059 1892 1236 1929 suscitato
1266 1893 1556 1937 convivificavit,
1585 1905 1675 1930 con-

163 1954 304 1991 donans
342 1955 447 1992 nobis
481 1959 630 2005 propter
667 1955 856 1992 Christum
892 1960 1040 2005 peccata
1078 1960 1204 1992 nostra
1231 1956 1368 1993 onmia.
1425 1957 1486 1992 Sic
1514 1956 1612 1994 enim
1639 1961 1675 1994 et

162 2018 335 2055 Erasmus
371 2018 466 2068 ipse:
496 2018 609 2067 Ergo,
644 2019 779 2069 inquit,
814 2019 915 2056 Patri
950 2019 1027 2056 Deo
1068 2020 1248 2057 debentur
1284 2021 1420 2065 omnia,
1448 2034 1541 2071 quae
1569 2021 1674 2059 vobis

164 2082 317 2130 largitur
343 2095 404 2132 per
430 2083 559 2128 filium,
587 2084 747 2120 referens
775 2083 820 2119 ad
850 2084 997 2121 Patrem
1024 2083 1143 2121 Deum
1171 2089 1339 2121 nostram
1366 2087 1406 2121 in
1435 2086 1582 2123 Christo
1602 2085 1674 2122 cir-

166 2146 422 2183 cumcisionem
449 2147 687 2196 spiritualem,
714 2153 878 2184 nostram
908 2161 990 2184 cum
1017 2149 1081 2185 illo
1111 2149 1416 2186 resurrectionem
1443 2153 1478 2187 et
1507 2151 1674 2187 convivi·

164 2210 380 2246 ficationem.
442 2210 547 2247 Quae
591 2218 711 2247 autem
748 2211 791 2247 (10
828 2213 955 2248 suffixo
993 2212 1031 2249 in
1069 2225 1214 2249 crucem
1254 2212 1514 2263 chirographo,
1557 2213 1674 2264 deque

165 2272 328 2321 spoliatis
373 2286 414 2308 ae
457 2274 693 2323 triumphatis
739 2275 1005 2324 principatibus
1043 2282 1258 2326 sequuntur,
1295 2290 1336 2313 ea
1379 2277 1424 2313 ad
1473 2277 1674 2322 Christum,

169 2340 302 2372 veteres
347 2345 531 2386 sequutus,
573 2339 761 2383 transfert,
808 2340 998 2389 Patrisque
1044 2340 1113 2378 Dei
1164 2354 1361 2391 personam
1404 2342 1472 2378 filii
1514 2354 1673 2392 persona

168 2404 377 2436 couunutat.
439 2402 542 2437 Quae
588 2415 742 2451 persona
791 2404 1028 2441 commutatio
1076 2406 1115 2441 in
1151 2418 1260 2442 causa
1297 2405 1354 2442 illi
1380 2406 1462 2450 fuit,
1508 2412 1546 2443 ut
1590 2418 1672 2443 cum

165 2464 397 2513 aspiratio-(I
425 2465 549 2511 iiib)ue
574 2467 698 2514 legere
724 2468 894 2504 maluerit
923 2472 959 2508 ἐν
989 2473 1107 2521 αὐτῷ,
1136 2470 1204 2507 1100
1223 2474 1289 2514 est,
1317 2471 1364 2508 in
1394 2471 1672 2521 semetipso,

167 2527 222 2564 vel
260 2540 338 2576 per
375 2530 686 2578 semetipsum.
751 2532 821 2568 Sed
857 2531 927 2569 hoc
973 2534 1025 2570 vir
1063 2534 1300 2572 doctissimus
1346 2535 1490 2573 videtur
1528 2535 1672 2574 dedisse

167 2593 327 2626 veterum
372 2591 570 2634 autoritati,
605 2596 645 2629 ut
681 2593 782 2630 iuxta
819 2607 944 2631 eorum
979 2596 1332 2647 interpretationem,
1365 2599 1484 2649 ipsam
1526 2612 1672 2649 quoquc

168 2653 417 2701 Apostolicum
447 2654 636 2692 lectionem
663 2657 862 2694 aedcndam
891 2661 1047 2706 curarit5
1074 2663 1291 2711 praesertim
1311 2676 1392 2700 cum
1412 2664 1668 2714 interpretatio

166 2715 242 2763 ipsa
280 2729 354 2752 11011
391 2716 509 2753 30111111
546 2718 591 2754 sit
619 2719 689 2768 pia,
716 2721 779 2758 scd
807 2722 946 2760 Christi
972 2724 1082 2760 ctiam
1110 2725 1262 2762 Domini
1288 2727 1448 2775 gloriam
1473 2727 1670 2776 insigniter

165 2777 334 2816 illustret.
363 2780 413 2816 At
441 2793 526 2817 vero
554 2794 597 2818 cx
625 2782 728 2819 Pauli
757 2785 876 2823 verbis
900 2787 1028 2824 haberi
1055 2801 1132 2826 11011
1159 2793 1279 2839 potest
1306 2790 1380 2828 ulla
1398 2795 1480 2830 toto
1497 2791 1668 2829 hocloco
