1818 3178
131 134 204 169 206
486 136 536 161 na
564 130 846 160 SAORAMENTIS
873 126 1085 156 1100165111]
1115 125 1288 153 camsi-1.

132 241 259 291 ipsius,
303 238 366 276 sed
401 238 614 286 perpetuam
659 231 769 268 simul
814 230 924 267 etiam
960 227 1234 265 communionis
1268 226 1370 264 illius
1408 225 1654 271 durationem,

131 305 346 341 fruitionem
385 300 667 346 animorumque
695 298 907 331 nostrorum
936 293 973 329 in
1002 292 1065 328 illa
1094 291 1408 340 obsignationem.

184 366 293 403 Unde
329 376 415 401 sane
441 360 676 411 perspicuum
702 362 778 402 est,
812 369 985 405 magnam
1023 355 1133 392 nobis
1159 355 1291 392 inferri
1317 354 1494 391 iniuriam
1522 353 1568 390 ab
1595 352 1655 398 iis,

131 431 194 481 qui
221 442 287 467 nos
316 428 464 475 signum
493 436 627 460 coenae
655 421 863 459 dominicae
890 420 1030 457 nudum
1060 425 1171 469 atque
1198 419 1365 465 ociosum
1389 419 1510 456 facere
1530 418 1654 455 hacte-

131 507 198 531 nus
226 494 424 542 putarunt,
461 492 701 537 nostrumque
737 484 1085 523 nomendmmerito
1112 485 1251 534 passim
1279 483 1350 520 hoe
1387 484 1467 534 ipso
1505 483 1655 520 nomine

129 557 386 596 traduxerunt,
411 552 511 603 quod
538 552 613 588 illis
642 551 826 588 Dominus
852 549 1036 599 ignoscat.

180 621 262 657 Jam
298 630 382 655 vero
419 617 458 653 in
495 629 629 653 coenae
666 614 874 652 dominicae
911 613 1032 650 verbis
1069 613 1235 663 corporis
1271 627 1407 651 nomen
1442 613 1656 664 accipimus,

132 697 205 721 non
240 695 306 733 pro
334 682 413 731 ipsa
442 680 607 730 corporis
636 678 857 723 substantia,
891 678 955 715 sed
988 690 1054 727 pro
1083 677 1162 714 iure
1190 690 1232 714 ac
1259 679 1434 716 societate
1462 691 1524 715 seu
1553 690 1654 714 com-

130 748 304 785 munione
332 745 497 795 corporis
516 744 667 781 Christi.
696 744 757 788 Et,
784 748 826 780 ut
851 742 890 779 id
919 742 968 780 ita
997 742 1188 787 faciamus,
1212 742 1329 779 iustas
1349 742 1460 778 nobis
1478 742 1654 786 rationes,

131 825 175 849 ex
201 810 291 860 ipsis
319 808 511 858 scripturis
539 807 685 858 petitas,
714 819 790 843 non
819 806 944 842 deesse
971 808 1157 855 putamus.

181 875 345 913 Primum
382 872 553 910 Christus
589 872 635 909 D.
672 871 811 908 nullam
840 870 929 907 facit
956 869 1186 907 substantiae
1215 868 1380 918 corporis
1410 868 1466 905 sui
1492 869 1654 906 mentio-

130 953 212 977 nem
240 940 278 975 in
307 937 428 974 verbis
457 937 546 974 suis.
601 935 686 972 Non
719 935 817 972 enim
845 935 917 971 ait:
947 934 1033 970 Hoc
1061 938 1114 970 est
1142 932 1352 970 substantia
1381 933 1546 983 corporis
1574 935 1659 978 mei,

131 1004 193 1041 5611
231 1003 282 1040 ait
310 1002 510 1039 duntaxat:
564 1000 650 1037 Hoc
677 1004 732 1037 est
761 1012 892 1049 corpus
920 1011 1054 1043 meum,
1080 1004 1123 1035 ut
1150 998 1226 1034 sive
1254 998 1502 1034 substantiam
1528 998 1659 1048 ipsam,

131 1068 206 1105 sive
243 1070 513 1103 sacramentum
551 1064 620 1101 sub
659 1064 823 1113 corporis
860 1062 1012 1100 nomine
1048 1062 1256 1110 intelligere
1295 1062 1470 1106 velimus,
1506 1061 1544 1098 id
1589 1074 1658 1099 nos

134 1138 316 1181 utrunque
344 1144 387 1167 ex
416 1134 543 1166 nostra
570 1128 876 1178 interpretatione
903 1127 1047 1164 adferre
1068 1131 1249 1176 oporteat.
1280 1125 1412 1176 Neque
1433 1130 1487 1163 est
1507 1130 1659 1163 contro-

133 1195 250 1232 versia
286 1194 362 1230 ulla
397 1193 440 1230 de
468 1192 589 1229 verbis
616 1192 707 1242 ipsis
745 1191 885 1228 Christi
913 1190 973 1235 D„
1000 1203 1094 1240 quae
1121 1202 1229 1226 nemo
1260 1202 1335 1226 non
1365 1190 1515 1237 ve-(fol.
1546 1187 1657 1236 10910)

134 1259 278 1296 rissima
312 1271 391 1295 essa
427 1257 555 1300 credit,
591 1256 654 1293 sed
686 1256 730 1293 de
757 1269 812 1300 ea,
840 1268 934 1305 quae
960 1268 1025 1304 per
1053 1267 1122 1291 nos
1149 1253 1313 1299 additur,
1339 1254 1660 1304 interpretatione,

134 1324 209 1361 sive
246 1323 313 1360 sub
351 1322 515 1372 eorporis
551 1320 702 1358 nomine
738 1320 985 1356 substantiam
1011 1319 1142 1369 ipsam,
1170 1317 1247 1355 sive
1275 1325 1546 1355 sacramentum
1575 1331 1658 1355 cor-

135 1388 234 1438 poris
268 1386 541 1434 intelligamus3
579 1398 746 1434 vanaque
773 1397 853 1421 esse
889 1383 1079 1420 videamus
1105 1382 1258 1419 illorum
1283 1382 1567 1432 querimoniam,
1595 1382 1660 1433 qui

136 1463 202 1487 nos
237 1451 432 1486 verborum
471 1448 611 1485 Christi
647 1447 799 1485 Domini
836 1447 1027 1484 veritatem
1055 1446 1194 1483 violare
1220 1450 1375 1496 putant,
1404 1446 1491 1483 dum
1522 1459 1659 1483 nomen

136 1515 298 1565 corporis
333 1527 400 1564 pro
428 1514 508 1564 ipsa
537 1513 746 1551 substantia
783 1512 822 1549 in
851 1504 952 1549 hisce
981 1510 1119 1548 Christi
1148 1510 1269 1548 verbis
1297 1511 1552 1561 accipiendum
1583 1523 1658 1549 non

134 1593 211 1619 esse
240 1580 426 1618 (1066111115.

185 1645 339 1690 Deinde,
376 1657 459 1681 cum
494 1656 569 1681 non
607 1643 764 1680 violetur
792 1642 926 1679 veritas
962 1642 1042 1691 ipsa
1083 1641 1280 1677 verborum
1309 1640 1458 1687 Christi,
1486 1641 1563 1678 sive
1591 1641 1659 1678 sub

136 1709 299 1759 corporis
328 1708 478 1745 nomine
505 1707 751 1745 substantiam
780 1707 912 1756 ipsam,
940 1705 1016 1742 sive
1045 1709 1316 1742 sacramentum
1336 1705 1502 1754 corporis
1521 1705 1661 1742 intelli-

135 1787 288 1822 gamus;
324 1773 435 1810 modo
473 1786 519 1810 ne
556 1772 681 1809 addita
717 1771 894 1808 alterutra
930 1771 1085 1807 istarum
1112 1769 1462 1819 interpretationum
1491 1783 1511 1806 a
1537 1773 1662 1808 mente

134 1838 214 1888 ipsa
243 1838 445 1888 scripturae
471 1840 507 1874 et
533 1836 704 1874 unanimi
728 1836 828 1872 1111115
857 1847 1041 1871 consensu
1067 1833 1294 1878 recedamus,
1329 1846 1520 1883 pugnasve
1556 1836 1658 1872 loco-

137 1914 215 1938 rum
247 1902 339 1938 ullas
367 1901 406 1938 in
434 1900 628 1950 scripturis
657 1912 832 1941 seramus,
849 1920 899 1926 -
918 1912 996 1935 eam
1027 1911 1114 1935 sane
1141 1898 1486 1948 interpretationem
1515 1899 1661 1937 veritati

139 1965 334 2003 verborum
369 1965 509 2001 Christi
546 1964 754 2000 subservire
790 1963 907 2011 magis
936 1962 1126 2012 magisque
1153 1963 1378 2013 respondere
1405 1975 1479 2000 non
1511 1963 1660 2001 dubita-

138 2043 232 2074 mus,
259 2043 352 2080 quae
382 2028 593 2066 unanimem
620 2027 734 2065 totius
764 2028 968 2077 scripturae
996 2039 1219 2063 consensum
1247 2039 1289 2063 ac
1317 2032 1478 2065 mentem
1505 2029 1663 2066 retinere

139 2093 293 2132 videtur.
323 2093 413 2130 Non
441 2092 538 2130 enim
567 2105 691 2129 secum
716 2094 858 2142 pugnat
887 2091 1057 2128 Christus
1087 2090 1260 2128 dominus
1288 2096 1352 2128 aut
1380 2092 1532 2142 spiritus
1554 2106 1662 2131 sanc-

139 2161 197 2193 tus
226 2158 264 2194 in
292 2157 495 2207 scripturis.

192 2221 304 2257 Porro
340 2221 377 2257 id
413 2234 499 2258 sane
533 2226 587 2257 est
624 2220 786 2271 positum
823 2225 926 2256 extra
955 2232 1103 2256 0111116111
1132 2219 1422 2257 controversiam
1449 2224 1486 2258 et
1514 2221 1664 2260 dubita-

141 2285 292 2329 tionem,
330 2285 517 2322 Christum
562 2285 765 2321 Dominum
803 2284 923 2321 verbis
960 2284 1021 2321 hio
1057 2284 1133 2321 suis
1162 2289 1433 2322 sacramentum
1460 2285 1668 2331 instituere,

143 2354 178 2384 et
215 2348 324 2385 verba
359 2348 429 2386 ista
467 2361 601 2386 coenae
636 2348 815 2386 solemnia
841 2349 1026 2398 pertinere
1052 2348 1097 2386 ad
1126 2349 1349 2386 sacramenti
1375 2349 1665 2388 institutionem.

144 2411 294 2448 Rectius
329 2412 438 2449 fuerit
473 2413 586 2461 igitur
625 2418 661 2450 et
699 2425 781 2449 611111
818 2417 940 2449 mente
974 2412 1181 2463 scripturae
1217 2413 1335 2461 magis
1364 2418 1666 2460 consentaneum,

145 2476 228 2524 (fol.
267 2477 374 2522 110³)
403 2476 433 2512 si
461 2478 569 2513 verba
597 2477 642 2513 ad
669 2477 944 2514 institutionem
973 2477 1202 2514 Sacramenti
1226 2477 1449 2528 pertinentia
1475 2477 1580 2515 iuxta
1607 2479 1665 2529 ip-

145 2553 222 2577 sam
259 2539 398 2588 alioqui
432 2545 601 2576 naturam
638 2541 795 2577 afiorum
832 2542 1167 2581 Sacramentorum,
1204 2554 1316 2591 quam
1341 2544 1487 2591 praeter
1513 2541 1664 2580 illorum

147 2610 313 2643 naturam
353 2616 589 2653 exponamus,
624 2618 690 2655 pro
728 2618 770 2643 eo
798 2619 841 2643 ac
869 2606 1062 2656 Scriptura
1088 2606 1169 2656 ipsa
1198 2606 1242 2643 de
1269 2606 1352 2643 aliis
1381 2619 1528 2656 quoque
1557 2607 1665 2644 unius

146 2673 256 2719 atquo
291 2667 454 2706 eiusdem
486 2669 631 2715 generis
670 2669 916 2707 Sacramentis
949 2674 1119 2716 testatur,
1154 2674 1207 2713 ut,
1241 2670 1273 2707 si
1301 2682 1384 2706 cum
1412 2673 1546 2707 natura
1572 2671 1665 2707 alio-

147 2747 227 2771 rum
265 2734 587 2770 Sacramentorum
624 2732 877 2783 interpretatio
914 2735 1063 2772 illorum
1101 2734 1219 2783 magis
1260 2735 1468 2780 conveniat,
1495 2748 1567 2784 qua
1595 2736 1664 2773 sub

148 2797 312 2848 eorporis
349 2795 499 2833 nomine
535 2795 708 2832 doeemur
735 2797 981 2835 substantiam
1007 2798 1125 2848 ipsam
1154 2798 1318 2848 corporis
1346 2798 1526 2836 naturalis
1553 2799 1663 2836 intel-

148 2862 259 2917 ligere
304 2866 490 2912 oportere,
536 2860 637 2897 illam
683 2860 832 2898 omnino
867 2862 979 2900 altera
1017 2863 1148 2901 reiecta
1184 2863 1421 2914 potissimum
1457 2876 1664 2914 sequanum
