1818 3178
176 152 246 187 14ss
522 153 573 180 DE
602 146 883 178 sAcRAMEers
913 142 1131 172 nchEsmE
1157 141 1337 169 onnis'rr.

179 273 198 296 a
226 257 386 296 Domino
414 256 563 291 ornatus
590 253 656 293 est,
692 249 763 286 hoc
792 245 941 295 gravius
969 244 1080 281 etiam
1108 255 1129 280 a
1157 243 1294 280 Satana
1324 252 1466 291 semper
1491 239 1693 290 impetatur

181 334 223 358 ac
256 320 478 360 molestetur,
513 319 575 352 aut
611 325 685 350 non
731 311 777 348 sit
813 310 1016 358 gloriosum
1051 321 1071 345 a
1110 307 1255 345 devicto
1293 307 1434 357 alioqui
1470 306 1577 344 hoste
1612 305 1694 343 vul-

183 398 251 422 nus
278 382 498 432 quandoque
525 377 734 428 accepisse?
763 375 884 413 Quid!
914 373 1012 424 quod
1043 373 1141 410 Deus
1159 373 1314 423 ipsemet
1332 373 1382 410 ita
1403 385 1471 409 nos
1490 370 1693 421 aliquando

178 449 253 485 labi
289 452 323 483 et
359 446 435 482 falli
471 443 620 494 patitur,
670 446 711 478 ut
758 453 826 478 nos
861 439 1030 476 homines
1075 451 1153 475 esse
1189 437 1469 475 meminerimus
1506 440 1542 473 ct
1576 448 1696 485 neque

181 515 224 550 de
262 512 368 548 nobis
394 509 463 559 ipsi
491 520 607 558 neque
634 507 722 543 item
750 505 794 541 de
821 504 902 541 aliis
931 515 1039 553 supra
1068 514 1136 538 nos
1175 502 1394 550 cogitemus,
1439 514 1522 538 cum
1557 498 1697 549 alioqui

180 581 303 614 nostra
339 575 413 611 fere
449 577 524 609 tam
553 572 589 608 in
620 569 728 607 nobis
756 569 861 619 ipsis,
887 579 998 617 quam
1024 565 1063 603 in
1101 565 1182 602 aliis
1219 566 1331 602 etiam
1365 565 1527 602 libenter
1554 562 1697 611 (nescio

178 638 381 690 quomodo)
415 635 649 673 admiremur.
704 633 750 670 In
786 631 953 682 lapsibus
988 629 1104 678 igitur
1143 633 1357 666 sanctorum
1387 628 1454 666 Dei
1491 627 1702 668 hominum,

177 716 239 754 per
267 714 357 751 quos
386 699 553 736 doctrina
582 696 747 734 veritatis
775 695 900 732 divino
933 693 1111 731 beneficio
1140 693 1289 736 reluxit,
1318 705 1394 729 non
1423 696 1500 728 tam
1527 691 1697 727 homines

179 769 288 817 ipsos,
331 777 440 814 quam
486 762 554 799 Dei
590 761 713 811 potius
749 760 788 796 in
823 759 898 795 illis
934 757 1109 808 pro-(fol.
1149 755 1443 803 37¹³)videntiam
1478 755 1703 798 intueamur,

180 836 226 872 et,
262 830 292 866 si
319 827 407 878 quid
436 827 635 863 humanum
663 825 700 861 in
728 824 804 860 illis
831 821 1154 872 deprehendimus,
1188 820 1226 857 id
1256 833 1330 856 non
1360 818 1530 869 equidem
1567 817 1615 854 ad
1642 817 1699 867 ip-

182 907 303 931 sorum
341 890 612 934 contumeliam,
650 888 712 925 sed
740 887 786 924 ad
814 891 979 924 nostram
1007 885 1173 935 ipsorum
1202 883 1508 926 admonitionem,
1535 880 1700 931 adeoque

178 966 213 995 et
240 958 284 994 ad
314 962 477 994 nostram
504 955 541 991 in
572 952 708 990 nostris
735 963 882 1001 quoque
908 949 1040 987 erratis
1069 947 1362 986 consolationem
1385 946 1599 984 referamus,
1627 945 1698 982 Pro

177 1022 251 1058 illis
288 1033 371 1057 vero
410 1017 595 1055 Ecclesiae
629 1015 832 1053 luminibus
871 1013 948 1051 Deo
987 1016 1116 1050 nostro
1153 1011 1293 1061 gratias
1330 1023 1495 1060 agamus,
1533 1021 1626 1060 quae
1653 1007 1700 1045 ad

179 1083 440 1122 restituendam
487 1080 692 1129 Euangelio
737 1078 877 1116 Christi
912 1078 1032 1114 lucem
1063 1081 1107 1114 'et
1144 1076 1364 1125 dignitatem
1402 1087 1506 1112 suam
1541 1073 1701 1111 excitata

179 1162 256 1186 esse
290 1160 365 1184 non
403 1146 624 1182 dubitamus.
681 1143 758 1180 Alii
797 1148 917 1179 autem
953 1141 1117 1178 vicissim
1147 1153 1222 1178 non
1250 1151 1367 1190 aequo
1395 1143 1541 1176 tantum
1579 1138 1699 1175 ferent

180 1213 315 1255 animo,
351 1211 410 1248 sed
449 1209 732 1258 gratulabuntur
769 1208 891 1252 etiam,
934 1207 966 1243 si
1005 1218 1103 1243 nunc
1140 1217 1288 1256 quoque
1323 1209 1408 1255 post
1441 1203 1581 1254 primos
1617 1202 1701 1238 illos

180 1276 387 1313 revelentur
420 1274 513 1316 aliis,
559 1285 650 1322 quae
679 1272 855 1308 hactenus
884 1271 981 1307 forte
1008 1270 1054 1307 ad
1082 1269 1232 1320 plenum
1260 1268 1382 1305 adhuc
1409 1267 1594 1318 patefacta
1623 1278 1699 1302 non

182 1346 297 1377 erant.
351 1339 409 1376 Ita
446 1338 620 1375 nimirum
655 1336 718 1373 alii
745 1336 784 1372 in
821 1335 904 1372 aliis
941 1334 1060 1371 Deum
1087 1333 1225 1384 pariter
1251 1332 1486 1369 laudabimus
1524 1336 1559 1368 et
1596 1331 1700 1367 inex-

184 1404 352 1440 haustum
382 1404 420 1438 in
448 1402 527 1452 ipso
556 1401 739 1437 donorum
765 1400 907 1436 fontem
935 1403 1143 1435 reverenter
1170 1409 1427 1446 agnoscemus.
1456 1395 1516 1432 Ad
1544 1394 1701 1432 eundem

185 1467 333 1504 modum
370 1466 483 1514 igitur
519 1472 553 1501 et
580 1466 618 1501 in
644 1463 936 1500 Sacramentaria
965 1462 1034 1499 hac
1063 1460 1314 1498 controversia
1353 1462 1630 1496 sacrosanctam
1656 1458 1702 1494 il-

182 1532 302 1567 lorum
329 1531 542 1567 memoriam
572 1529 784 1572 habeamus,
819 1540 884 1578 per
911 1540 1004 1577 quos
1032 1526 1131 1564 Deus
1158 1525 1378 1576 productam
1404 1525 1443 1561 in
1460 1525 1579 1561 lucem
1600 1528 1703 1560 tran·-

183 1594 505 1633 substantiationis
544 1593 769 1644 impietatem
806 1605 825 1629 c
853 1592 974 1629 medio
1013 1590 1177 1631 sustulit,
1212 1594 1249 1627 et
1285 1589 1425 1638 gratias
1459 1588 1703 1626 nihilominus

188 1660 265 1697 Deo
302 1672 464 1708 agamus,
493 1659 522 1695 si
550 1658 639 1708 quid
667 1663 750 1708 post
777 1657 860 1694 illos
888 1656 998 1693 nobis
1038 1655 1184 1706 plenius
1211 1654 1335 1704 aliquo
1364 1653 1474 1691 modo
1503 1652 1702 1690 revelatum

182 1725 362 1762 videmus.

240 1790 338 1837 Ergo
367 1789 427 1838 qui
453 1787 887 1825 transubstantiationem
915 1785 1025 1837 primi
1053 1785 1267 1822 subvertere
1294 1787 1381 1820 sunt
1408 1782 1586 1831 aggressi,
1615 1794 1704 1818 con-

190 1854 383 1891 nexionem
421 1854 474 1890 illi
510 1853 555 1889 ad
601 1852 827 1889 retinendam
875 1852 1199 1888 sacramentorum
1244 1848 1464 1898 dignitatem
1502 1847 1584 1895 (fol.
1622 1848 1705 1893 382)

189 1919 410 1956 substituere
437 1918 668 1962 studuerunt,
696 1930 779 1953 cum
806 1916 944 1966 alioqui
973 1928 1045 1953 non
1077 1914 1257 1958 deessent,
1284 1912 1347 1963 qui
1376 1913 1612 1949 Sacramenta
1637 1923 1705 1948 no-

190 1988 263 2019 stra
302 1983 417 2018 civilis
448 1983 626 2018 duntaxat
655 1981 946 2017 conversationis
975 1985 1122 2017 nostrae
1150 1979 1268 2027 signa,
1295 1990 1415 2028 neque
1442 1975 1705 2027 quoquomodo

189 2047 390 2084 necessaria
418 2059 508 2090 csse,
537 2047 720 2084 docerent.
757 2046 868 2083 Hanc
895 2058 1004 2096 porro
1035 2044 1306 2082 connexionem
1335 2045 1505 2079 constare
1534 2040 1706 2077 dicebant

189 2111 310 2148 divina
356 2111 513 2163 quadam
559 2111 818 2148 coniunctione
861 2111 912 2148 rei
958 2110 1189 2159 significatae
1232 2121 1314 2146 cum
1360 2106 1458 2156 signi
1503 2104 1709 2148 elementis,

188 2187 295 2223 quam
323 2175 500 2211 unionem
528 2175 838 2211 Sacramentalem
866 2174 1064 2219 vocabant,
1091 2186 1162 2224 qua
1190 2172 1363 2210 nimirum
1393 2171 1508 2215 fieret,
1534 2173 1575 2207 ut
1599 2168 1705 2219 panis

191 2251 323 2275 caenae
359 2252 441 2276 vere
473 2252 516 2276 ac
552 2239 697 2276 realiter
733 2240 771 2275 in
808 2239 1016 2276 substantia
1052 2251 1127 2275 non
1163 2236 1271 2288 panis
1310 2239 1455 2273 tantum
1493 2238 1587 2271 esset
1620 2233 1707 2276 iam,

193 2303 255 2339 scd
290 2304 397 2340 etiam
428 2304 590 2340 naturale
617 2304 737 2354 ipsum
767 2316 897 2352 corpus
927 2303 1084 2349 Christi3
1115 2305 1360 2352 coeptumque
1405 2304 1460 2336 est
1497 2298 1541 2335 de
1569 2297 1707 2334 identi-

192 2368 343 2413 tatibus,
386 2373 427 2405 ut
474 2375 617 2411 vocant,
663 2369 856 2418 disputari,
905 2374 1054 2419 coeptae
1088 2368 1201 2405 etiam
1237 2365 1396 2417 proferri
1444 2362 1706 2402 similitudines

194 2432 384 2480 quaedam,
419 2445 546 2482 nempe
583 2433 669 2469 ferri
707 2432 899 2469 candentis
935 2437 970 2470 et
1006 2433 1178 2484 pleraque
1215 2431 1292 2468 eius
1320 2429 1479 2479 generis.
1533 2427 1582 2464 Et
1623 2439 1705 2463 cum

194 2496 307 2531 multa
335 2496 575 2532 nihilominus
603 2498 639 2533 in
669 2497 736 2533 hac
755 2497 822 2533 tali
841 2497 980 2534 unione
999 2497 1136 2534 multos
1156 2496 1265 2533 etiam
1287 2493 1525 2538 offenderent,
1543 2504 1637 2542 quae
1655 2512 1706 2518 —

195 2560 263 2597 sita
300 2568 352 2596 est
389 2559 530 2596 demum
559 2565 593 2597 et
621 2562 691 2598 alia
719 2561 870 2598 unionis
898 2561 1004 2605 ratio,
1032 2574 1162 2611 nempe
1191 2564 1229 2597 ut
1256 2560 1335 2609 ipsa
1366 2557 1530 2608 corporis
1558 2560 1593 2593 et
1621 2568 1706 2592 san-

193 2624 316 2672 guinis
345 2623 482 2660 Christi
511 2625 686 2661 naturalis
714 2625 921 2662 substantia
951 2625 1132 2662 diceretur
1160 2637 1238 2661 csse
1265 2623 1304 2660 in
1334 2635 1467 2659 caenae
1495 2619 1705 2658 dominicae

193 2687 383 2726 clementis
418 2700 499 2725 vere
525 2687 669 2736 quidem
697 2693 733 2726 et
761 2689 916 2734 realiter,
945 2703 1021 2727 non
1048 2693 1171 2726 tamen
1198 2687 1366 2725 localiter
1403 2699 1522 2736 neque
1558 2688 1708 2722 natura-

194 2753 289 2796 liter,
316 2751 378 2789 scd
407 2751 607 2788 diffinitive.

248 2820 296 2854 At
324 2829 408 2853 vero
437 2829 482 2852 ne
509 2816 597 2852 hacc
623 2815 768 2864 quidem
798 2817 985 2854 diffinitiva
1014 2816 1242 2867 praesentiae
1270 2815 1587 2864 connexionisque
1613 2812 1709 2850 ratio

193 2882 403 2918 satisfacere
431 2879 603 2916 omnibus
630 2880 759 2929 potuit.
815 2880 1092 2930 Qualiscunque
1118 2881 1214 2917 enim
1243 2879 1331 2917 unio
1359 2877 1541 2917 eiusmodi
1570 2880 1708 2915 statue-
