1818 3178
165 119 237 156 326

164 229 288 268 verbis
324 227 561 280 perspicuum
595 229 664 269 est,
698 230 863 269 nostram
901 239 986 264 cum
1013 227 1160 266 Christo
1188 228 1402 266 societatem
1429 241 1493 266 seu
1520 241 1684 267 commu·

166 294 328 339 nionem,
363 296 547 343 quatenus
581 291 638 328 illi
674 304 743 329 nos
781 291 973 330 coniuncti
1000 305 1139 337 sumus,
1165 306 1242 331 non
1268 293 1438 344 equidem
1466 306 1686 344 corpora-

164 358 276 401 lem,
310 369 403 407 quae
437 355 559 393 earnis
597 355 863 393 coniunctione
900 357 1078 404 con-(fol.
1108 358 1260 404 93)stet,
1286 357 1350 395 sed
1378 358 1686 408 spiritualem

165 436 185 459 a
223 421 362 470 Cyrillo
392 419 530 457 vocari.
582 419 728 458 Diserte
755 419 855 458 enim
882 420 934 457 ait
962 420 1138 470 Cyrillus,
1162 434 1232 459 nos
1258 435 1322 472 per
1347 422 1460 460 fidem
1486 426 1522 460 et
1548 423 1688 460 sancti-

164 489 290 530 tatem,
326 497 400 522 non
438 487 563 522 autem
597 484 837 534 corporaliter
866 483 987 521 carnis
1016 484 1292 531 communione,
1320 486 1467 524 Christo
1496 486 1689 536 conjungi,

166 548 251 585 dato
288 547 465 585 nimirum
500 547 611 585 nobis
648 547 781 598 spiritu
818 560 896 592 suo,
923 550 959 584 et
984 550 1158 597 paternae
1183 548 1287 586 illum
1316 553 1352 586 et
1379 563 1466 587 suae
1493 549 1690 587 divinae

164 614 320 648 naturae
355 609 661 647 affinitatem
696 609 807 646 nobis
843 609 971 658 largiri
1007 613 1120 660 atque
1154 609 1207 647 ita
1243 623 1312 648 nos
1351 611 1424 648 sibi
1451 611 1693 660 coniungere,

167 677 209 711 ut
243 687 308 724 per
344 674 473 711 datum
509 674 621 719 nobis
658 674 829 725 spiritum
866 687 971 712 suum
1012 674 1048 712 et
1083 674 1162 725 ipse
1201 675 1248 712 sit
1284 675 1324 713 in
1352 676 1461 713 nobis
1489 676 1526 714 et
1553 689 1621 714 nos
1648 677 1688 714 in

162 738 242 786 illo,
270 738 584 788 quemadmodum
609 739 772 778 Ioannes
802 739 908 777 docet
936 742 979 787 ¹).
1017 739 1212 778 Hactenus
1241 740 1403 790 Cyrillus
1431 741 1476 778 de
1503 741 1689 792 spirituali

165 808 292 841 nostra
322 816 406 841 cum
434 804 584 842 Christo
611 804 774 842 Domino
803 804 980 842 societate
1007 818 1072 843 seu
1101 805 1375 843 communione.
1421 805 1477 843 De
1506 806 1690 856 corporali

164 881 250 905 vero
290 868 429 907 Christi
464 869 659 907 nobiseum
697 874 733 907 et
769 874 897 908 nostra
926 882 1009 907 cum
1036 869 1100 907 illo
1132 870 1393 908 communione
1421 870 1540 916 docet,
1568 870 1689 908 carnis

162 931 282 976 illum,
308 945 384 970 non
413 935 537 970 autem
565 933 717 983 spiritus
743 934 1029 984 participatione
1057 938 1239 972 constare.
1285 933 1351 972 Ait
1378 934 1478 972 enim
1505 934 1561 982 (id
1589 934 1690 985 quod

163 995 402 1047 Westphalus
429 1010 577 1048 quoque
604 998 792 1047 agnoscit)
822 998 1011 1036 Christum
1039 1011 1116 1036 non
1145 998 1386 1049 spiritualiter
1411 1003 1570 1041 tantum,
1597 1013 1689 1050 qua-

162 1065 269 1099 tenus
306 1061 379 1098 sibi
414 1074 483 1099 nos
520 1061 713 1111 coniungit
748 1075 813 1113 per
847 1076 954 1100 suum
992 1062 1177 1113 spiritum,
1204 1063 1267 1100 sed
1297 1063 1537 1114 corporaliter
1564 1063 1690 1109 etiam,

166 1124 288 1162 carnis
324 1125 496 1162 videlicet
530 1126 827 1177 participatione,
863 1126 974 1164 nobis
1010 1127 1062 1164 ita
1091 1127 1334 1164 coniunctum
1361 1141 1453 1171 esse,
1480 1132 1522 1164 ut
1548 1132 1583 1164 et
1611 1127 1689 1178 ipse

162 1189 203 1226 in
238 1188 349 1226 nobis
385 1196 532 1226 maneat
565 1194 600 1227 et
635 1202 704 1228 nos
743 1190 783 1228 in
819 1190 914 1240 ipso.
970 1190 1114 1228 Deinde
1150 1191 1260 1241 paulo
1297 1195 1382 1241 post
1417 1191 1582 1241 exponit,
1609 1204 1690 1228 eam

160 1253 281 1302 ipsam
318 1254 623 1304 corporalem
660 1254 800 1292 Christi
836 1254 1034 1292 nobiscum
1061 1255 1101 1292 in
1133 1268 1243 1292 carne
1272 1256 1572 1292 communionem
1600 1268 1690 1293 con-

161 1323 258 1355 stare
295 1318 478 1356 humanae
505 1323 654 1356 nostrae
681 1323 836 1357 naturae
862 1332 926 1370 per
955 1319 1145 1357 Christum
1174 1324 1385 1371 assumptae
1410 1320 1688 1359 identitate.

160 1381 287 1419 Verba
325 1382 457 1431 Cyrilli
492 1382 545 1419 sic
579 1382 735 1426 habent:
767 1399 785 1416 u
799 1384 858 1420 An
896 1396 972 1420 non
1009 1383 1273 1421 convenienter
1311 1383 1386 1420 dici
1413 1388 1549 1434 potest,
1577 1384 1689 1421 vitem

163 1461 181 1478 a
195 1444 464 1483 humanitatem
502 1446 579 1483 eius
615 1459 694 1484 esse
731 1450 766 1485 et
803 1460 871 1485 nos
899 1447 1068 1498 palmites
1094 1452 1300 1499 propter
1329 1453 1482 1486 naturae
1509 1449 1689 1487 identi-

164 1511 371 1547 utatem?
425 1510 602 1548 Eiusdem
647 1512 745 1549 enini
784 1516 939 1550 naturae
981 1518 1069 1550 sunt
1107 1514 1194 1551 vitis
1222 1518 1257 1551 et
1285 1514 1457 1564 palmites
1486 1514 1690 1559 (humanae

167 1574 458 1623 api-oculcmbio,
485 1580 668 1625 quatenus
697 1576 808 1614 vitem
835 1577 1103 1614 humanitatem
1131 1590 1230 1614 essse
1262 1578 1399 1624 docet).
1439 1578 1498 1615 Ita
1526 1582 1561 1615 ct
1581 1578 1690 1628 spiri-

166 1640 345 1677 utualiter
373 1643 409 1677 et
438 1640 678 1690 corporaliter
706 1654 774 1678 nos
801 1641 984 1692 palmites,
1011 1645 1046 1679 et
1076 1641 1248 1679 Christus
1276 1642 1362 1679 vitis
1390 1642 1485 1680 est.''
1516 1642 1620 1679 Haec
1638 1642 1691 1679 ita.

163 1703 324 1753 Cyrillus
353 1704 397 1741 de
425 1704 608 1754 corporali
637 1704 777 1742 Christi
805 1705 1002 1742 nobiscum
1029 1718 1093 1755 per
1127 1705 1249 1742 carnis
1279 1705 1493 1743 societatem
1522 1718 1690 1742 commu-

162 1766 287 1804 nione.
342 1766 419 1804 Hic
452 1767 567 1816 igitur
603 1767 696 1804 50110
724 1768 847 1812 velim,
872 1767 1028 1805 ubinam
1062 1768 1295 1818 Westphalus
1323 1768 1508 1816 originem
1533 1781 1576 1805 ac
1604 1768 1689 1805 fon-

160 1835 236 1868 tem
269 1830 391 1881 ipsum
435 1830 638 1869 constituat
682 1835 831 1869 nostrae
881 1831 991 1869 huius
1027 1832 1112 1880 (fol.
1150 1833 1215 1879 94)
1263 1831 1543 1882 corporalis
1584 1831 1691 1869 iuxta

164 1901 316 1934 naturae
360 1900 509 1934 nostrae
562 1896 746 1934 humanae
795 1896 1110 1935 identitatem
1148 1910 1232 1934 cum
1268 1896 1618 1934 Christ0·D01nino
1655 1900 1691 1934 et

160 1961 261 1998 illius
304 1960 500 1998 nobiscum
538 1960 827 1999 coniunctionis.
890 1961 1051 2010 Cyrillus
1086 1974 1175 1999 sane
1211 1961 1340 1999 eodem
1378 1961 1459 2012 ipso
1499 1961 1618 2012 capite
1656 1966 1691 1999 et

163 2026 255 2063 alibi
288 2026 407 2062 multo
444 2025 567 2063 adhuc
601 2026 826 2063 luculentius
861 2039 943 2063 eam
979 2026 1163 2076 originem
1193 2039 1342 2064 causam
1369 2039 1412 2064 ac
1440 2027 1584 2064 fontem
1612 2039 1691 2064 esse

164 2090 336 2139 agnoscit
365 2091 640 2141 corporalis
668 2091 777 2128 istius
803 2096 953 2128 nostrae
982 2104 1066 2128 011111
1095 2091 1245 2128 Christo
1275 2091 1562 2136 communionis,
1589 2091 1691 2141 quod

165 2153 351 2202 unigeniti
387 2166 471 2191 caro
505 2154 555 2191 in
590 2167 646 2191 no
662 2153 737 2191 bis
768 2155 871 2191 *facta
913 2154 961 2192 sit
997 2154 1093 2192 vitae
1130 2167 1228 2201 caro,
1254 2159 1492 2205 posteaquam
1521 2153 1691 2191 videlicet

168 2218 373 2255 Verbum
421 2217 566 2263 Deus,
601 2219 699 2255 facta
736 2231 779 2256 ex
830 2231 940 2256 carne
985 2223 1113 2256 nostra
1156 2231 1254 2263 caro,
1290 2218 1327 2256 in
1368 2218 1477 2256 nobis
1524 2217 1692 2256 habitare

170 2283 289 2333 coepit
317 2282 361 2330 2).
416 2283 503 2319 Hoc
538 2283 570 2320 si
606 2283 845 2334 Westphalus
881 2284 1064 2332 agnoscit,
1104 2296 1175 2334 qua
1204 2284 1328 2321 fronte
1356 2288 1478 2332 negat,
1508 2282 1690 2332 cyrillum

169 2348 282 2384 citato
317 2347 356 2384 in
390 2348 576 2398 Apologia
613 2348 732 2399 capite
766 2348 870 2398 loqui
905 2349 949 2385 de
975 2362 1017 2385 ea
1045 2348 1185 2385 Christi
1213 2348 1408 2385 nobiscum
1438 2346 1688 2397 corporali

168 2412 440 2458 communione,
480 2426 551 2462 qua
590 2425 673 2449 caro
709 2412 895 2461 unigeniti
931 2413 1030 2449 facta
1058 2417 1112 2449 est
1138 2412 1185 2449 in
1214 2412 1379 2458 nobis,
1406 2415 1594 2461 assumpta
1624 2424 1689 2448 na-

167 2479 273 2512 turae
311 2480 457 2513 nostrae
491 2477 699 2515 identitate.
727 2477 824 2514 vitae
853 2490 935 2514 caro
965 2490 1027 2527 per
1055 2476 1217 2521 verbi,
1242 2477 1279 2513 in
1309 2488 1381 2526 quo
1410 2476 1485 2512 vita
1512 2480 1602 2520 erat,
1628 2475 1689 2512 in-

169 2540 448 2577 carnationem?
485 2554 568 2578 cum
606 2541 767 2591 Cyrillus
803 2554 973 2592 expresse
1015 2541 1124 2587 dicat,
1163 2541 1353 2579 Christum
1381 2539 1584 2577 Dominum
1612 2553 1692 2576 csse

168 2603 281 2640 vitem
308 2608 472 2641 nostram
501 2610 536 2641 ct
564 2619 632 2642 1105
660 2605 775 2656 ipsius
803 2605 986 2655 palmites,
1013 2619 1088 2642 11011
1115 2609 1262 2643 tantum
1283 2604 1523 2655 spiritualiter
1538 2609 1690 2653 proptor

169 2667 320 2718 spiritus
359 2668 415 2704 sui
451 2669 784 2719 participationem,
819 2683 883 2720 per
910 2683 1021 2719 quem
1049 2683 1118 2706 nos
1145 2670 1207 2706 ille
1234 2668 1306 2706 sibi
1335 2667 1540 2710 coniunxit,
1569 2681 1687 2717 neque

168 2733 256 2770 item
290 2736 441 2783 propter
481 2732 602 2770 datam
642 2734 752 2772 nobis
786 2735 832 2771 ab
868 2734 949 2785 ipso
978 2738 1151 2785 paternae
1187 2738 1222 2772 et
1256 2746 1340 2770 suae
1366 2732 1503 2783 pariter
1532 2731 1690 2769 Divinae

214 2872 237 2910 ¹)
263 2871 279 2901 1
304 2871 393 2902 Ioan.
416 2872 445 2903 4.
901 2873 928 2912 ⁶²)
952 2873 1041 2905 Ioan.
1066 2873 1094 2905 1.
