1818 3178
622 107 737 136 punc.
768 107 858 136 nix.
888 108 1085 137 FRANcoF.
1545 103 1616 138 265

88 208 194 260 loqui
229 208 274 247 de
309 209 524 247 manufacta
558 222 685 247 mensa
722 223 786 260 per
823 223 861 247 se
895 210 985 253 ulla,
1022 223 1244 261 quacunque
1279 211 1433 250 materia
1462 216 1620 257 constet,

89 277 131 310 ut
166 274 206 310 in
234 274 297 310 illa
323 273 482 310 terrenis
512 285 646 311 coenae
673 274 877 320 elementis,
904 274 992 324 pani
1019 274 1170 325 inquam
1201 279 1236 313 et
1265 276 1364 322 vino,
1401 289 1534 326 corpus
1560 276 1619 327 ip-

91 351 175 375 sum
211 341 247 375 et
281 337 502 385 sanguinem
540 337 680 376 Christi
715 339 862 376 realiter
900 340 1215 389 corporaliterque
1243 344 1442 378 connectat
1471 345 1534 377 aut
1560 341 1619 378 in-

91 402 226 447 cludat,
271 401 335 439 sed
371 401 554 452 respicere
588 402 713 453 potius
748 403 966 452 mysterium
1002 404 1126 454 ipsum
1163 407 1354 452 ve-(56)re
1384 407 1412 452 ¹)
1451 405 1619 443 divinum

89 480 132 504 ac
167 469 337 503 sanctum
366 465 587 503 Dominicae
616 467 878 511 institutionis,
905 480 1036 517 nempe
1063 481 1188 505 veram
1215 482 1258 505 ac
1286 469 1498 513 salutarem,
1524 483 1619 520 quae

88 529 162 566 fide
197 529 276 566 sola
313 529 615 580 apprehenditur,
653 530 819 580 corporis
846 534 882 568 et
910 530 1104 579 sanguinis
1134 531 1276 569 Christi
1303 533 1617 572 communionem.

90 593 202 631 Cuius
230 593 402 644 equidem
431 594 598 643 mysterii
627 595 743 632 solius
770 600 952 645 respectu,
979 609 1108 632 mensa
1136 596 1301 646 quaevis,
1331 610 1455 634 sacrae
1481 597 1536 634 illi
1554 610 1617 634 ac-

86 659 183 698 tioni
218 658 402 704 adhibita,
430 659 557 696 divina
585 665 619 697 et
649 664 777 697 sancta
806 671 882 696 non
910 660 1095 697 immerito
1126 665 1301 707 vocatur-3
1330 661 1617 713 haudquaquam

86 723 227 773 alioqui
254 723 433 769 vocanda,
461 724 535 761 nisi
564 723 673 761 huius
703 723 817 761 solius
846 725 1014 773 mysterii
1041 731 1225 775 respectu.
1266 726 1387 764 Quid!
1417 727 1518 778 quod
1547 728 1616 765 sub

87 800 236 825 mensae
272 801 421 838 quoque
457 787 678 825 Dominicae
714 801 777 825 seu
815 788 972 825 Divinae
1009 789 1160 826 1101111110
1195 790 1345 840 plenum
1384 803 1427 827 ac
1455 791 1617 829 solidum

87 864 224 889 coenae
257 855 529 889 sacramentum
564 852 688 902 ipsum
725 851 886 900 intelligi
919 853 1068 903 potest?
1107 853 1153 889 ad
1191 867 1300 903 quem
1339 868 1426 892 sane
1463 856 1616 893 modum

86 920 121 954 et
149 931 170 954 a
196 916 366 967 patribus
395 916 617 954 orthodoxis
644 917 794 967 pluries,
822 920 859 953 et
886 917 932 953 ab
961 916 1042 967 ipso
1071 917 1183 954 etiam
1212 918 1341 965 Paulo,
1367 933 1517 958 mensae
1539 920 1616 958 Do-

85 980 244 1018 minicae
270 993 344 1018 vox
372 980 506 1017 diserte
534 984 745 1030 usurpatur,
773 980 860 1017 dum
887 984 923 1018 et
951 980 1172 1018 Dominicae
1201 981 1312 1019 simul
1338 986 1373 1020 01
1402 984 1617 1022 daemonio-

85 1057 167 1081 rum
204 1057 353 1082 mensae
390 1044 690 1081 communionem
728 1045 804 1081 sive
840 1044 1055 1082 societatem
1091 1044 1221 1082 haberi
1246 1059 1356 1096 posse
1382 1052 1507 1096 negat.
1563 1049 1616 1086 Ut

85 1111 122 1147 et
158 1120 228 1146 nos
264 1107 304 1145 in
343 1108 507 1145 Canonis
543 1108 652 1145 istius
681 1108 803 1146 verbis
841 1109 910 1146 sub
938 1108 1096 1146 Divinae
1123 1122 1166 1146 ac
1194 1115 1343 1147 sanctae
1369 1124 1518 1149 mensae
1546 1125 1615 1149 no-

85 1175 198 1220 mine,
233 1177 356 1225 patres
393 1172 626 1210 orthodoxos
654 1178 690 1209 et
716 1173 876 1210 Paulum
902 1172 1025 1223 ipsum
1054 1174 1184 1218 secuti,
1210 1174 1359 1224 plenam
1386 1188 1430 1212 ac
1457 1176 1616 1214 solidam

86 1239 226 1276 Christi
255 1237 409 1275 Domini
436 1239 521 1286 (57)
549 1237 843 1284 institutionem,
868 1237 941 1274 hoc
968 1241 1035 1284 est,
1063 1242 1098 1275 et
1127 1239 1276 1288 signum
1303 1240 1443 1290 pariter
1471 1246 1507 1277 et
1533 1254 1615 1291 my-

85 1303 239 1342 sterium
275 1316 412 1340 coenae
437 1302 707 1351 intelligamus.
763 1302 823 1340 Ita
851 1302 1030 1340 nimirum
1057 1304 1294 1342 verissimum
1323 1308 1390 1346 est,
1418 1305 1458 1342 in
1486 1310 1615 1343 sancta

84 1383 127 1407 ac
155 1369 281 1406 divina
307 1381 436 1406 mensa
462 1368 540 1414 illa,
568 1367 640 1405 hoc
666 1371 734 1414 est,
760 1368 800 1405 111
828 1369 986 1418 mystico
1017 1381 1154 1407 coenae
1182 1369 1402 1410 Dominicae
1430 1371 1615 1416 convivio,

81 1433 243 1485 proponi
278 1436 428 1470 nostrae
464 1432 551 1469 fidei
589 1432 826 1477 intuendum,
862 1433 1028 1483 adeoque
1063 1437 1098 1471 et
1134 1433 1333 1478 edendum,
1368 1435 1614 1474 innocentiss.

81 1511 221 1547 agnum
247 1497 368 1541 illum,
395 1497 587 1534 Christum
614 1496 832 1543 Dominum,
867 1497 1062 1535 tollentem
1089 1503 1283 1548 peccatum
1312 1499 1454 1543 mundi,
1483 1513 1614 1550 quem-

85 1563 286 1600 admodum
317 1563 448 1600 Canon
479 1563 600 1599 docet.

134 1627 279 1682 Deinde
313 1628 352 1665 id
389 1640 536 1678 quoque
573 1626 850 1665 observandum
886 1631 959 1671 est,
995 1628 1096 1678 quod
1132 1641 1200 1666 nos
1231 1629 1360 1666 Canon
1389 1629 1451 1667 hic
1476 1643 1613 1681 propo-

84 1691 155 1729 sito
195 1692 234 1728 in
269 1704 397 1729 mensa
426 1691 506 1734 hac,
535 1690 605 1727 hoc
634 1694 702 1736 est,
728 1690 768 1728 in
797 1703 913 1727 coena
941 1690 1107 1737 Domini,
1135 1691 1223 1742 pani
1250 1697 1286 1729 et
1313 1693 1447 1743 poculo
1476 1694 1613 1731 adhae-

82 1769 161 1794 rere
198 1756 306 1802 nolit,
339 1756 476 1793 nedum
515 1759 557 1793 ut
594 1755 796 1805 quicquam
833 1755 877 1792 de
906 1758 1147 1793 controversa
1174 1761 1436 1795 accusatorum
1465 1763 1614 1796 nostro-

82 1834 165 1858 rum
202 1820 455 1858 delitescentia
492 1824 554 1857 aut
592 1819 823 1870 ubiqueitate
861 1833 924 1857 seu
952 1820 1027 1857 oris
1057 1821 1218 1858 carnalis
1248 1821 1328 1859 sine
1356 1822 1429 1859 fide
1456 1822 1615 1860 mandu-

84 1885 230 1922 catione
267 1885 420 1933 cogitet,
455 1884 519 1922 sed
553 1883 753 1921 adhaerere
789 1883 992 1934 propositis
1022 1897 1157 1922 coenae
1184 1885 1376 1923 elementis
1404 1899 1480 1923 rem
1509 1891 1617 1925 vocat

83 1949 260 1986 humilem
295 1953 406 1999 atque
440 1948 637 1994 abiectam,
674 1961 784 1998 quam
814 1948 1052 1997 Augustinus
1080 1949 1192 1986 etiam
1220 1950 1390 1987 servilem
1416 1951 1616 1988 infirmita-

81 2017 157 2050 tem
184 2025 264 2050 esse
292 2013 412 2050 docet.
465 2011 559 2049 Vult
584 2015 709 2049 autem
736 2011 798 2049 hic
827 2012 972 2058 Canon,
998 2016 1052 2058 ut,
1081 2013 1227 2050 sublata
1255 2013 1294 2050 in
1320 2014 1434 2051 altum
1465 2014 1513 2051 ab
1541 2016 1616 2052 ele-

81 2077 217 2114 mentis
252 2076 425 2114 videlicet
461 2080 584 2113 mente
620 2079 750 2113 nostra
776 2089 840 2127 per
868 2077 994 2119 fidem,
1021 2079 1106 2125 (58)
1138 2077 1429 2124 consideremus,
1456 2080 1616 2130 proponi

83 2141 194 2180 nobis
235 2142 276 2179 in
313 2146 442 2179 saneta
474 2154 604 2178 mensa
640 2141 718 2185 illa,
755 2140 826 2178 hoc
862 2144 930 2186 031,
965 2141 1004 2178 111
1043 2154 1157 2178 coena
1192 2142 1284 2192 ipsa,
1322 2144 1474 2191 Agnum
1508 2143 1615 2180 illum

81 2207 276 2244 tollentem
311 2210 503 2257 peccatum
540 2205 684 2244 mundi.
722 2205 826 2242 cuius
856 2205 1067 2242 venerando
1099 2218 1253 2255 corpore
1280 2209 1316 2243 et
1343 2207 1526 2255 sanguine
1551 2220 1618 2257 per

82 2271 207 2316 fidem,
243 2284 308 2321 per
343 2284 455 2321 quam
491 2283 596 2307 mens
633 2272 762 2307 nostra
798 2269 838 2306 in
867 2269 983 2306 altum
1012 2269 1188 2306 subvecta
1217 2273 1283 2315 est,
1310 2283 1506 2320 pascamur
1533 2283 1618 2308 vere

84 2337 131 2374 ad
168 2335 287 2373 nostri
324 2334 671 2379 sanctificationem,
708 2346 784 2370 non
804 2338 943 2374 =autem
973 2333 1018 2369 ad
1048 2333 1214 2384 corporis
1243 2334 1362 2371 nostri
1388 2334 1524 2372 famem
1551 2347 1616 2371 ex-

81 2400 270 2452 plendam.
325 2399 430 2437 Quid
467 2411 566 2444 vero,
603 2398 773 2444 obsecro,
809 2397 944 2435 clarius
983 2397 1056 2435 diei
1091 2399 1227 2449 potuit,
1262 2398 1308 2436 ad
1336 2399 1617 2450 approbandam

84 2469 251 2503 nostram
289 2464 500 2502 doctrinam
536 2467 572 2501 et
608 2462 806 2500 refutanda
847 2467 1088 2500 controversa
1115 2467 1372 2502 accusatorum
1402 2469 1616 2503 nostrorum

83 2531 286 2581 dogmata?
330 2530 404 2568 nisi
440 2528 541 2580 quod
577 2528 633 2565 illi
670 2528 739 2565 sub
777 2540 926 2565 mensae
964 2527 1065 2565 illius
1104 2533 1253 2566 sanctae
1289 2528 1509 2580 divinaeque
1547 2541 1616 2566 no-

83 2643 209 2674 divinae
235 2646 265 2674 et
291 2645 419 2673 sanetae
447 2652 569 2672 mem-ae
598 2641 720 2672 momine
742 2643 838 2671 tolum
856 2642 972 2681 procul
993 2640 1085 2672 (lubio
1107 2651 1220 2671 coenae
1243 2641 1427 2672 Dominicae
1447 2651 1620 2671 sacy-amen-

84 2700 149 2728 tum
177 2698 369 2739 desiynatur,
398 2698 428 2728 Ιι.
458 2708 483 2728 e.
505 2698 603 2737 plena
631 2696 788 2726 institutio
823 2695 946 2727 Christi.
993 2695 1117 2737 Quibus
1141 2696 1246 2727 verbis
1270 2696 1377 2727 statim
1401 2695 1617 2736 subiungitur:

88 2752 210 2784 Deinde
232 2753 268 2784 id
289 2764 407 2795 quoque
429 2752 651 2784 observandum
674 2754 728 2782 est.

131 2809 155 2846 ¹)
179 2808 217 2839 In
246 2808 417 2850 exemplari
446 2807 594 2838 editionis
622 2807 841 2844 Basilae'e'nsis‚
875 2818 936 2848 quo
965 2818 1038 2838 usus
1062 2819 1148 2845 sum,
1182 2808 1401 2839 desiderantur
1426 2819 1457 2849 p.
1485 2807 1618 2838 56—61.

85 2863 189 2904 Igitur
212 2874 270 2906 pro
292 2863 489 2906 reliquorum
512 2863 663 2896 foliorum
685 2863 810 2895 ratione
833 2873 923 2895 suam
946 2863 1058 2905 cuique
1080 2863 1222 2906 pagellae
1245 2863 1426 2907 portionem
1448 2862 1556 2895 tribui.
