1818 3178
262 517 796 594 PURGATIO
844 520 1555 596 MINISTRORUM

325 705 399 746 IN
419 705 701 758 EQCLESIIS
726 704 1038 746 PEREGRIN.
1070 704 1493 756 FRANCOFURTL
1530 724 1534 727 ·

149 868 334 907 adversus
371 880 500 907 eorum
540 857 781 915 calumnias,
826 865 894 920 qm·
924 865 1093 919 ipsorum
1125 866 1342 907 doctrinam
1374 868 1421 908 de
1455 868 1682 910 CHRISTI

234 937 395 979 Domini
431 937 471 978 in
513 951 629 977 coena
666 952 738 977 sua
767 938 998 990 praesentia
1036 938 1285 979 dissensionis
1321 944 1507 980 accusant
1537 941 1584 981 ab

593 1008 628 1048 A
641 1008 712 1049 UG
723 1008 928 1049 USTANA
965 1009 1039 1049 Con
1066 1009 1222 1050 essione.

365 1181 504 1218 Amore
531 1182 582 1217 D.
611 1180 828 1219 IOANNE
853 1180 879 1218 ὰ,
910 1181 1089 1228 LASCO,
1128 1183 1280 1221 Barone
1306 1185 1459 1222 Polono.

199 1536 511 1574 PUTAVIMUS
538 1550 618 1575 esse
643 1537 764 1574 nostri
791 1537 911 1582 officii,
937 1541 1014 1589 opt.
1044 1537 1191 1584 Lector,
1217 1542 1259 1576 ut
1288 1539 1538 1590 suspicionem
1560 1544 1672 1591 atque

150 1601 342 1646 invidiam,
379 1614 451 1651 qua
485 1600 605 1639 nostri
641 1601 793 1652 quidam
830 1601 1033 1640 adversarii
1069 1616 1138 1640 nos
1177 1603 1460 1654 doctrinamque
1497 1609 1677 1651 nostram,

153 1665 263 1703 nobis
291 1666 430 1716 alioqui
458 1679 541 1703 cum
570 1666 761 1703 Catholica
789 1666 932 1705 Christi
961 1667 1128 1705 Ecclesia
1157 1680 1404 1714 communem,
1433 1669 1562 1706 odiose
1587 1683 1674 1721 pas-

154 1729 222 1767 sim
260 1733 296 1767 et
330 1732 475 1779 praeter
511 1742 619 1766 omne
655 1733 821 1767 nostrum
853 1730 1025 1767 meritum
1061 1743 1216 1780 gravare
1254 1736 1450 1776 conantur,
1485 1732 1613 1783 paucis
1641 1736 1677 1771 et

154 1807 264 1845 quam
298 1793 569 1844 simplicissime
606 1806 626 1830 a
661 1794 770 1831 nobis
808 1794 1084 1845 depelleremus.
1139 1796 1371 1833 Accusamur
1406 1801 1541 1843 autem,
1577 1797 1675 1848 quod

155 1858 199 1896 de
243 1858 381 1895 Christi
426 1857 472 1896 D.
510 1857 549 1894 in
587 1870 698 1895 coena
743 1871 808 1895 sua
843 1859 1051 1909 praesentia
1093 1858 1140 1896 ab
1181 1860 1401 1909 Augustana
1440 1862 1674 1900 confessione

154 1922 435 1968 dissentiamus,
471 1926 507 1960 et
540 1926 667 1960 tamen
703 1922 788 1960 fuco
817 1923 976 1974 quodam
1006 1926 1090 1972 (10)
1119 1928 1286 1963 nostram
1315 1939 1398 1963 cum
1424 1926 1489 1964 illa
1518 1939 1676 1965 consen-

154 1987 296 2025 sionem
332 1986 590 2025 obtendamus.
644 1986 720 2024 Hic
757 1987 884 2036 igitur,
923 1988 992 2025 etsi
1019 1988 1225 2036 gaudemus
1254 1989 1438 2028 humanae
1464 1991 1537 2028 iam
1566 1990 1677 2028 nobis

157 2052 347 2089 doctrinae
380 2051 518 2102 potius,
553 2064 665 2102 quam
701 2051 806 2089 verbi
835 2051 966 2097 divini,
991 2053 1230 2091 autoritatem
1258 2054 1398 2105 opponi
1425 2057 1554 2106 (quam
1581 2055 1677 2092 alio-

154 2115 218 2165 qui
246 2128 266 2152 a
294 2115 403 2152 nobis
431 2119 528 2152 stare
555 2128 631 2152 non
660 2115 904 2165 dubitamus),
931 2120 1068 2161 tamen,
1097 2130 1180 2155 cum
1207 2131 1254 2156 ne
1281 2118 1350 2155 hac
1367 2119 1517 2170 quidem
1534 2120 1573 2156 in
1588 2133 1675 2170 par-

155 2184 202 2223 te,
230 2193 301 2230 qua
328 2192 556 2224 accusamur,
583 2180 693 2218 nobis
720 2181 797 2218 ullo
827 2181 937 2218 modo
963 2183 990 2230 ¹)
1020 2183 1163 2220 conscii
1192 2182 1319 2228 simus,
1346 2188 1513 2221 nostram
1541 2188 1576 2222 et
1604 2184 1680 2229 hic,

154 2248 264 2293 atque
298 2256 425 2281 eorum
461 2244 639 2287 omnium,
675 2245 739 2296 qui
775 2245 971 2284 nobiscum
1000 2247 1179 2294 sentiunt,
1215 2247 1470 2286 innocentiam
1496 2248 1567 2299 piis
1595 2261 1676 2286 om-

155 2308 266 2345 nibus
293 2308 571 2358 approbandam
597 2323 676 2348 esse
703 2310 890 2349 duximus.

206 2371 255 2409 Et
290 2385 512 2422 quamquam
547 2386 666 2424 neque
692 2374 737 2412 ad
774 2375 1030 2413 Confessionis
1059 2377 1313 2426 Augustanae,
1343 2390 1462 2428 neque
1488 2377 1535 2415 ad
1562 2378 1676 2416 ullius

155 2435 305 2473 alterius
333 2435 411 2473 eius
438 2437 583 2485 generis
612 2438 752 2489 scripti,
780 2440 946 2488 regulam
974 2440 1132 2490 astringi
1158 2440 1211 2478 ita
1241 2441 1423 2486 volumus,
1456 2444 1498 2479 ut
1527 2455 1603 2479 non
1629 2442 1677 2479 li·

156 2500 241 2537 bere
278 2499 324 2536 ab
361 2499 423 2537 illa
460 2513 528 2537 nos
565 2501 760 2540 dissentire
795 2504 962 2554 adeoque
999 2508 1034 2543 et
1062 2505 1330 2556 reprehendere
1356 2507 1448 2544 illud
1475 2521 1584 2558 posse
1611 2522 1675 2546 ex-

154 2564 360 2602 istimemus
399 2563 437 2600 in
476 2566 760 2604 mansuetudine
796 2572 832 2604 et
865 2568 1048 2606 modestia
1088 2570 1314 2614 Christiana,
1349 2571 1468 2608 sicubi
1497 2572 1598 2609 verbi
1627 2572 1674 2612 D.

155 2628 353 2666 autoritate
392 2628 551 2666 convicti
589 2629 783 2669 dissentire
820 2645 886 2670 nos
924 2633 970 2670 ab
999 2633 1073 2671 illis
1109 2641 1304 2685 opportere
1331 2636 1579 2674 conscientiae
1606 2651 1675 2675 no-

156 2699 252 2731 strae
278 2692 492 2731 testimonio
520 2693 978 2743 intelligamus‚-multo
1007 2699 1130 2737 minus
1158 2704 1281 2738 autem
1308 2700 1392 2738 illos
1421 2701 1620 2752 probamus
1632 2704 1676 2750 2),

198 2819 221 2858 ¹)
245 2818 321 2851 Cod.
345 2818 504 2851 Francof.:
529 2819 594 2851 ullo
617 2819 700 2851 nobis
723 2821 821 2854 modo.
906 2823 933 2864 2)
959 2824 1007 2855 lb.
1024 2825 1192 2866 probamus
1214 2825 1315 2858 etiam.
