1818 3178
152 123 262 153 XVIII
794 117 1039 147 PRAEFATIO.

157 225 356 284 epistolae
396 224 676 281 suppeditant,
717 229 756 265 et
794 222 904 265 dicta
935 222 1126 266 sufficere
1156 222 1238 264 iam
1270 221 1473 273 existimo,
1505 225 1556 261 ut
1585 219 1687 262 desi-

159 298 297 342 derari
326 297 454 340 Lasci
483 294 686 352 opuscula
718 294 819 337 mihi
848 295 1143 351 unusquisque
1175 293 1389 337 concedat.

219 370 342 422 Quae
388 383 517 425 supra
559 383 610 409 ex
650 367 893 410 auctionum
941 367 1037 409 fatis
1068 365 1200 407 obiter
1232 364 1572 415 commemoravi,
1604 364 1689 405 iam

166 455 322 496 magna
365 446 482 495 parte
527 437 704 480 alteram
745 452 913 493 quoque
945 436 1231 492 quaestionem
1266 435 1448 486 solvunt,
1480 434 1691 491 possintne

165 510 423 566 exemplaria
455 510 545 551 eius
576 507 813 551 libellorum
847 507 1160 550 administrari?
1194 506 1302 549 Tam
1331 506 1482 562 ingens
1507 519 1692 562 namque

167 583 377 640 praetium
408 581 686 623 certissimum
717 581 860 636 utique
892 579 1093 621 indicium
1134 577 1320 634 praebet,
1343 593 1429 620 esse
1450 577 1553 620 haec
1573 592 1695 633 opus·

167 654 265 697 cula
308 653 533 696 rarissima.
596 652 653 695 Is.
684 666 736 693 LE
764 652 891 694 LONG
932 652 973 693 in
1006 666 1080 693 suo
1114 652 1249 693 Gesclc.
1280 651 1350 692 der
1380 651 1546 692 kereken
1578 651 1698 691 onder

168 729 235 769 heb
275 726 401 776 Mais,
443 724 568 767 Voe'r
607 724 648 766 in
700 722 790 767 Cat.
835 725 923 765 libr.
956 738 1056 773 rar„
1091 720 1268 763 GERDEs
1300 721 1342 762 in
1372 721 1590 775 Florileyz‘o
1621 734 1697 762 suo

171 797 359 839 certatim
403 801 636 838 extremam
676 794 827 836 horum
870 793 1075 835 librorum
1106 792 1188 835 iam
1222 807 1299 834 suo
1329 799 1518 847 tempore
1549 792 1697 834 rarita-

172 876 298 912 tatem
346 868 396 910 de
437 867 644 909 industria
689 866 911 922 deplorant
941 871 986 907 et
1015 865 1124 907 inter
1156 864 1473 920 pretiosissimas
1503 863 1700 919 cupedias

171 956 242 984 eos
285 940 488 982 referunt.
547 937 672 980 Patet
711 953 761 979 ex
804 937 1018 994 ipsissimis
1049 951 1195 978 eorum
1228 935 1378 988 verbis,
1409 951 1452 978 se
1483 935 1700 992 plurimos,

172 1027 277 1067 quos
317 1011 359 1052 in
406 1009 610 1065 catalogis
650 1009 734 1050 suis
782 1015 1000 1051 recensent
1045 1007 1172 1050 Lasci
1220 1007 1396 1058 libellos,
1428 1022 1482 1049 ne
1511 1022 1701 1063 unquam

171 1083 354 1140 tetigisse
378 1081 559 1138 quidem,
581 1081 650 1123 sed
673 1096 726 1123 ex
748 1081 929 1123 aliorum
949 1080 1186 1122 testimonio
1204 1086 1368 1122 tantum
1385 1079 1525 1122 Lasco
1542 1079 1703 1122 auctori

175 1154 458 1210 adscripsisse,
491 1152 557 1194 Ne
587 1152 683 1208 ipsis
715 1152 883 1207 quidem
910 1151 1034 1194 Lasci
1057 1151 1298 1207 biographis
1320 1150 1553 1207 plausibilis
1572 1149 1704 1193 adfuit

176 1233 421 1283 apparatus,
469 1231 509 1266 et
554 1230 642 1265 tam
686 1225 966 1265 BERTRAMIUS
1008 1223 1227 1279 superiori,
1262 1238 1389 1279 quam
1429 1224 1623 1266 BARTELS
1665 1228 1705 1264 et

176 1297 354 1340 GOEBEL
395 1302 537 1338 nostro
569 1294 739 1337 saeculo
769 1310 899 1351 aegre
929 1295 1026 1336 satis
1058 1295 1261 1345 tulerunt,
1294 1293 1577 1350 undequaque
1607 1309 1705 1336 con-

179 1369 358 1426 quisitae
400 1366 652 1423 supellectili
683 1382 782 1408 suae
814 1366 909 1422 plus
939 1365 1110 1408 dimidio
1141 1365 1268 1408 Lasci
1300 1366 1605 1422 opusculorum
1636 1366 1706 1408 de-

181 1441 320 1484 fuisse.
355 1438 464 1483 Cum
500 1454 659 1495 magna
689 1438 785 1480 satis
817 1436 968 1479 fiducia
998 1437 1209 1480 affirmare
1241 1438 1386 1488 ausim,
1409 1437 1574 1480 nullum
1597 1453 1710 1480 mor-

184 1512 333 1554 talium
381 1511 432 1553 ad
480 1510 593 1552 hunc
626 1525 758 1566 usque
796 1508 903 1551 diem
936 1509 1097 1552 finitam
1128 1509 1446 1566 absolutamque
1476 1511 1626 1553 horum
1660 1509 1710 1552 li-

184 1582 361 1625 brorum
407 1579 713 1630 collectionem,
755 1594 839 1621 non
872 1578 1008 1621 dicam
1039 1579 1269 1636 possedisse
1299 1580 1450 1636 ipsum,
1482 1581 1552 1623 sed
1583 1596 1635 1623 ne
1665 1580 1708 1622 in

183 1653 419 1698 studiorum
460 1651 626 1708 quidem
674 1651 856 1709 gratiam
898 1658 1087 1706 tempore
1117 1649 1192 1693 sibi
1223 1650 1416 1694 habuisse
1446 1650 1709 1694 administra·

184 1735 284 1770 tam.
343 1724 458 1768 Olim
504 1723 693 1772 GERDES‚
739 1738 874 1779 nuper
920 1722 1184 1765 venerandus
1233 1723 1305 1765 ille
1338 1739 1465 1766 senex
1496 1724 1609 1767 ABR.
1656 1737 1711 1766 DE

187 1799 341 1850 Vnms,
389 1797 729 1853 exquisitissimas
770 1796 811 1837 in
844 1795 973 1837 thecis
1004 1795 1090 1837 suis
1121 1802 1400 1851 reposuerant
1429 1795 1615 1851 undique
1646 1794 1713 1837 de-

188 1877 352 1926 cerptas
384 1868 662 1919 collectiones,
696 1881 775 1909 nec
806 1873 945 1909 tamen
979 1872 1137 1923 septem
1171 1866 1266 1923 plus
1298 1867 1512 1923 opusculis
1533 1875 1712 1923 uterque

190 1942 324 2000 potuit
373 1939 561 1997 gloriari.
623 1939 689 1981 Ne
733 1937 948 1994 splendida
989 1937 1157 1994 quidem
1204 1938 1411 1981 librorum
1456 1939 1714 1995 repositoria,

192 2012 343 2070 quibus
380 2012 515 2054 vicina
559 2010 720 2068 Anglia
761 2011 982 2066 prominet,
1029 2026 1221 2067 quaeque
1252 2026 1375 2053 omne
1406 2010 1517 2067 quod
1548 2025 1715 2053 conser-

193 2082 327 2126 vabile
355 2081 580 2138 praeterita
612 2080 829 2123 tradiderit
850 2079 966 2122 nobis
997 2088 1108 2122 aetas
1139 2088 1212 2124 aut
1243 2081 1484 2124 etiamnunc
1520 2081 1717 2124 mortales

197 2154 513 2211 conscriptitare
545 2161 738 2211 pergant,
772 2153 1139 2208 portentosissimis
1170 2154 1312 2210 pretiis
1342 2160 1385 2196 et
1414 2153 1619 2196 indefesso
1659 2153 1718 2196 la-

195 2228 297 2270 bore
325 2226 513 2282 undique
544 2225 860 2281 diligentissime
880 2225 1138 2281 conquirunt
1159 2232 1284 2282 atque
1305 2226 1637 2282 conglomerant,
1665 2251 1718 2256 ——

197 2298 299 2355 quin
344 2297 430 2338 imo
473 2311 526 2337 ne
568 2310 710 2337 omnes
741 2295 868 2337 simul
913 2310 1022 2351 quae
1054 2296 1207 2352 passim
1238 2311 1314 2353 per
1344 2295 1540 2352 Europae
1571 2294 1720 2352 plagas

197 2372 385 2425 prostant
428 2364 703 2407 bibliothecae
755 2363 962 2420 publicae,
1015 2365 1248 2408 absolutam
1292 2365 1545 2422 plenamque
1593 2364 1721 2407 Lasci

201 2452 378 2496 operum
421 2436 712 2479 collectionem
755 2435 1049 2478 administrare
1080 2443 1275 2493 possunt:
1309 2451 1417 2492 quae
1446 2436 1634 2478 omnium
1665 2435 1724 2477 di-

199 2511 354 2553 tissime
401 2508 558 2550 referta
597 2514 657 2549 est
702 2507 955 2564 quintanum
1007 2523 1233 2551 numerum
1274 2523 1359 2551 non
1390 2507 1563 2552 excedit.
1626 2507 1725 2550 Hoc

202 2596 370 2638 quoque
410 2579 644 2637 perpendas
685 2579 827 2632 velim,
859 2580 954 2622 satis
986 2580 1122 2637 lepide
1152 2581 1303 2638 passim
1336 2581 1376 2623 in
1409 2579 1590 2622 historiis
1619 2578 1725 2622 litte-

203 2653 325 2696 rariis
370 2651 509 2694 Lasco
552 2651 743 2703 adscribi,
784 2648 891 2707 quae
922 2667 946 2694 a
976 2651 1164 2706 Lascari,
1198 2653 1283 2696 sive
1313 2668 1336 2695 a
1367 2651 1533 2710 Lasczy
1561 2652 1721 2694 dudum

206 2730 429 2779 postquam
461 2722 556 2765 fatis
588 2722 759 2765 functus
781 2730 885 2766 esset
906 2731 1058 2775 noster,
1096 2724 1249 2781 scripto
1271 2723 1466 2767 mandata
1485 2724 1578 2768 sint.
1621 2723 1723 2765 Esse

206 2801 352 2838 contra
385 2810 436 2837 ex
466 2794 555 2837 eius
584 2793 749 2843 libellis,
772 2810 876 2850 quos
897 2801 979 2838 tam
1002 2796 1209 2839 avernalis
1230 2811 1305 2852 per
1325 2795 1408 2837 duo
1429 2794 1597 2838 saecula
1616 2809 1726 2837 mer·

204 2867 305 2909 serit
336 2866 486 2924 caligo,
517 2871 568 2907 ut
598 2880 806 2923 nusquam
840 2866 1030 2910 locorum
1061 2868 1103 2910 in
1135 2882 1311 2924 operum
1333 2867 1461 2925 ipsius
1481 2866 1587 2910 serie
1615 2880 1727 2909 com-
