1818 3178
206 126 278 160 406
704 130 923 158 REsPoNslo
952 130 1041 158 Anv.
1074 131 1239 159 nosmm.

204 235 277 272 lem
313 233 478 284 corporis
505 237 541 270 et
569 232 762 281 sanguinis
792 231 932 270 Christi
961 232 1273 271 communionem.
1328 233 1410 270 Jarn
1440 231 1538 269 hanc
1565 235 1728 270 nostram

205 299 566 349 argumentationem
595 298 782 336 convellat
810 297 968 343 Hosius,
997 298 1027 335 si
1055 302 1192 349 potest.

794 425 1054 465 Articulus
1084 427 1143 464 13.

262 571 279 587 n
293 556 414 603 Aegre
441 554 525 599 fert,
554 553 624 590 sub
654 552 775 604 specie
801 553 909 603 panis
938 552 1081 590 includi
1109 564 1244 603 corpus
1273 552 1423 595 Christi,
1450 556 1486 589 et
1513 551 1604 588 dicit
1623 563 1733 601 opor-

209 623 316 655 utere
349 618 390 656 in
426 617 576 655 Christo
614 617 705 668 poni
748 617 821 655 duo
860 629 1028 667 corpora,
1055 629 1171 653 unum
1199 616 1243 653 de
1271 629 1344 666 quo
1372 616 1549 653 scribitur
1575 615 1734 652 Joannis

212 699 229 716 n
243 687 361 726 sexto,
395 682 552 720 alterum
590 694 689 727 vero,
726 681 770 720 de
797 694 871 732 quo
907 681 1077 718 scribunt
1106 680 1330 726 Matthaeus,
1363 679 1526 724 Marcus,
1552 679 1673 718 Lucas
1700 685 1735 717 et

211 747 421 784 “Paulus''

830 809 1119 860 Responsio.

259 937 433 974 Localem
472 937 639 988 corporis
678 937 818 975 Christi
853 937 892 974 in
929 950 1025 988 pane
1051 939 1138 986 (36)
1174 938 1321 975 Coenae
1354 936 1600 974 inclusionem
1629 948 1649 972 a
1676 948 1735 972 me

204 1002 425 1053 improbari,
458 1002 616 1040 libenter
652 1015 829 1052 agnosc0‚
866 1002 1050 1053 simulque
1086 1007 1121 1040 et
1158 1002 1390 1049 immensam,
1422 1000 1734 1052 quemadmodum

204 1066 243 1104 in
284 1065 378 1103 sexti
415 1065 578 1103 Articuli
614 1066 858 1116 responsione
895 1070 1058 1116 apparet,
1096 1065 1159 1103 sed
1188 1065 1232 1103 de
1260 1064 1405 1103 duobus
1435 1064 1575 1102 Christi
1603 1076 1734 1114 corpo-

207 1130 311 1167 ribus
339 1130 434 1167 nihil
461 1143 519 1167 me
544 1143 712 1181 unquam
739 1129 797 1167 vel
826 1129 1008 1178 cogitasse
1036 1129 1201 1168 memini.
1239 1130 1481 1167 Proferantur
1507 1129 1580 1166 loci
1609 1128 1737 1177 igitur,

208 1195 239 1232 si
275 1195 339 1246 qui
376 1198 464 1232 sunt
499 1195 539 1232 in
577 1195 725 1246 scriptis
760 1194 865 1240 meis,
901 1195 1037 1245 quibus
1073 1194 1112 1232 id
1150 1194 1314 1240 doceam,
1350 1199 1413 1232 aut
1448 1207 1495 1232 ne
1521 1193 1616 1231 falso
1643 1193 1737 1230 mihi

207 1258 484 1305 adscribantur,
509 1272 605 1310 quae
631 1272 825 1310 nunquam
854 1258 978 1298 docui.
1027 1259 1222 1296 Caeterum
1250 1271 1327 1296 non
1355 1258 1456 1296 solus
1483 1271 1551 1307 ego
1578 1257 1735 1295 localem

207 1323 374 1373 corporis
423 1323 562 1361 Christi
605 1323 645 1360 in
688 1336 785 1374 pane
822 1323 969 1361 Coenae
1013 1322 1263 1360 inclusionem
1297 1335 1443 1368 accuso,
1487 1322 1577 1373 quin
1612 1322 1737 1372 potius

210 1387 461 1436 Syncretistae
511 1387 679 1425 Alberici
722 1400 804 1425 eam
841 1387 958 1424 multo
997 1387 1120 1424 minus
1158 1386 1374 1433 admittunt,
1412 1387 1476 1437 qui
1517 1387 1736 1424 immensam

210 1451 456 1495 constituunt,
491 1465 538 1489 ne
574 1452 665 1502 quid
702 1452 747 1490 de
780 1451 856 1489 illis
894 1451 1026 1498 dicam,
1061 1452 1127 1502 qui
1164 1464 1283 1502 neque
1315 1452 1484 1496 localem,
1519 1464 1640 1502 neque
1664 1451 1738 1488 im-

204 1530 369 1555 mensam
406 1517 574 1568 profiteri
609 1517 760 1560 audent.
804 1517 867 1555 sed
903 1517 1051 1555 tertiam
1088 1517 1214 1555 nescio
1251 1529 1362 1567 quam
1392 1516 1738 1560 comminiscuntur,

205 1595 301 1632 quae
336 1594 413 1619 non
450 1581 499 1619 sit
536 1581 646 1619 huius
683 1581 799 1619 seculi
840 1594 959 1632 neque
995 1581 1106 1619 huius
1132 1581 1277 1625 mundi,
1305 1581 1376 1618 hoc
1403 1584 1470 1626 est,
1497 1593 1592 1630 quae
1618 1592 1738 1630 neque

207 1646 304 1684 vitae
341 1646 402 1684 hie
439 1650 591 1684 nostrae
626 1650 806 1697 tempore,
840 1659 960 1696 neque
986 1646 1025 1683 in
1056 1645 1127 1682 hoc
1154 1645 1295 1683 mundo
1325 1644 1456 1682 haberi
1482 1645 1579 1681 forte
1606 1643 1737 1695 possit.

209 1711 283 1748 Tot
310 1709 483 1749 videlicet
511 1710 629 1761 sopha
656 1710 858 1762 pharmaca
887 1709 1058 1748 adhiberi
1086 1713 1233 1760 oportet
1260 1709 1417 1747 rationis
1437 1708 1621 1746 humanae
1638 1720 1737 1746 som-

209 1774 295 1821 niis,
323 1787 418 1825 quae
444 1774 573 1813 Verbo
599 1774 670 1813 Dei
697 1788 774 1813 non
803 1774 987 1819 nituntur,
1015 1773 1113 1811 circa
1141 1773 1268 1811 divina
1293 1774 1524 1825 praesertim.

741 1902 1002 1941 Articulus
1034 1904 1091 1942 14.
1120 1905 1204 1951 (37)

263 2032 368 2069 nIlla
405 2032 538 2070 verba:
577 2032 662 2070 Hoc
690 2036 745 2070 est
773 2045 907 2084 corpus
934 2045 1069 2079 meum,
1098 2045 1177 2071 esse
1205 2032 1343 2070 nudam
1371 2032 1528 2079 literam,
1554 2054 1604 2062 --
1631 2032 1737 2071 litera

214 2100 365 2133 nantem
392 2094 497 2132 iuxta
523 2094 681 2133 Paulum
709 2095 887 2134 occidit?

834 2223 1124 2295 Responsio..

264 2351 351 2388 Hoc
385 2357 462 2388 tam
495 2350 693 2401 impudens
729 2351 966 2389 mendacium
1004 2352 1161 2402 dignum
1198 2364 1274 2390 non
1314 2356 1369 2390 est
1394 2351 1471 2389 ulla
1499 2350 1739 2402 responsione

212 2415 297 2458 alia.
336 2416 409 2453 nisi
445 2428 540 2466 quae
576 2415 825 2464 nugatoribus
860 2415 1075 2454 istiusmodi
1103 2416 1184 2454 dari
1213 2416 1317 2455 solet.
1372 2416 1418 2453 In
1447 2415 1622 2453 omnibus
1649 2417 1740 2453 meis

212 2480 361 2530 scriptis
387 2484 512 2531 aperte
538 2480 717 2530 profiteor
745 2484 781 2517 et
809 2480 970 2518 subinde
997 2485 1136 2532 repeto,
1162 2481 1275 2519 verba
1305 2482 1394 2519 haec
1419 2480 1559 2518 Christi
1585 2479 1738 2518 Domini

215 2545 406 2582 verissima
443 2559 534 2584 esse.
590 2545 664 2582 Sed
698 2545 750 2583 eis
785 2546 876 2584 addi
913 2545 997 2584 dico
1033 2547 1360 2598 interpretationes
1396 2558 1512 2584 novas
1547 2545 1740 2596 quasdam,

216 2610 430 2648 Catholicae
463 2611 604 2648 Christi
641 2610 831 2648 Ecclesiae
867 2611 976 2662 plane
1012 2612 1229 2661 incognitas
1269 2615 1306 2649 et
1333 2611 1377 2649 de
1404 2610 1539 2662 quibus
1568 2610 1739 2648 Christus

215 2674 400 2712 Dominus
435 2687 625 2725 nunquam
658 2675 849 2725 cogitavit.
903 2676 1010 2715 Inter
1037 2690 1098 2715 eas
1125 2681 1248 2715 autem
1277 2677 1373 2714 hanc
1399 2688 1546 2727 quoque
1572 2689 1738 2723 numero,

213 2753 308 2790 quae
343 2739 456 2777 verba
502 2739 641 2777 Christi
686 2741 777 2778 haec
812 2741 912 2779 nude
947 2741 1167 2792 simpliciter
1203 2746 1238 2780 et
1271 2741 1375 2779 iuxta
1409 2740 1566 2786 literam,
1602 2744 1641 2778 ut
1677 2753 1738 2778 so-

212 2807 317 2848 nant,
356 2803 434 2840 vult
467 2802 642 2857 intelligi,
677 2815 761 2841 cum
788 2817 829 2841 ea
856 2817 878 2841 a
911 2804 1061 2842 nemine
1086 2805 1208 2843 adhuc
1233 2803 1391 2855 proferri
1417 2802 1593 2854 potuerit,
1619 2816 1738 2854 neque

210 2866 368 2916 proferri
396 2865 597 2903 etiamnum
625 2866 754 2916 possit,
783 2866 926 2905 Vellem
954 2867 1125 2918 equidem
1153 2867 1317 2906 Hosium
1344 2866 1517 2917 expedire
1539 2865 1600 2904 hic
1627 2865 1738 2904 nobis
