1818 3178
615 136 827 163 nesrousm
855 137 951 166 Anv.
982 138 1148 166 Hosnnu.
1565 131 1636 166 455

114 236 259 274 nullum
287 236 397 274 nobis
424 237 548 274 locum
577 238 738 289 relinqui
764 239 1010 290 postulamus.
1041 239 1185 278 Deinde
1211 253 1312 287 vero,
1339 240 1453 278 veluti
1483 241 1541 277 sui
1567 240 1636 277 ob-

110 300 212 344 litus,
253 300 392 349 Regiae
425 314 493 338 nos
532 301 723 340 Maiestati
756 304 993 341 tentatricem
1028 304 1132 341 illam
1171 304 1331 342 Satanae
1367 316 1497 342 vocem
1524 306 1637 352 (178)

110 370 286 416 perpetuo
322 366 490 403 occinere
518 366 555 404 in
586 368 794 406 Pinnaeulo
821 369 902 420 ipso
931 369 1074 407 scribit.
1121 369 1305 420 Equidem
1334 374 1369 406 et
1398 369 1459 406 hic
1486 374 1638 407 sanctu-

111 431 186 467 lum
221 431 333 467 istum
373 431 598 479 Caligarium
636 433 756 482 magis
798 429 989 483 aliquanto
1019 446 1219 471 memorem
1252 446 1332 471 esse
1366 433 1576 484 oportebat,
1604 434 1636 471 si

110 495 220 531 fidem
247 495 370 532 verbis
399 496 475 533 suis
504 496 632 534 haberi
662 498 822 536 volebat.
861 498 948 536 Quo
976 501 1089 548 pacto
1117 498 1215 535 enim
1243 512 1264 535 a
1292 499 1500 536 Pinnaculo
1529 511 1636 548 pror-

107 572 170 596 sus
206 560 449 606 excludimur,
478 561 508 598 si
535 561 615 598 illic
642 562 754 599 verba
784 563 943 600 Satanae
976 562 1114 611 Regiae
1149 562 1340 600 Maiestati
1366 567 1544 613 perpetuo
1573 575 1636 599 oc-

106 623 292 661 cinimus?
345 627 424 662 Aut
459 639 533 676 quo
567 631 676 676 pacto
706 627 925 670 occinimus,
953 626 985 663 si
1013 627 1158 664 nullum
1187 627 1341 664 omnino
1370 627 1496 664 locum
1523 627 1634 665 nobis

106 688 195 735 illie,
232 689 353 726 Hosio
388 690 547 741 ipsomet
581 690 717 736 iudice,
755 691 940 740 reliquum
979 690 1188 727 habemus?
1225 691 1286 728 Ita
1314 690 1492 728 nimirum
1530 690 1568 727 in
1598 703 1636 727 re

106 756 183 790 tam
211 754 306 791 seria
333 754 538 791 scurriliter
566 754 662 791 ludit
690 754 931 791 Reverendus
958 758 1074 804 pater,
1100 754 1139 791 in
1168 767 1240 804 qua
1268 754 1410 804 alioqui
1437 758 1472 791 et
1498 753 1636 802 Regiae

108 816 316 855 Maiestatis
352 823 388 855 et
425 818 546 867 Regni
574 818 689 856 totius
731 818 999 868 universaeque
1026 817 1117 854 adeo
1148 817 1267 854 nostri
1294 817 1474 868 temporis
1502 816 1634 854 Eccle-

105 881 181 918 siae
216 882 457 932 tranquilitas
495 883 593 920 salus
629 895 673 919 ae
702 881 867 930 dignitas
903 882 1064 919 maxima
1102 894 1146 919 ex
1182 885 1288 932 parte
1325 885 1506 919 versatur.
1563 881 1634 918 Sed

105 946 222 983 multo
257 947 377 994 magis
414 947 570 984 scurrile
605 951 661 984 est
698 947 831 992 adhuc,
868 945 968 997 quod
1009 945 1055 983 de
1091 959 1129 983 se
1163 946 1244 997 ipso
1272 946 1313 983 in
1340 950 1416 983 tam
1454 945 1635 996 praeclari

100 1010 219 1048 libelli
257 1011 314 1048 sui
342 1011 545 1061 appendice
583 1011 728 1054 scribit,
764 1011 843 1056 ubi,
872 1009 1173 1048 commemoratis
1201 1009 1331 1058 Regiis
1359 1010 1397 1047 in
1428 1023 1466 1047 se
1494 1011 1635 1047 benefi-

101 1076 167 1112 ciis
205 1089 344 1126 suaque
389 1076 554 1113 vicissim
598 1076 638 1112 in
684 1076 839 1125 Regiam
881 1075 1117 1113 Maiestatem
1163 1074 1237 1112 fide
1273 1074 1472 1125 studioque
1507 1087 1551 1111 ac
1589 1075 1632 1111 de

99 1139 217 1176 salute
251 1139 368 1189 ipsius
406 1138 620 1176 incredibili
659 1138 911 1182 solicitudine,
946 1151 1058 1188 quam
1096 1137 1252 1174 summis
1290 1136 1464 1174 videlicet
1492 1137 1636 1174 labori-

101 1205 171 1242 bus
206 1205 418 1255 sumptibus
455 1218 499 1241 ae
531 1204 708 1255 periculis
746 1202 821 1241 suis
858 1202 1102 1253 approbasset
1130 1203 1256 1249 (179),
1293 1214 1444 1252 operam
1486 1213 1636 1251 quoque

102 1269 275 1319 deinceps
312 1282 413 1306 suam
443 1268 494 1305 itu
523 1273 712 1319 praeterea
740 1266 856 1313 offert,
882 1271 923 1304 ut
951 1270 987 1304 et
1014 1266 1052 1303 in
1080 1265 1288 1303 Pinnaculo
1322 1265 1404 1316 ipso
1441 1265 1632 1302 assiduum

98 1346 136 1369 se
173 1332 451 1370 dehortatorem
488 1333 568 1370 fore
595 1335 765 1373 testetur,
792 1344 839 1369 ne
866 1331 945 1368 eius
976 1329 1155 1368 Maiestas
1182 1330 1422 1368 tentatricem
1449 1343 1495 1368 ex
1524 1330 1635 1368 nobis

99 1398 200 1434 illam
241 1398 402 1435 Satanae
439 1410 564 1435 vocem
595 1397 735 1435 audiat.
788 1396 837 1434 Et
866 1396 1013 1434 etiamsi
1038 1394 1077 1432 id
1107 1408 1235 1433 cavere
1263 1396 1360 1433 forte
1388 1409 1466 1433 non
1492 1400 1634 1446 posset,

100 1462 351 1514 Maiestasque
388 1462 462 1500 iam
500 1462 631 1511 Regia,
659 1461 831 1500 doctrina
861 1464 992 1498 nostra
1018 1473 1207 1511 persuasa,
1235 1460 1478 1512 praecipitem
1507 1473 1585 1498 sese
1614 1473 1633 1497 e

97 1527 306 1565 Pinnaculo
344 1528 425 1578 ipso
462 1527 551 1564 dare
589 1527 710 1571 vellet,
745 1531 824 1564 tum
862 1539 900 1564 se
937 1525 1187 1563 nihilominus
1225 1530 1362 1571 tamen,
1398 1525 1548 1564 obiecto
1585 1539 1631 1563 ex

94 1593 168 1630 imo
206 1592 251 1629 ad
289 1592 500 1629 elidendam
528 1591 654 1643 lapsus
682 1591 775 1640 regii
804 1589 1075 1629 vehementiam
1105 1602 1260 1640 corpore
1288 1603 1355 1627 suo
1385 1594 1627 1641 excepturum

97 1670 135 1694 sc
172 1657 278 1694 illum
305 1656 343 1694 in
372 1669 546 1707 praeceps
575 1657 650 1693 iam
678 1658 863 1700 ruentem,
889 1655 1023 1692 mortis
1051 1654 1165 1692 etiam
1193 1667 1279 1692 suae
1306 1654 1488 1705 periculo,
1514 1655 1629 1705 polli-

97 1727 208 1773 cetur.
258 1721 346 1759 Quo
376 1721 545 1772 pluribus
573 1721 673 1758 enim
700 1721 895 1771 magisque
924 1719 1039 1757 servis
1078 1719 1202 1757 verbis
1239 1719 1350 1757 fidem
1387 1719 1630 1770 studiumque

95 1800 202 1823 suum
242 1786 281 1823 in
321 1786 556 1823 Maiestatem
595 1785 749 1834 Regiam
788 1784 1049 1822 commendare
1077 1787 1247 1830 conatur,
1275 1783 1347 1821 hoc
1384 1797 1473 1821 sane
1508 1785 1628 1834 magis

91 1851 203 1887 etiam
231 1851 390 1901 seipsum
423 1850 600 1887 vanitatis
629 1849 943 1900 scurrilitatisque
971 1862 1058 1886 suae
1084 1848 1259 1892 infamat,
1287 1848 1376 1886 dum
1403 1848 1443 1886 in
1460 1861 1503 1886 eo
1525 1849 1625 1899 quod

90 1920 165 1951 tam
195 1914 290 1951 serio
320 1918 585 1951 commemorat
613 1918 648 1951 et
674 1913 883 1964 pollicetur,
913 1912 986 1950 sibi
1013 1913 1093 1963 ipse
1119 1925 1196 1950 non
1217 1916 1376 1951 constat.
1407 1912 1494 1951 Quo
1513 1919 1625 1964 poeto

92 1992 177 2016 vero
206 1979 291 2023 sibi,
318 1979 356 2016 in
387 1992 428 2015 eo
458 1979 556 2030 quod
586 1977 785 2029 promittit,
814 1980 985 2015 constare
1011 1981 1148 2028 potest,
1176 1977 1264 2014 dum
1292 1990 1368 2014 rem
1397 1977 1449 2015 ita
1477 1982 1627 2025 tractat,

91 2050 131 2081 ut
167 2057 286 2095 neque
323 2058 402 2082 esse
439 2044 598 2094 amplius
635 2043 674 2081 in
702 2043 784 2093 ipso
815 2042 1035 2088 pinnaculo,
1064 2055 1185 2092 neque
1213 2055 1289 2079 non
1318 2054 1397 2080 esse
1426 2042 1537 2080 etiam
1567 2044 1623 2080 vi-

88 2111 166 2147 deri
193 2110 348 2147 omnino
375 2110 528 2160 posset?
556 2111 668 2158 (180)
698 2108 797 2146 Dum
825 2107 922 2146 enim
951 2107 1228 2145 dehortatorem
1257 2121 1295 2145 se
1323 2108 1402 2145 fore
1433 2107 1623 2147 Maiestati

89 2175 228 2223 Regiae
255 2178 454 2220 asseverat,
480 2187 524 2211 ne
551 2174 589 2211 in
628 2173 801 2211 doctrina
830 2176 959 2210 nostra
987 2172 1129 2211 scilicet
1155 2172 1392 2211 tentatricem
1420 2173 1524 2210 illam
1552 2174 1620 2211 Sa-

87 2246 195 2276 tanae
233 2252 359 2276 vocem
390 2238 530 2284 audiat,
558 2242 684 2289 aperte
713 2238 802 2275 satis
830 2237 970 2284 innuit,
997 2249 1035 2274 se
1062 2237 1193 2275 eodem
1219 2236 1301 2287 ipso
1327 2237 1412 2275 loeo
1443 2250 1525 2275 cum
1553 2252 1619 2276 sua

89 2305 297 2346 Maiestate,
333 2317 464 2354 nempe
490 2304 528 2341 in
559 2302 767 2340 Pinnaculo
794 2302 876 2353 ipso
904 2305 1136 2353 praesentem
1165 2302 1321 2340 omnino
1350 2302 1478 2340 adesse
1506 2317 1618 2355 opor-

85 2375 175 2409 tere.
231 2371 393 2407 Rursum
431 2382 517 2406 vero
555 2368 643 2406 dum
681 2372 852 2406 ruentem
892 2367 965 2405 iam
1004 2367 1147 2418 alioqui
1190 2367 1230 2404 in
1266 2380 1441 2419 praeceps
1476 2368 1617 2418 Regem

86 2432 273 2470 submisso
310 2431 365 2468 illi
404 2444 556 2481 corpore
593 2443 660 2467 suo
698 2434 939 2481 excepturum
970 2442 1006 2467 se
1042 2442 1121 2467 esse
1154 2429 1353 2480 promittit,
1382 2429 1552 2481 equidem
1582 2445 1620 2469 se

87 2498 253 2548 ipsemet,
291 2510 366 2533 non
404 2495 477 2532 iam
514 2495 553 2532 in
590 2494 798 2532 Pinnaeulo
838 2493 1010 2544 amplius,
1047 2493 1111 2530 sed
1138 2492 1178 2530 in
1204 2493 1280 2530 imo
1310 2493 1507 2532 nobiscum
1536 2496 1616 2533 solo

85 2562 195 2599 etiam
225 2560 362 2599 versari
392 2565 564 2610 oportere
590 2562 761 2596 testatur.
800 2558 907 2595 Certe
934 2561 1119 2608 quatenus
1149 2557 1425 2596 dehortatorem
1456 2572 1495 2596 se
1523 2559 1616 2608 Regi

86 2630 164 2664 sore
192 2626 401 2676 pollicetur,
428 2638 474 2662 ne
503 2637 539 2661 se
566 2623 806 2674 praecipitem
836 2636 856 2660 e
883 2623 1092 2661 Pinnaculo
1119 2622 1202 2673 ipso
1230 2622 1414 2670 demittat,
1433 2624 1614 2661 hactenus

84 2691 331 2743 proculdubio
360 2691 514 2728 alterum
545 2689 646 2739 quod
676 2688 807 2726 scribit
832 2691 1021 2738 praestare
1048 2686 1340 2738 haudquaquam
1356 2692 1492 2738 potest,
1509 2701 1613 2725 nem-

82 2770 125 2807 pe
152 2762 193 2794 ut
220 2761 385 2793 ruentem
415 2755 454 2791 in
483 2766 656 2804 praeceps
686 2753 826 2800 Regem
855 2751 1042 2789 submisso
1070 2751 1127 2789 illi
1155 2751 1203 2789 ad
1220 2751 1365 2802 lapsum
1397 2751 1611 2789 elidendum

79 2835 145 2859 suo
183 2834 336 2872 corpore
373 2818 546 2869 excipiat.
602 2820 657 2855 Ac
693 2830 855 2862 rursum,
892 2821 1077 2867 quatenus
1115 2816 1269 2865 Regem,
1296 2821 1338 2854 ut
1369 2816 1512 2854 dictum
1542 2822 1611 2862 est,

81 2890 246 2924 ruentem
283 2898 365 2923 vere
401 2897 439 2922 se
480 2888 719 2934 excepturum
750 2895 829 2920 esse
856 2882 1026 2927 affirmat,
1054 2882 1235 2920 hactenus
1264 2895 1353 2919 sane
1380 2881 1497 2932 priori
1526 2895 1613 2919 suae

1384 2945 1457 2983 30*
