1818 3178
193 148 238 182 43
646 145 696 170 m:
723 141 887 169 ouius'ri
916 138 1234 168 INCARNATIONE.

191 254 237 290 ad
265 253 359 289 hauc
384 245 692 296 Philosophicam,
730 242 792 280 sed
829 255 847 279 c
873 240 993 278 media
1021 240 1203 291 scriptura
1231 242 1472 292 desumptam,
1497 253 1696 289 argumen-

190 315 392 355 tationem?
427 310 629 348 Audiamus
666 306 727 343 hic
751 310 854 343 tuam
883 303 1139 353 Theologiam.
1191 305 1357 342 Primum
1385 305 1489 351 dicis,
1516 317 1592 342 non
1619 318 1698 343 esse

192 379 374 418 ferendam
401 373 604 412 doctrinam
630 375 806 415 nostram,
834 368 898 419 qui
927 368 1016 405 duas
1042 367 1082 405 in
1111 367 1258 405 Christo
1278 374 1429 407 naturas
1449 368 1699 417 agnoscimus,

191 449 225 481 et
254 442 438 489 utriusque
463 436 703 487 proprietates
732 432 929 483 separatim
957 431 1245 478 consideramus,
1271 437 1465 483 propterea
1492 432 1592 483 quod
1604 431 1697 470 duos

189 519 232 544 ex
261 516 332 540 uno
360 501 524 539 Christos
549 504 585 536 te
611 497 732 534 iudice
759 495 876 543 fa-(H
902 495 1122 543 iib)ciamus‚
1148 496 1305 532 alterum
1332 496 1514 546 spiritum,
1541 496 1698 533 alterum

190 578 343 603 carnem.
373 563 512 600 Deinde
539 558 852 610 argumentationi
880 563 1028 595 nostrae
1055 557 1148 594 duos
1168 558 1404 608 potissimum
1422 561 1524 597 locos
1542 573 1561 597 e
1580 560 1696 596 Paulo

188 628 357 679 opponis:
385 627 541 663 alterum
567 627 588 661 2
618 624 691 660 Cor
720 636 766 668 v.‚
791 622 858 659 ubi
886 623 1072 665 docemur,
1099 620 1219 658 Deum
1245 621 1371 667 fuisse,
1398 621 1462 671 qui
1489 622 1560 660 sibi
1586 636 1697 660 mun-

187 694 273 730 dum
298 691 337 728 iu
365 690 511 727 Christo
538 687 831 733 reconciliasset3
869 687 1024 724 alterum
1061 686 1140 724 Col.
1177 685 1231 731 ii.,
1256 686 1323 722 ubi
1349 687 1552 736 Apostolus
1580 687 1701 733 docet,

187 759 303 794 Deum
338 755 380 792 de
413 752 683 804 principatibus
719 757 754 789 et
781 750 1029 801 potestatibus
1057 749 1253 797 (nimirum
1281 750 1600 788 condemnationis
1630 764 1697 788 no-

186 822 297 867 strae)
334 818 449 867 egisse
483 816 713 867 triumphum
744 829 808 866 per
845 815 1090 864 semetipsum.
1144 814 1204 851 Ita
1231 813 1331 851 enim
1355 814 1396 851 in
1423 814 1596 852 omnibus
1623 815 1699 852 fere

184 882 306 920 latinis
334 879 604 930 exemplaribus
631 879 779 927 legitur.
810 877 903 915 Inde
931 889 1014 914 vero
1045 876 1201 925 colligis,
1221 889 1296 914 non
1315 876 1514 926 procedere
1532 880 1698 914 nostram

184 944 551 994 argmnentationem.
605 943 645 979 Si
673 942 771 980 enim
798 941 898 979 Deus
926 941 965 978 in
995 941 1143 978 Christo
1170 954 1234 991 per
1263 941 1500 991 semetipsum
1526 945 1561 978 et
1587 954 1697 978 mun-

186 1010 271 1047 dum
297 1008 368 1046 sibi
394 1007 658 1051 reconciliavit,
686 1010 721 1043 et
750 1005 984 1056 Principatus
1011 1018 1054 1042 ac
1073 1006 1276 1042 Potestates
1296 1017 1422 1042 omnes
1441 1004 1700 1055 triumphavit,

184 1087 258 1112 11011
284 1086 391 1123 posse
417 1073 455 1109 id
482 1071 612 1108 referri
639 1071 730 1108 dieis
758 1070 805 1107 ad
834 1070 973 1107 Christi
1002 1070 1281 1115 humanitatem,
1309 1069 1446 1107 nedum
1462 1074 1504 1107 ut
1524 1069 1568 1107 de
1587 1082 1698 1107 carne

183 1144 308 1177 nostra
335 1137 395 1174 hic
421 1136 561 1186 aliquid
589 1135 803 1184 cogitemus.
832 1135 1023 1172 Postremo
1042 1134 1161 1180 addis,
1180 1135 1273 1172 nihil
1293 1147 1383 1185 opus
1404 1135 1518 1172 fuisse
1537 1134 1699 1180 Christo,

185 1204 226 1247 si,
252 1203 349 1253 quod
378 1201 479 1238 carni
505 1204 654 1237 nostrae
683 1199 927 1237 constitutum
953 1204 1043 1245 erat,
1069 1199 1109 1236 iu
1136 1199 1263 1237 eadem
1284 1212 1393 1236 earne
1410 1199 1522 1236 etiam
1543 1199 1699 1249 dependi

184 1267 393 1318 expiarique
418 1265 608 1316 potuisset.
639 1263 743 1302 Haec
769 1268 811 1301 tu
837 1264 890 1301 ita
919 1268 1048 1301 contra
1076 1277 1156 1310 nos,
1183 1264 1322 1314 aisque,
1350 1268 1386 1301 te
1405 1263 1465 1300 hic
1485 1263 1698 1314 Scripturae

184 1345 246 1382 per
271 1336 307 1368 te
335 1330 465 1367 citatae
492 1328 730 1366 autoritatem
757 1328 861 1379 sequi
888 1329 1008 1374 malle,
1037 1341 1148 1378 quam
1174 1328 1357 1365 humanae
1375 1328 1587 1379 sapientiae,
1606 1330 1698 1378 (quo

185 1395 333 1433 nomine
360 1398 484 1431 nostra
512 1392 701 1441 designas)
729 1393 1082 1441 argumentationes.
1110 1395 1192 1441 Age
1219 1405 1318 1438 vero,
1338 1406 1383 1429 ne
1402 1392 1567 1441 graveris
1588 1392 1698 1430 vicis·

187 1459 254 1497 sim
287 1464 340 1503 tu,
376 1459 484 1495 homo
522 1457 754 1505 Theologus!
791 1457 920 1494 audire
953 1470 1021 1494 nos
1058 1457 1180 1503 etiam,
1217 1457 1280 1507 qui
1306 1457 1417 1505 ti-(H
1444 1457 1563 1504 iiia)bi
1589 1457 1699 1494 rudes

187 1522 408 1571 Theologiae
434 1534 598 1572 prorsus,
625 1534 741 1570 neque
765 1520 865 1557 aliud
895 1533 1006 1570 quam
1034 1520 1252 1570 Philosophi
1279 1534 1357 1558 esse
1385 1520 1564 1558 videmur.
1617 1520 1698 1557 Pri-

184 1601 286 1633 mum
311 1592 395 1624 tuae
421 1586 527 1623 istius
556 1585 782 1634 Theologiae
809 1585 1053 1622 subtilitatem
1080 1598 1156 1622 11011
1183 1585 1425 1634 assequimur,
1443 1585 1532 1622 dum
1549 1599 1570 1622 a
1590 1585 1700 1622 nobis

187 1653 374 1690 Christum
410 1651 523 1688 dividi
558 1651 625 1693 ais,
659 1655 852 1701 propterca
891 1650 990 1700 quod
1030 1649 1221 1700 utriusque
1255 1649 1294 1686 in
1321 1649 1401 1700 ipso
1430 1653 1585 1686 naturae
1610 1662 1698 1699 pro-

186 1717 356 1766 prietates
384 1715 577 1766 separatim
605 1714 898 1760 eonsidcremus3
928 1713 1010 1759 nisi,
1038 1713 1068 1751 si
1093 1718 1136 1751 tu
1163 1713 1351 1751 hominem
1371 1713 1528 1764 discerpi
1552 1725 1698 1763 quoque

188 1794 299 1825 meas,
334 1780 420 1816 dum
454 1778 493 1816 in
530 1778 593 1815 illo
625 1778 822 1828 separatim
849 1777 993 1815 animae
1020 1781 1055 1815 et
1084 1777 1266 1826 originem
1293 1781 1329 1814 et
1355 1776 1612 1827 p1·oprietateS‚
1640 1789 1697 1814 se-

187 1844 340 1894 paratim
377 1855 461 1880 vero
499 1842 661 1892 corporis
699 1846 734 1879 et
768 1841 949 1890 originem
985 1846 1019 1878 et
1056 1841 1222 1879 actiones
1251 1841 1540 1886 consideramus,
1568 1853 1696 1891 quem-

187 1908 384 1945 admodum
411 1911 494 1944 ante
521 1907 630 1943 etiam
657 1905 696 1942 id
725 1905 897 1944 diximus.
937 1905 1058 1943 Quid!
1087 1906 1188 1955 quod
1217 1905 1408 1956 Scriptura
1434 1905 1514 1956 ipsa
1533 1905 1581 1942 ad
1599 1905 1698 1943 hunc

187 1972 335 2008 modum
364 1970 493 2008 dividit
521 1970 721 2007 Christum.
749 1969 901 2007 Fatetur
928 1970 1025 2019 apud
1056 1969 1226 2007 Marcum
1247 1964 1416 2007 Christus
1434 1969 1525 2020 ipse,
1544 1982 1582 2007 se
1601 1969 1697 2006 diem

187 2040 221 2073 et
255 2036 383 2072 horam
417 2034 570 2072 extremi
601 2033 730 2070 iudicii
766 2046 841 2070 non
884 2046 1004 2072 nosse.
1059 2035 1111 2072 At
1146 2034 1282 2071 Paulus
1317 2034 1357 2071 in
1394 2034 1543 2072 Christo
1571 2046 1697 2071 omnes

189 2099 360 2136 svicutiae
391 2099 583 2136 thesauros
619 2098 830 2136 reconditos
865 2111 943 2136 esse
980 2098 1099 2137 docet.
1154 2099 1230 2135 Hic
1256 2098 1372 2148 igitur
1399 2103 1435 2137 et
1461 2103 1504 2136 tu
1532 2099 1625 2136 duos
1652 2112 1696 2136 ex

190 2178 261 2201 uuo
290 2163 455 2200 Christos
482 2163 619 2200 facies?
657 2163 826 2200 Alteriun
854 2163 917 2213 qui
946 2163 1037 2201 sciat
1064 2163 1201 2209 omnia,
1227 2164 1396 2209 alterum,
1423 2164 1487 2214 qui
1515 2164 1612 2201 diem
1638 2164 1694 2201 iu-

191 2228 275 2263 dicii
301 2228 471 2275 ignoret?
524 2228 667 2264 Rursus
695 2227 782 2264 dum
810 2228 946 2264 Paulus
975 2228 1164 2265 Christum
1191 2228 1282 2265 alibi
1309 2229 1549 2266 maledictum
1577 2233 1696 2274 vocat,

191 2291 279 2326 :dibi
315 2291 543 2340 splendorem
570 2291 709 2339 gloriae
736 2295 771 2328 et
799 2291 1046 2328 characterem
1074 2292 1291 2330 existentiae
1317 2292 1497 2330 Paternae
1523 2305 1601 2329 esse
1629 2292 1695 2328 do-

192 2362 257 2391 cet.
287 2354 387 2390 Num
413 2358 447 2390 ct
475 2354 504 2390 is
533 2354 623 2390 duos
651 2354 852 2391 secundum
878 2358 914 2391 te
943 2354 1109 2392 Christos
1136 2355 1273 2393 faciet?
1301 2369 1387 2393 nam
1404 2356 1444 2393 in
1463 2356 1697 2406 splendorem

192 2417 336 2454 divinae
370 2417 505 2465 gloriae
533 2418 768 2455 maledictum
797 2418 925 2455 cadere
952 2432 1027 2456 non
1054 2423 1186 2469 potest.
1242 2419 1390 2458 Quodsi
1417 2419 1474 2457 his
1502 2424 1538 2457 et
1565 2419 1696 2457 simili-

191 2479 259 2516 bus
288 2480 494 2530 Scripturae
520 2481 609 2517 locis
636 2481 693 2528 (H
719 2481 797 2529 iiib)
827 2482 994 2519 Christus
1023 2483 1212 2529 dividitur,
1232 2488 1268 2521 et
1289 2497 1357 2522 nos
1376 2484 1485 2521 facile
1502 2483 1697 2534 patiemur,

191 2549 231 2581 ut
260 2543 446 2580 Christum
473 2544 645 2582 dividisse
671 2545 855 2591 dicamur3
884 2546 958 2590 sed,
987 2546 1016 2583 si
1036 2547 1226 2597 Scriptura
1249 2562 1366 2586 unum
1384 2547 1628 2585 nihilominus
1639 2551 1695 2585 at-

191 2620 261 2656 quc
296 2607 456 2643 cundum
493 2607 679 2644 Christum
712 2608 914 2645 Dominum
950 2610 1131 2659 agnoscit,
1165 2611 1310 2649 etiamsi
1345 2611 1539 2661 utriusque
1564 2612 1603 2648 iu
1629 2610 1695 2648 illo

193 2676 343 2707 naturae
378 2669 615 2720 proprietates
651 2673 845 2721 separatim
882 2674 1087 2712 consideret
1113 2688 1157 2712 ac
1185 2675 1381 2721 discernat,
1416 2676 1523 2714 dabis
1552 2676 1696 2714 veniam

191 2733 298 2771 nobis
334 2733 580 2782 Philosophis,
613 2739 665 2779 tu,
693 2734 801 2772 homo
829 2731 1059 2786 Theologus!
1088 2738 1119 2775 si
1147 2738 1208 2776 hic
1235 2739 1447 2790 Scripturae
1472 2740 1696 2778 testimoniis

193 2800 324 2849 potius,
358 2812 467 2849 quam
502 2804 586 2836 tuae
622 2800 844 2849 'l‘heologiae
879 2803 1135 2849 assentiamur,
1170 2809 1281 2855 atque
1315 2818 1432 2842 unum
1468 2810 1503 2843 et
1538 2805 1695 2843 eundem

191 2862 388 2901 indivisum
434 2863 468 2898 ἰιι
506 2868 693 2903 aeternum
736 2865 923 2903 Christum
958 2865 1161 2905 Dominum
1196 2881 1274 2905 esse
1313 2869 1517 2915 credamus,
1551 2868 1696 2907 etiamsi
