1818 3178
196 96 270 131 460
695 103 911 130 REsPoNsm
939 105 1030 131 ADv.
1059 104 1224 131 Host.

198 218 294 247 mus,
327 205 449 241 minus
487 204 603 240 multo
631 203 890 253 quaerendam
928 217 1006 241 esse
1042 205 1140 255 apud
1171 204 1329 241 Hosium
1366 209 1401 242 et
1438 218 1543 242 suum
1572 205 1725 255 Papam,

201 273 390 318 utcunque
427 280 505 304 sese
542 279 653 317 supra
690 279 799 303 omne
834 266 874 304 id
910 267 1010 317 quod
1040 267 1176 304 dicitur
1203 266 1302 305 Deus
1330 273 1394 306 aut
1422 269 1573 305 Numen
1599 267 1725 306 efferre

207 336 372 371 conetur.

255 398 335 433 Iam
381 395 425 432 de
471 408 512 432 ea
557 395 595 432 in
641 408 714 445 qua
751 395 830 432 nati
874 399 909 432 et
953 395 1074 433 renati
1111 408 1237 433 sumus
1273 395 1451 439 Ecclesia,
1487 396 1531 433 ad
1569 397 1724 434 eundem

206 461 354 498 modum
384 459 664 511 respondemus,
691 459 804 496 modo
832 459 975 496 Hosius
1004 460 1190 505 ostendat,
1218 473 1395 511 quaenam
1423 461 1470 499 sit
1489 475 1528 498 ea
1550 461 1728 506 Ecclesia,

203 527 241 564 in
270 539 342 576 qua
370 538 439 562 nos
465 524 545 575 ipse
574 537 721 561 manere
749 528 919 575 oportere
946 526 1113 563 affirmat.
1150 525 1325 563 Fatemur
1351 526 1450 563 enim
1477 530 1513 564 et
1540 540 1621 569 nos,
1649 540 1726 564 non

204 591 324 628 solum
352 603 430 627 esse
457 588 567 626 nobis
595 589 821 626 manendum
850 589 889 626 in
916 602 958 626 ea
986 589 1165 634 Ecclesia,
1192 589 1229 626 in
1260 603 1331 640 qua
1358 591 1437 627 nati
1463 597 1499 628 et
1526 592 1645 629 renati
1664 605 1725 629 su-

204 668 300 700 mus,
334 654 398 692 sed
436 653 605 704 protinus
642 653 752 690 etiam
790 653 1056 691 recurrendum
1093 653 1139 691 ad
1166 653 1283 698 illam,
1311 655 1422 692 simul
1449 659 1558 705 atque
1584 669 1653 693 nos
1680 656 1726 693 ab

206 732 247 756 ea
284 718 549 769 quoquomodo
588 717 795 755 declinasse
822 717 1166 756 animadvertimus.
1222 719 1415 756 Caeterum
1445 721 1729 757 commonstrari

207 786 352 833 oportet
379 796 459 820 eam
486 782 603 833 ipsam
633 782 852 827 Ecclesiam,
879 795 925 819 ne
951 782 1076 819 fucum
1107 782 1264 833 speciosi
1289 783 1390 820 tituli
1419 796 1549 821 causae
1580 788 1730 822 nostrae

205 848 299 885 falso
337 846 596 884 obtendamus.
652 847 734 884 Nos
770 847 885 896 igitur
921 860 1002 884 eam
1038 847 1258 892 Ecclesiam,
1293 847 1333 884 in
1371 861 1442 898 qua
1470 848 1660 898 gignimur
1687 861 1730 885 ac

205 912 446 962 regignimur,
474 924 550 948 non
577 911 688 949 aliam
715 925 795 949 6556
823 911 1019 958 credimus,
1049 925 1157 962 quam
1187 925 1278 958 eam,
1308 925 1401 962 quae
1417 912 1526 950 nobis
1548 915 1583 950 et
1604 913 1728 963 Scrip-

202 980 309 1013 turae
337 978 486 1012 sanctae
509 974 727 1012 testimonio
764 978 799 1011 et
838 974 1010 1023 Symboli
1037 975 1248 1025 Apostolici
1276 976 1520 1012 Confessione
1539 988 1728 1013 commen-

205 1040 327 1085 datur,
364 1052 494 1090 nempe
530 1039 774 1084 Catholicam,
804 1039 875 1076 hoc
903 1043 958 1076 est
985 1040 1154 1077 omnium
1181 1044 1403 1091 temporum,
1431 1041 1477 1077 ab
1507 1040 1587 1078 Ada
1618 1043 1728 1088 (194)

204 1119 322 1156 usque
357 1104 403 1142 ad
433 1104 547 1141 seculi
576 1103 946 1149 consummationem,
977 1109 1012 1141 et
1040 1104 1204 1141 omnium
1232 1105 1413 1147 locorum,
1441 1109 1480 1142 ut
1506 1105 1602 1142 nulli
1630 1110 1728 1142 certo

210 1171 290 1207 loco
328 1174 391 1207 aut
428 1169 533 1218 genti
561 1182 607 1206 ne
635 1169 755 1205 dicam
783 1168 871 1205 ullis
899 1168 1081 1218 personis,
1108 1172 1172 1206 aut
1199 1181 1321 1205 earum
1351 1168 1599 1219 qualicunque
1625 1182 1731 1219 prae-

207 1233 397 1282 rogativae
439 1245 500 1269 seu
545 1230 773 1268 successioni
809 1230 1019 1268 ordinariae
1055 1231 1239 1279 alligetur.
1284 1231 1471 1268 Nimirum
1509 1244 1591 1268 cum
1628 1236 1730 1268 extra

208 1298 304 1334 hanc
338 1296 441 1333 nulla
478 1296 524 1333 sit
556 1296 628 1332 alia
666 1295 735 1332 Dei
770 1295 949 1337 Ecclesia,
986 1299 1033 1337 et,
1070 1296 1133 1346 qui
1169 1295 1207 1333 in
1237 1296 1301 1332 illa
1330 1300 1545 1339 nascuntur,
1572 1296 1619 1332 ab
1648 1295 1729 1332 aliis

204 1366 307 1400 extra
333 1362 436 1398 illam
463 1360 561 1397 natis
588 1373 652 1410 per
680 1360 837 1397 Paulum
865 1360 1087 1410 Apostolum
1118 1359 1390 1406 discernuntur,
1421 1373 1501 1398 cum
1530 1361 1616 1397 item
1645 1360 1728 1397 uni-

206 1440 283 1463 cam
322 1426 419 1462 hanc
452 1429 488 1462 et
523 1424 634 1461 aliam
670 1424 811 1461 nullam
850 1423 1058 1462 Ecclesiam
1094 1437 1167 1461 una
1203 1424 1312 1462 etiam
1349 1424 1422 1462 fide
1451 1437 1597 1475 unoque
1623 1437 1729 1473 rege-

204 1490 408 1529 nerationis
435 1493 585 1527 nostrae
612 1488 870 1538 obsignaculo‚
897 1489 1090 1539 Baptismo
1118 1489 1284 1540 inquam,
1310 1489 1515 1540 praeditam
1538 1493 1729 1526 ornatam-

204 1570 276 1607 que
311 1569 390 1593 esse
426 1558 582 1600 constet,
618 1555 855 1605 perspicuum
892 1560 959 1598 est,
987 1568 1127 1598 omnes,
1158 1555 1372 1605 quicunque
1398 1555 1438 1591 in
1465 1554 1535 1591 Dei
1562 1554 1731 1591 Ecclesia

203 1624 310 1658 natos
338 1633 376 1657 56
403 1632 446 1656 ac
472 1622 621 1657 renatos
648 1632 727 1656 6556
753 1618 908 1667 gloriari
934 1619 1077 1663 volunt,
1102 1619 1211 1657 fateri
1239 1624 1418 1669 oportere,
1447 1632 1496 1663 se,
1524 1619 1620 1656 intra
1648 1633 1728 1656 eam

203 1685 334 1735 ipsam,
372 1697 483 1722 unam
520 1687 687 1721 sanctam
725 1683 1022 1734 catholicamque
1050 1683 1269 1727 Ecclesiam,
1296 1688 1331 1721 et
1359 1697 1432 1721 non
1452 1684 1543 1721 alibi
1561 1697 1731 1734 usquam,

205 1753 313 1787 natos
341 1762 385 1786 ac
411 1751 560 1787 renatos
587 1761 668 1786 esse
694 1747 733 1785 in
761 1748 910 1786 Christo
940 1748 1102 1786 Domino
1140 1748 1185 1785 ad
1220 1748 1335 1786 vitam
1362 1762 1404 1785 ac
1432 1749 1585 1786 salutem
1612 1753 1731 1786 aeter-

206 1828 306 1857 nam,
323 1836 373 1844 —
400 1827 443 1851 ac
469 1813 627 1865 proinde
651 1813 756 1851 iuxta
785 1813 899 1851 Hosii
925 1813 1120 1864 ipsiusmet
1148 1814 1358 1851 doctrinam
1385 1814 1424 1851 in
1450 1813 1641 1851 Catholica
1660 1814 1730 1851 hac

207 1879 276 1916 Dei
311 1878 479 1916 Ecclesia
516 1878 625 1916 nobis
663 1877 837 1915 omnibus
872 1878 1166 1929 permanendum
1204 1891 1282 1916 esse
1310 1879 1480 1924 fatemur,
1510 1878 1669 1929 denique
1697 1883 1732 1915 et

207 1943 252 1980 ad
289 1943 392 1980 illam
428 1955 515 1980 mox
545 1941 647 1979 omni
675 1942 915 1980 contentione
941 1942 1221 1988 recurrendum,
1249 1945 1604 1993 qua-(195)cunque
1629 1946 1734 1993 parte

206 2008 254 2045 ab
280 2007 345 2044 illa
374 2019 442 2044 nos
472 2007 678 2044 declinasse
705 2006 886 2044 videmus.
916 2007 1000 2043 Imo
1029 2019 1115 2043 vero
1146 2006 1261 2044 debiti
1288 2006 1327 2044 id
1355 2007 1539 2057 officiique
1565 2007 1732 2044 omnium

207 2071 376 2120 gentium
403 2083 484 2108 6556
510 2073 698 2121 praeterea
727 2069 899 2115 dicimus,
925 2074 967 2107 ut
995 2083 1032 2107 56
1060 2069 1106 2106 ad
1135 2069 1212 2107 eius
1238 2069 1356 2120 ipsius
1383 2070 1572 2108 Ecclesiae
1599 2083 1731 2120 aggre-

209 2136 399 2184 gationem
426 2134 647 2183 adiungant,
676 2134 707 2171 si
734 2133 772 2171 id
798 2134 877 2171 ullo
904 2134 1017 2171 modo
1045 2134 1166 2172 facere
1194 2138 1346 2185 queant,
1372 2148 1419 2172 ne
1445 2134 1533 2172 olim
1563 2147 1646 2172 cum
1675 2136 1732 2172 fa-

208 2199 281 2237 tuis
315 2199 525 2248 virginibus
554 2198 628 2235 illis
664 2198 712 2235 ab
749 2198 908 2235 aeternis
937 2198 1106 2236 coelestis
1133 2198 1276 2247 gloriae
1304 2198 1446 2249 nuptiis
1474 2199 1732 2237 excludantur.

210 2264 338 2301 Quare
373 2263 403 2300 si
439 2275 483 2300 ex
518 2262 644 2299 animo
684 2262 809 2306 sentit,
844 2262 945 2312 quod
982 2262 1114 2300 scribit
1142 2262 1298 2307 Hosius,
1326 2266 1391 2300 aut
1419 2263 1602 2309 ostendat,
1629 2267 1732 2301 extra

209 2328 305 2365 hanc
343 2328 550 2365 Ecclesiam
588 2325 820 2365 Catholica‘m
857 2327 961 2365 nasci
999 2341 1068 2364 nos
1105 2340 1148 2364 ac
1184 2328 1329 2365 renasci
1356 2327 1401 2365 ad
1431 2328 1588 2365 salutem
1615 2341 1735 2378 posse,

207 2396 270 2430 aut
298 2392 329 2429 si
354 2392 393 2429 id
421 2405 498 2429 non
524 2396 658 2442 potest,
687 2391 838 2441 cogitet,
864 2391 963 2442 quod
993 2391 1075 2429 aliis
1104 2391 1244 2434 suadet,
1270 2391 1370 2429 idem
1398 2391 1470 2429 sibi
1496 2392 1605 2429 etiam
1625 2405 1731 2442 prae-

209 2457 379 2495 standum
419 2470 509 2502 esse,
544 2470 677 2507 nempe
711 2460 765 2502 ut,
802 2456 945 2494 deserta
979 2457 1200 2507 Apostatica
1228 2457 1350 2509 Papae
1376 2456 1443 2506 {sui
1477 2456 1659 2501 Ecclesia,
1684 2455 1732 2492 ad

209 2533 285 2558 eam
316 2519 453 2563 redeat,
479 2520 520 2557 in
547 2533 620 2570 qua
648 2519 726 2556 sola
754 2519 801 2556 ad
829 2519 983 2556 salutem
1013 2532 1140 2556 omnes
1169 2523 1204 2557 et
1232 2519 1336 2556 nasci
1355 2523 1390 2556 et
1411 2518 1556 2556 renasci
1576 2521 1732 2555 constat.

209 2584 452 2622 Ostendimus
480 2584 580 2621 enim
605 2584 644 2621 in
673 2583 812 2621 nostris
840 2583 886 2620 ad
913 2583 1069 2633 primam
1099 2587 1134 2621 et
1161 2583 1331 2634 quintam
1366 2582 1477 2620 Hosii
1496 2585 1731 2631 argumenta-

207 2650 346 2687 tionem
382 2648 700 2699 responsionibus,
738 2649 877 2699 Papam
916 2661 999 2686 cum
1036 2649 1158 2686 iurato
1196 2661 1343 2686 suarum
1372 2651 1621 2685 creaturarum
1649 2659 1730 2683 om-

206 2715 307 2752 nium
336 2713 509 2752 satellitio
539 2714 634 2751 nihil
661 2714 813 2751 omnino
844 2727 1039 2752 commune
1066 2714 1202 2752 habere
1230 2727 1312 2751 cum
1343 2712 1533 2750 Catholica
1562 2712 1729 2750 Ecclesia

208 2778 359 2823 Christi,
393 2778 456 2816 sed
492 2791 571 2815 esse
597 2779 839 2828 apostaticam
869 2779 994 2817 furum
1022 2782 1057 2817 et
1083 2779 1274 2816 latronum
1301 2778 1524 2828 speluncam,
1552 2776 1729 2827 quemad-

205 2844 359 2881 modum
397 2842 566 2880 Christus
594 2844 704 2890 (196)
730 2843 884 2893 ipsemet
911 2846 1080 2889 testatur,
1108 2843 1147 2880 in
1183 2856 1255 2893 qua
1289 2840 1437 2879 interim
1464 2853 1528 2891 per
1556 2840 1730 2879 adnatam
