1818 3178
1544 105 1615 143 379

90 222 323 273 publicarum
356 222 398 258 in
435 219 602 257 Ecclesia
632 219 870 256 vocationum
899 218 1143 261 functionem,
1170 220 1206 254 et
1234 229 1341 254 suum
1369 215 1431 254 isti
1459 228 1616 264 regnum

90 286 330 324 interiturum
356 283 510 321 omnino
538 296 616 321 esse
643 283 870 332 intelligant,
897 283 928 320 si
956 295 1022 319 sua
1050 282 1207 333 quisque
1237 280 1431 319 vocatione
1453 280 1620 330 legitime

91 351 198 389 iuxta
233 349 388 388 verbum
415 348 486 386 Dei
514 348 790 398 defungeretur,
818 347 1124 398 reprehensiones
1152 347 1337 384 abusuum
1365 344 1511 383 divinas
1538 357 1619 382 om·

93 429 158 454 nes
192 415 321 453 turbas
357 427 438 451 esse
474 413 780 464 interpretantur.
835 412 956 451 Quasi
983 425 1070 450 vero
1097 411 1287 461 legitimae
1313 410 1620 462 reprehensiones

93 481 172 518 sine
207 479 327 517 turbis
363 478 507 516 institui
545 491 621 515 non
658 478 817 528 possint,
850 481 915 515 aut
942 477 1048 527 quasi
1075 477 1269 514 turbarum
1298 476 1404 526 culpa
1430 476 1469 512 in
1496 474 1620 524 legiti-

91 545 161 582 mis
196 544 380 581 abusuum
414 542 768 593 reprehensionibus
804 541 852 578 sit
885 541 1019 591 posita,
1054 553 1097 578 ac
1134 552 1212 577 non
1250 540 1375 590 potius
1401 539 1441 576 in
1468 540 1620 577 illorum

92 608 346 647 obstinatione
381 621 424 645 ac
458 607 678 658 pervicacia,
715 606 779 657 qui
815 606 860 643 de
896 606 971 643 suis
1009 605 1189 642 abusibus
1216 604 1404 642 remittere
1431 604 1527 642 nihil
1554 617 1621 641 vo-

91 676 189 719 lunt,
228 687 272 711 ac
305 673 463 724 proinde
498 685 644 710 sursum
680 685 724 709 ac
760 671 934 708 deorsum
969 670 1129 708 miscent
1165 670 1304 715 omnia,
1347 670 1378 706 si
1415 683 1452 707 se
1485 668 1621 718 attingi

93 739 255 777 sentiant
289 739 367 776 ullo
405 737 528 776 modo.
584 738 677 774 Cum
712 736 827 785 igitur
863 735 1058 786 Papismus
1091 735 1301 780 universus,
1336 738 1375 772 ut
1417 747 1516 772 nunc
1553 738 1622 780 est,

94 817 176 842 cum
214 803 385 841 doctrina
419 802 620 851 Euangelii
658 801 860 838 consistere
898 799 1187 850 haudquaquam
1229 799 1360 850 possit,
1396 803 1507 850 atque
1543 799 1622 837 eius

92 869 280 921 praesides
317 881 422 906 suam
449 867 677 918 impietatem
705 878 773 917 pro
803 878 944 903 summa
970 864 1107 915 pietate
1134 864 1276 901 mundo
1306 863 1377 901 toti
1405 863 1624 910 obtrudant,

91 934 228 973 nedum
265 938 305 971 ut
341 934 433 970 ullas
467 932 569 969 illius
595 930 902 981 reprehensiones
932 942 1048 980 aequo
1078 929 1312 977 ani-(86)mo
1342 929 1557 975 admittant,
1586 933 1622 966 et

92 999 242 1037 interim
279 999 418 1035 efficere
450 1010 527 1035 non
563 995 720 1047 possint,
757 994 957 1045 quominus
994 994 1099 1031 verbi
1127 993 1245 1030 divini
1271 993 1473 1034 autoritate
1499 1007 1624 1044 repre-

94 1063 316 1106 hendantur,
351 1061 446 1098 nihil
482 1073 560 1098 non
595 1063 754 1105 tentant,
792 1059 867 1096 sive
905 1062 1005 1096 metu
1042 1059 1119 1096 sive
1154 1058 1242 1095 odio
1279 1057 1624 1108 reprehensionum,

94 1129 194 1179 quod
230 1127 342 1164 modo
378 1129 512 1177 putant
538 1125 585 1162 ad
614 1123 914 1174 supprimendam
944 1123 1213 1160 abolendamve
1239 1123 1344 1160 verbi
1373 1123 1490 1160 divini
1517 1129 1624 1160 auto-

93 1194 240 1231 ritatem
268 1191 465 1242 pertinere.
506 1190 638 1239 Neque
667 1189 727 1225 hie
753 1188 828 1225 illis
857 1188 946 1225 satis
973 1194 1041 1232 est,
1070 1193 1110 1225 ut
1138 1188 1305 1236 Regibus
1333 1200 1376 1225 ac
1405 1187 1624 1225 Monarchis

93 1261 269 1308 perpetuo
306 1255 480 1292 occinant
507 1253 770 1303 Propheticum
797 1251 914 1288 illud:
943 1251 1230 1302 Disrumpamus
1258 1251 1407 1290 vincula
1434 1265 1561 1289 eorum
1589 1255 1625 1289 et

93 1323 173 1359 lora
199 1321 365 1371 ipsorum
393 1317 626 1363 abiiciamus,
653 1317 745 1364 (hoc
771 1316 870 1354 enim
898 1329 964 1353 suo
985 1329 1088 1353 more
1108 1317 1264 1363 faciunt,
1289 1321 1329 1354 ut
1347 1317 1626 1354 admonitiones

93 1391 129 1424 et
163 1384 469 1436 reprehensiones
499 1382 745 1431 Euangelicas
774 1382 899 1419 nescio
928 1394 1021 1432 quae
1048 1381 1197 1419 vincula
1225 1394 1268 1418 ac
1294 1382 1375 1419 lora
1402 1395 1482 1420 esse
1507 1382 1625 1420 inter-

91 1451 300 1502 pretentur)
341 1448 406 1485 sed
450 1447 599 1498 ipsimet
640 1447 752 1485 etiam
799 1447 977 1484 adversus
1012 1446 1116 1484 verbi
1152 1446 1308 1484 Domini
1344 1446 1553 1485 doctrinam
1589 1451 1626 1485 et

92 1515 170 1553 eius
206 1513 398 1551 ministros
434 1525 539 1550 enses
575 1512 744 1549 flammas
780 1524 823 1548 ac
861 1524 1024 1548 carceres
1066 1524 1154 1548 suos
1188 1511 1229 1549 in
1264 1516 1439 1562 promptu
1476 1511 1630 1558 habent,

94 1591 315 1629 sursumque
349 1590 393 1614 ac
429 1577 604 1614 deorsum
640 1577 799 1614 miscent
836 1576 974 1619 omnia,
1010 1578 1051 1613 ut
1077 1576 1264 1613 invectam
1292 1577 1406 1613 semel
1433 1589 1539 1614 suam
1565 1581 1625 1627 ty-

94 1643 302 1687 rannidem,
339 1642 395 1680 vel
429 1641 508 1679 Deo
537 1642 617 1691 ipso
645 1640 780 1685 invito,
807 1639 968 1677 retinere
995 1640 1151 1690 possint.
1206 1639 1294 1677 Hoc
1321 1652 1407 1677 vero
1434 1639 1517 1678 istis
1545 1644 1627 1678 tur-

96 1709 291 1746 bulentum
325 1720 403 1744 non
439 1710 506 1752 est,
550 1704 613 1743 sed
649 1705 845 1743 turbarum
882 1705 1027 1755 culpam
1064 1704 1257 1742 doctrinae
1296 1705 1400 1742 verbi
1436 1705 1555 1743 divini
1591 1710 1628 1743 et

96 1767 183 1812 eius
209 1772 391 1810 ministris
425 1771 603 1822 imputari
641 1770 785 1808 volunt.
839 1770 952 1807 quta
987 1769 1081 1806 istos
1121 1769 1262 1807 scilicet
1288 1769 1500 1808 turbulenti
1529 1777 1629 1813 sunt,

95 1838 161 1888 qui
196 1837 292 1874 vicia
327 1827 603 1886 reprehendunt
638 1836 725 1883 (87)
762 1839 798 1872 et
835 1848 944 1872 suum
976 1833 1109 1884 cuique
1145 1834 1307 1872 officium
1340 1847 1386 1871 ex
1415 1835 1528 1872 verbo
1556 1834 1627 1872 Dei

97 1905 404 1948 commonstrant,
436 1906 478 1939 ut
514 1901 651 1939 servari
686 1900 843 1952 possint,
879 1906 991 1951 atque
1028 1900 1099 1937 hoe
1129 1901 1280 1938 nomine
1315 1901 1430 1939 invisi
1458 1901 1627 1939 destituti

95 1967 213 2019 pressi
249 1969 360 2016 atque
397 1965 523 2003 afflicti
561 1978 744 2015 nusquam
780 1978 856 2002 non
886 1964 1062 2002 oberrant
1090 1968 1262 2002 secantur
1289 1968 1483 2003 tentantur
1509 1979 1627 2003 urun-

96 2036 158 2069 tur
186 2033 405 2079 merguntur
432 2032 468 2067 et
494 2029 612 2078 gladii
641 2029 830 2066 occisione
857 2029 1030 2066 alacriter
1057 2029 1096 2066 in
1125 2029 1287 2067 Domino
1315 2031 1557 2076 occumbunt,
1577 2052 1628 2060 —

97 2101 133 2133 et
168 2095 224 2133 illi
258 2094 406 2146 pacifici
439 2098 560 2140 erunt,
597 2094 662 2145 qui
698 2094 789 2131 haec
825 2095 950 2132 omnia
986 2099 1190 2145 procurant
1226 2099 1337 2145 atque
1372 2095 1412 2132 in
1441 2095 1512 2133 hoc
1540 2108 1627 2133 suos

95 2161 244 2212 ipsimet
289 2172 451 2196 carceres
496 2159 603 2208 ignes
640 2162 675 2196 et
709 2171 816 2196 enses
852 2158 1044 2209 expeditos
1081 2159 1249 2196 habent?
1303 2159 1365 2197 Ad
1400 2159 1501 2197 hune
1540 2173 1629 2198 sane

97 2225 248 2263 modum
284 2223 503 2274 tyrannicus
531 2223 593 2260 ille
619 2236 683 2261 rex
711 2223 861 2261 Israelis
889 2223 1022 2260 Achab
1051 2223 1173 2260 Eliam
1201 2223 1272 2261 Dei
1298 2223 1519 2274 prophetam
1545 2228 1627 2262 tur-

98 2291 230 2328 barum
266 2288 479 2333 accusabat,
516 2288 578 2325 sed
614 2301 761 2326 rursum
798 2289 845 2326 ab
881 2288 946 2325 illo
983 2288 1111 2326 audire
1148 2292 1298 2326 coactus
1326 2294 1393 2333 est,
1420 2289 1522 2340 quod
1551 2303 1628 2328 non

97 2355 268 2406 equidem
304 2353 419 2399 Elias,
454 2352 516 2390 sed
552 2352 707 2403 ipsemet
743 2366 808 2391 sua
843 2353 1044 2402 tyrannide
1080 2357 1190 2404 atque
1216 2353 1430 2391 idololatria
1459 2355 1627 2392 omnium

95 2419 289 2457 turbarum
327 2430 370 2455 ae
405 2416 655 2454 calamitatum
691 2417 729 2454 in
765 2417 903 2454 Israele
939 2421 1048 2454 autor
1082 2421 1189 2456 esset.
1244 2418 1305 2455 Ita
1341 2422 1376 2455 et
1404 2431 1473 2456 nos
1499 2419 1629 2468 igitur,

101 2482 329 2521 Romanensi
356 2482 476 2519 nostri
502 2481 680 2532 temporis
708 2481 878 2526 Achabo,
906 2482 1026 2532 Papae
1043 2482 1198 2532 inquam
1217 2495 1300 2520 cum
1319 2483 1493 2521 universo
1517 2497 1630 2533 grege

97 2548 229 2598 ipsius,
266 2547 330 2597 qui
366 2549 533 2583 nostram
570 2545 780 2583 doctrinam
816 2546 1011 2583 turbarum
1045 2545 1252 2592 insimulat,
1289 2547 1393 2585 Eliae
1428 2548 1630 2599 prophetae

100 2612 222 2649 verbis
258 2610 603 2662 respondissemus:
631 2609 721 2646 Non
757 2622 836 2646 esse
870 2621 952 2652 nos,
992 2609 1056 2659 qui
1084 2610 1222 2648 nostris
1250 2623 1294 2648 ex
1322 2611 1435 2648 verbo
1465 2611 1534 2648 Dei
1563 2611 1630 2648 ad-

99 2676 370 2714 monitionibus
417 2687 459 2712 ac
495 2673 846 2724 reprehensionibus
883 2674 1015 2711 turbas
1060 2674 1157 2712 ullas
1194 2688 1506 2722 commoveamus,
1544 2688 1628 2713 eum

101 2741 201 2779 aliud
238 2740 334 2779 nihil
370 2752 482 2791 quam
516 2739 674 2787 gloriam
704 2738 844 2776 Christi
873 2738 1027 2776 Domini
1053 2739 1093 2777 in
1119 2753 1235 2789 regno
1263 2740 1382 2791 ipsius
1409 2744 1445 2778 et
1473 2741 1629 2778 salutem

101 2806 267 2844 omnium
295 2808 634 2857 quae-(88)ramus‚
662 2806 726 2844 sed
751 2805 859 2843 illum
885 2806 1084 2857 ipsummet
1112 2807 1388 2846 Romanensem
1416 2807 1629 2851 Achabum,

101 2871 164 2923 qui
193 2872 353 2910 Romani
380 2871 532 2918 Imperii
558 2871 676 2910 fasces
703 2871 881 2910 insidiose
908 2871 1045 2911 invasit
1073 2885 1233 2924 suaeque
1260 2872 1450 2924 tyrannidi
1481 2872 1628 2911 demum
