1818 3178
225 107 296 143 398
724 120 940 147 RESPONSIO
968 123 1063 149 ⁴mv.
1095 123 1261 151 HosmM.

224 217 356 254 turalis
392 217 640 254 substantiam
676 219 785 256 matri
821 233 920 266 suae,
959 235 1004 259 ex
1041 236 1113 273 qua
1147 223 1250 262 illam
1288 225 1442 276 accepit,
1469 226 1625 272 dedisse,
1653 241 1745 279 quae

221 280 279 318 illi
314 281 456 330 alioqui
491 294 613 318 secum
651 283 859 321 communis
896 297 1038 336 semper
1076 291 1167 332 erat,
1201 288 1346 327 etiamsi
1382 291 1570 340 personali
1604 293 1745 330 unione

221 346 323 383 verbi
362 345 493 396 ipsius,
528 347 844 396 quemadmodum
881 354 1022 388 veteres
1058 351 1278 402 loquuntur,
1312 355 1460 406 propria
1497 356 1595 393 facta
1634 361 1743 396 esset.

223 410 326 448 Quid
362 424 447 448 vero
487 411 577 448 haec
604 412 649 449 ad
678 413 821 461 tragica
850 414 979 452 Alberi
1008 416 1120 453 verba
1155 417 1219 454 illa
1257 418 1300 456 de
1326 420 1480 457 immani
1507 421 1630 458 foetus
1656 434 1742 471 pro·

219 474 291 524 prii
325 488 345 512 a
382 475 517 513 felibus
551 481 587 514 et
621 478 750 515 suibus
788 478 1053 517 devoratione?
1090 480 1164 518 nisi
1191 483 1290 532 quod
1324 484 1454 522 Alberi
1482 485 1742 523 maledicentia

220 539 303 576 aliis
337 540 460 578 verbis
493 541 599 591 loqui
633 555 707 580 non
736 543 871 593 potuit.
926 544 1073 582 Quodsi
1107 547 1273 596 palatum
1310 548 1434 593 Hosii,
1461 549 1573 587 nimis
1601 550 1740 601 alioqui

219 604 258 641 in
296 604 440 642 delectu
478 606 646 644 ciborum
684 608 850 653 anxium,
888 608 1059 647 doctrina
1094 610 1162 647 hac
1199 617 1341 657 nostra,
1378 618 1417 651 ut
1443 614 1548 652 illam
1575 615 1741 665 exposui,

217 668 429 713 offenditur,
465 670 645 708 dissolvat
679 672 789 710 nobis
819 678 986 710 nostram
1014 675 1351 723 ratiocinationem,
1380 692 1425 715 ex
1454 680 1741 730 Scripturis'ip-

218 732 268 770 sis
303 733 470 784 petitam,
505 740 540 772 et
576 736 748 774 ostendat
783 750 849 787 pro
877 737 1091 776 admirabili
1126 753 1204 783 sua,
1231 754 1340 792 quam
1368 756 1456 793 prae
1484 757 1521 781 se
1548 745 1630 788 fert,
1657 758 1741 781 eru-

217 797 360 835 ditione
396 806 507 848 atque
544 799 766 849 eloquentia,
803 801 900 838 idem
938 815 1016 839 esse
1054 803 1220 854 accipere
1254 809 1289 842 et
1317 805 1416 852 dare,
1444 811 1506 844 aut
1534 821 1603 845 nos
1629 809 1667 845 id
1697 809 1742 846 de

216 865 347 900 nostro
375 863 527 913 proprio
555 863 613 901 his
640 865 876 915 potissimum
907 866 1006 910 dare,
1032 868 1132 918 quod
1161 868 1206 906 ab
1235 869 1310 907 illis
1338 871 1574 922 accepimus?
1602 877 1638 910 et
1657 874 1740 924 qui-

216 927 298 964 dem
329 927 508 965 duntaxat
534 942 599 978 per
626 930 963 980 participationem,
990 936 1032 969 ut
1057 932 1153 970 illud
1191 946 1386 972 commune
1413 936 1564 986 quidem
1591 936 1643 974 eis
1672 951 1739 975 no-

216 989 358 1027 hiscum
397 1004 552 1041 semper,
580 992 689 1029 nobis
719 1006 804 1029 vero
833 994 924 1044 ipsis
952 996 1143 1045 proprium
1173 1009 1364 1048 nunquam
1392 1001 1477 1047 (16)
1505 1001 1622 1039 fuisse
1649 1014 1739 1040 con-

214 1058 298 1093 stet.
353 1055 429 1093 Hic
465 1057 578 1105 igitur
617 1057 728 1095 Hosii
764 1071 920 1096 acumen
956 1061 1245 1110 expectabimus,
1274 1067 1386 1114 atque
1413 1064 1457 1101 ad
1487 1065 1558 1103 alia
1585 1079 1738 1117 progre-

212 1120 368 1159 diemur.

812 1188 1073 1226 Articulus
1102 1193 1136 1228 2.

266 1329 283 1346 ιι
297 1313 469 1352 Christus
497 1328 541 1352 ex
570 1315 680 1352 nobis
710 1315 927 1354 hominibus
956 1330 1100 1355 carnem
1131 1320 1275 1372 accepit
1302 1326 1337 1359 et
1358 1324 1590 1372 sanguinem.
1619 1325 1736 1376 Prop-

213 1383 352 1421 nterea,
380 1393 473 1430 quae
500 1393 544 1417 ex
573 1380 683 1418 nobis
711 1381 865 1432 accepit,
893 1383 1019 1420 eadem
1050 1385 1161 1423 nobis
1189 1387 1342 1425 reddere
1369 1401 1444 1426 non
1473 1390 1636 1440 potest.'’

834 1511 1116 1562 Responsio,

259 1640 477 1678 Docti-inam
516 1640 666 1691 quidem
704 1641 800 1679 hanc
835 1655 902 1692 pro
939 1656 1020 1680 mea
1047 1657 1301 1692 agnoscerem,
1329 1645 1360 1682 si
1389 1646 1511 1684 verbis
1538 1647 1629 1685 meis
1656 1652 1732 1686 tra-

205 1703 366 1750 deretur,
411 1705 473 1742 sed
520 1705 682 1743 Alberus
719 1719 798 1743 mea
837 1707 948 1744 verba
988 1708 1065 1744 suis
1102 1712 1319 1755 commutat,
1354 1723 1421 1760 pro
1465 1724 1532 1748 suo
1572 1712 1734 1750 candore

204 1764 359 1814 scilicet,
401 1774 442 1807 ut
486 1770 698 1808 doctrinam
745 1774 913 1809 nostram
961 1773 1081 1821 magis
1116 1773 1277 1811 invisam
1313 1775 1456 1813 reddat.
1512 1778 1628 1814 Porro
1665 1791 1735 1815 nos

203 1835 398 1872 doctrinae
442 1835 515 1872 iam
561 1835 631 1872 hac
671 1836 711 1873 in
756 1842 861 1886 parte
898 1841 1047 1874 nostrae
1083 1838 1267 1876 rationem
1305 1852 1452 1877 omnem
1490 1841 1732 1891 exposuimus

201 1899 240 1937 in
277 1899 449 1950 proxima
484 1900 596 1951 primi
623 1901 784 1938 Articuli
813 1901 1070 1951 responsione.
1126 1903 1237 1940 Hanc
1272 1904 1389 1953 igitur
1423 1905 1620 1955 impugnet
1648 1906 1730 1944 Ho-

203 1964 291 2010 sius,
321 1965 353 2002 si
380 1964 602 2015 impugnare
629 1965 730 2003 velit.

806 2096 1060 2135 Articulus
1088 2100 1123 2136 3.

251 2225 324 2262 aSi
351 2225 411 2262 edi
438 2229 584 2276 oportet
614 2239 748 2276 corpus
777 2226 930 2273 Christi,
959 2240 1110 2265 necesse
1135 2231 1191 2266 est
1214 2228 1308 2267 illud
1329 2229 1491 2280 primum
1511 2230 1724 2269 minutatim

200 2306 219 2323 u
233 2289 419 2328 concidP'.

822 2356 855 2392 R
866 2369 884 2393 e
894 2370 910 2394 s
921 2369 943 2406 p
957 2369 977 2393 ο
991 2370 1013 2393 n
1027 2357 1064 2394 si
1075 2369 1109 2395 0.

248 2481 335 2518 Hoc
373 2494 447 2519 non
487 2482 609 2519 solum
637 2496 714 2520 non
744 2483 854 2521 docui
882 2497 1062 2534 unquam,
1089 2486 1175 2532 (17)
1205 2485 1268 2522 sed
1298 2485 1435 2523 diserte
1460 2486 1571 2523 etiam
1597 2486 1720 2538 impu-

193 2543 320 2593 gnavi,
348 2543 435 2581 dum
465 2557 509 2582 ex
537 2545 753 2593 Augustino
781 2545 935 2595 perinde
963 2559 1043 2583 esse
1071 2551 1208 2589 statum
1237 2547 1315 2585 sive
1340 2548 1526 2597 integrum
1558 2548 1720 2587 hominis

193 2607 351 2645 alicuius
398 2621 531 2658 corpus
571 2609 648 2646 sive
682 2609 723 2646 in
768 2610 891 2647 frusta
937 2610 1128 2647 concisum
1177 2610 1373 2649 devorasse
1411 2611 1589 2658 dicamur,
1634 2626 1716 2651 cum

194 2672 367 2710 Christus
396 2672 580 2710 Dominus
608 2674 905 2724 qualemcunque
932 2675 1087 2711 omnino
1118 2675 1304 2712 carnalem
1333 2675 1499 2725 corporis
1525 2677 1582 2714 sui
1609 2690 1716 2715 man-

193 2737 433 2775 ducationem
468 2737 666 2775 manifeste
702 2738 964 2789 reprehendat.
1018 2738 1237 2777 Mendacem
1268 2740 1328 2777 hic
1354 2740 1469 2789 igitur
1498 2741 1628 2779 Alberi
1656 2756 1717 2780 ca-

191 2801 371 2840 lumniam
402 2801 546 2840 Hosius
574 2808 736 2845 accuset,
769 2816 846 2841 non
874 2808 997 2841 autem
1026 2809 1192 2842 nostram
1223 2804 1431 2842 doctrinam
1461 2805 1623 2853 sugillet.
