1818 3178
109 125 178 162 158
456 131 506 157 DE
535 125 815 156 εΑοιιΑΜΕικ-τιε
844 123 1059 151 ECCLESIAE
1086 122 1263 152 onmem,

108 237 360 277 commutaret,
396 243 476 267 cum
511 228 550 264 id
587 228 665 277 ipsa
703 225 908 263 divinitatis
936 224 1051 261 totius
1076 223 1274 261 existentia
1299 222 1493 275 individua
1519 222 1615 259 ferre

108 312 183 337 non
217 305 351 348 posset,
378 295 437 332 sed
467 293 553 330 huie
579 296 748 328 aeternae
775 294 809 327 et
838 301 1026 338 nunquam
1054 287 1093 325 in
1122 292 1313 326 aeternum
1341 286 1512 324 mutabili
1539 286 1614 336 spi-

106 364 199 400 ritus
240 359 452 398 existentiae
495 369 617 394 semen
665 353 853 398 Abrahae,
887 366 931 390 ex
967 357 1082 389 matre
1125 352 1269 401 virgine
1311 355 1440 389 autore
1483 350 1615 401 spiritu

107 430 232 465 saneto
272 426 511 472 assiunptum,
547 418 827 470 superindueret
857 421 899 464 ¹),
943 420 1054 467 atque
1089 416 1141 453 ita
1178 416 1337 462 demum,
1378 418 1617 466 permanente

106 500 254 539 prorsus
290 487 431 533 integra
470 483 507 520 in
543 486 732 520 aeternum
768 479 975 517 divinitatis
1010 491 1097 516 suae
1130 492 1206 516 una
1238 479 1302 516 illa
1338 479 1538 529 eademque
1581 482 1617 515 et

105 550 293 588 individua
328 561 410 585 cum
438 551 540 597 patre
568 559 633 583 suo
662 550 696 582 et
724 544 857 595 spiritu
885 547 1014 580 sancto
1042 541 1251 587 existentia,
1277 542 1459 592 particeps
1479 541 1615 579 nihilo-

106 615 225 652 minus
252 614 353 650 fieret
382 612 501 648 carnis
529 614 678 648 nostrae
704 615 740 646 et
768 608 885 646 nostri
914 607 1107 656 sanguinis
1136 605 1179 653 ²),
1207 610 1247 644 ut
1272 606 1313 644 in
1349 611 1477 644 nostra
1497 619 1618 650 carne,

107 678 250 715 divinae
297 689 382 714 suae
418 679 569 712 naturae
604 686 669 724 per
704 672 887 712 eiusmodi
920 670 1214 721 assumptionem
1250 670 1461 715 coniuncta,
1497 670 1618 708 carnis

106 742 213 779 etiam
258 745 405 778 nostrae
448 737 740 775 inobedientiam
784 736 949 786 eorporis
1002 735 1060 772 sui
1114 734 1303 771 oblatione
1346 734 1495 782 ex-(fol.
1533 735 1618 782 51¹»)

104 806 218 856 piaret
252 817 316 854 per
350 807 519 844 mortem,
564 806 599 838 et
626 801 797 838 amissam
835 801 925 837 olim
952 799 1204 836 obedientiam
1230 811 1359 836 rursus
1385 799 1618 847 redintegra-

105 875 159 907 ret
193 882 256 920 per
282 868 455 906 donatam
481 866 590 904 nobis
617 865 780 914 gratuito
809 864 930 902 omnis
958 877 1046 901 suae
1074 863 1282 901 sanctitatis
1310 867 1345 900 et
1370 863 1620 907 innocentiae,

105 934 144 970 in
178 945 284 970 carne
312 935 438 968 nostra
468 934 633 968 servatae
669 929 713 977 ³),
741 929 861 966 omnis
887 929 975 965 item
1003 928 1060 965 sui
1095 927 1218 965 meriti
1245 940 1289 965 ae
1323 927 1475 976 gloriae,
1501 931 1621 964 morte

105 1010 169 1034 sua
200 1001 337 1047 partae,
371 996 517 1046 plenam
552 1007 595 1031 ac
638 993 837 1031 salutarem
875 992 1186 1030 communionem.
1241 992 1313 1038 Ita,
1348 992 1446 1029 enim
1482 996 1517 1029 et
1543 1005 1620 1029 non

103 1063 219 1105 aliter,
259 1060 429 1098 satisfieri
455 1059 576 1110 potuit
604 1063 773 1096 aeternae
798 1058 915 1108 patris
945 1058 1012 1095 Dei
1039 1058 1078 1095 in
1107 1070 1172 1095 suo
1202 1057 1348 1095 decreto
1375 1056 1549 1101 iustitiae,
1585 1057 1623 1095 et

105 1125 346 1164 nihilominus
374 1128 541 1162 aeternae
568 1123 623 1160 illi
652 1122 859 1160 divinitatis
886 1122 924 1159 in
952 1122 1030 1159 filio
1060 1121 1129 1159 Dei
1151 1121 1369 1159 existentiae
1388 1134 1431 1158 ae
1448 1121 1623 1170 dignitati

106 1189 199 1226 nihil
227 1189 377 1226 omnino
408 1187 588 1236 derogari.

157 1252 216 1289 Ita
254 1252 433 1301 scriptura
471 1251 620 1301 passim,
657 1251 864 1300 oportuisse
898 1250 938 1287 in
976 1249 1126 1287 Christo
1155 1249 1317 1287 Domino
1346 1262 1493 1286 ornnem
1521 1262 1621 1286 com-

105 1316 195 1367 pleri
238 1315 430 1360 iustitiam,
473 1314 680 1364 oportuisse
714 1314 819 1351 illurn
859 1314 949 1364 pati,
993 1308 1205 1364 oportuisse
1237 1315 1402 1365 exemplo
1442 1314 1622 1365 serpentis

105 1380 209 1418 aenei
261 1380 426 1424 exaltari,
470 1379 676 1429 oportuisse
713 1379 872 1428 denique
914 1378 1010 1414 mori
1052 1391 1095 1415 ac
1141 1391 1345 1427 resurgere,
1388 1383 1423 1416 et
1466 1378 1622 1429 proinde

106 1444 313 1494 oportuisse
349 1444 458 1481 etiam
488 1443 607 1480 earnis
635 1447 784 1480 nostrae
809 1442 1028 1493 participem
1056 1442 1149 1486 fieri,
1178 1446 1216 1479 ut
1243 1455 1326 1480 vere
1362 1442 1458 1479 mori
1484 1446 1623 1493 posset,

107 1512 261 1545 testatur
280 1509 324 1555 Δ).
355 1508 445 1545 Cum
472 1507 571 1544 enim
598 1507 636 1543 in
666 1507 782 1544 solam
810 1506 990 1543 duntaxat
1017 1510 1182 1543 nostram
1211 1510 1246 1543 et
1273 1518 1349 1543 non
1376 1506 1487 1543 aliam
1506 1506 1619 1543 ullam

108 1586 254 1610 earnem
288 1572 419 1609 mortis
453 1572 647 1622 imperium
682 1571 779 1622 apud
817 1572 1004 1614 Satanam,
1030 1584 1094 1622 per
1120 1574 1313 1621 peccatum
1350 1577 1531 1617 nostrum,
1557 1585 1621 1609 ex-

106 1642 209 1681 taret,
235 1659 285 1666 -
312 1650 398 1674 sane
426 1649 541 1687 neque
568 1636 662 1673 mori
690 1649 808 1686 neque
833 1636 910 1686 pati
939 1649 1021 1673 vere
1048 1640 1083 1674 et
1110 1636 1267 1686 proinde
1294 1649 1340 1673 ne
1357 1636 1521 1673 iustitiae
1539 1637 1622 1687 qui-

108 1703 189 1739 dem
224 1701 338 1751 patris
374 1701 429 1738 sui
457 1701 668 1751 satisfacere
697 1701 867 1738 Christus
895 1700 942 1738 D.
969 1700 1166 1750 potuisset,
1203 1713 1346 1751 nosque
1373 1701 1464 1738 adeo
1494 1714 1622 1739 omnes

108 1767 146 1804 in
173 1771 321 1817 peccato
350 1769 384 1802 et
410 1770 528 1802 morte
554 1765 701 1803 haerere
729 1779 855 1803 omnes
883 1769 1081 1816 oporteret,
1117 1765 1148 1802 si
1177 1765 1287 1802 ullius
1314 1765 1466 1803 alterius
1493 1770 1529 1803 et
1546 1778 1621 1803 non

110 1836 256 1869 nostrae
284 1830 405 1867 carnis
434 1830 604 1867 Christus
633 1830 677 1868 D.
707 1830 890 1881 particeps
918 1831 1039 1868 factus
1067 1830 1209 1868 fuisset.

160 1896 247 1932 Non
273 1899 418 1932 tantum
446 1895 560 1943 igitur
587 1895 624 1931 id
653 1895 854 1946 scripturae
881 1896 1081 1933 autoritate
1109 1895 1295 1940 doeemur,
1322 1894 1424 1945 quod
1451 1894 1623 1932 Christus

110 1961 155 1999 D.
187 1959 348 2010 eorporis
375 1963 411 1996 et
439 1959 630 2008 sanguinis
654 1960 737 2006 (fol.
759 1961 842 2007 52a)
872 1960 929 1997 sui
956 1959 1202 1997 substantiam
1229 1972 1306 1997 non
1323 1959 1494 2009 equidem
1512 1959 1622 1996 nobis

110 2027 146 2063 in
184 2038 296 2062 coena
332 2037 396 2062 sua
430 2024 592 2069 donavit,
630 2024 692 2061 sed
720 2038 739 2061 a
767 2026 876 2062 nobis
904 2039 949 2063 ex
976 2030 1093 2064 matre
1120 2027 1264 2075 virgine
1290 2027 1330 2064 in
1358 2040 1424 2065 sua
1449 2027 1622 2064 incarna-

109 2090 210 2127 tione
244 2089 404 2139 aceepit;
441 2102 566 2126 verum
603 2089 785 2126 rationem
820 2102 968 2140 quoque
1005 2090 1123 2127 divini
1159 2091 1228 2128 hac
1261 2091 1301 2128 in
1338 2094 1442 2142 parte
1478 2091 1623 2128 consilii

109 2155 327 2204 patefactam
369 2153 476 2190 nobis
505 2152 694 2198 habemus,
722 2158 761 2190 ut
789 2153 1054 2204 intelligamus,
1080 2167 1144 2206 per
1171 2154 1535 2204 redintegrationem
1555 2168 1622 2192 no-

113 2222 206 2254 strae
233 2217 268 2254 in
300 2229 405 2253 carne
434 2220 560 2254 nostra
597 2217 840 2263 obedientiae,
875 2232 984 2268 quam
1023 2219 1159 2256 Paulus
1195 2219 1287 2268 legis
1322 2219 1623 2257 iustificationem

113 2283 218 2316 vocat
245 2283 279 2316 et
304 2279 343 2316 in
372 2291 480 2316 carne
506 2280 544 2316 in
573 2279 687 2317 nobis·
710 2279 902 2330 adimpleri
929 2282 1141 2332 oportuisse
1168 2282 1277 2320 docet
1304 2283 1349 2330 ⁵),
1378 2283 1491 2320 vitam
1512 2284 1622 2321 nobis

113 2355 238 2379 rursus
265 2346 450 2379 aeternam
478 2343 516 2379 in
545 2343 692 2381 Christo
721 2343 882 2381 Domino
910 2346 1116 2383 restitutam
1146 2359 1236 2385 esse.

164 2405 235 2442 Sed
270 2405 308 2442 in
344 2406 411 2442 hac
444 2410 567 2444 tamen
605 2408 724 2445 earnis
761 2414 907 2446 nostrae
940 2423 1004 2460 per
1041 2411 1231 2448 Christum
1265 2411 1468 2448 Dominum
1497 2424 1622 2462 super-

111 2469 361 2519 assumptione
387 2469 424 2505 id
452 2470 558 2507 etiam
589 2471 783 2509 observare
811 2472 998 2519 debemus,
1033 2475 1133 2525 quod
1161 2488 1225 2526 per
1253 2475 1420 2526 spiritum
1451 2480 1619 2514 sanctum

113 2548 187 2573 non
213 2538 349 2571 temere
374 2537 565 2583 exceptum
592 2549 671 2573 esse
697 2537 880 2581 audimus,
908 2552 1037 2588 nempe
1065 2539 1185 2577 earnis
1221 2544 1370 2577 nostrae
1393 2540 1623 2590 qualitatem,

114 2598 183 2636 hoc
215 2601 282 2642 est,
309 2601 498 2647 peccatum
533 2611 594 2635 seu
621 2600 759 2649 peccati
788 2602 1011 2641 servitutem.
1066 2603 1141 2641 Hic
1168 2604 1267 2647 enim
1295 2604 1446 2654 spiritus
1474 2608 1623 2642 sanctus

112 2675 258 2700 carnem
295 2665 459 2698 nostram
486 2661 525 2698 in
561 2662 699 2701 Christi
726 2677 877 2715 corpore
905 2666 973 2704 hae
1008 2669 1186 2718 qualitate
1212 2669 1346 2707 liberat
1380 2681 1445 2720 per
1480 2668 1621 2718 angeli-

155 2804 178 2841 ¹)
205 2802 281 2833 llvb.
305 2802 334 2832 2.
358 2801 473 2832 Matth.
498 2802 524 2832 l.
549 2802 622 2833 Luc.
651 2803 674 2833 l.
803 2805 828 2844 Ξ)
854 2807 932 2838 Hel).
956 2808 985 2839 22.
1111 2810 1136 2848 3)
1161 2810 1250 2841 Rom.
1275 2810 1304 2841 S.

151 2861 177 2899 ⁴)
202 2858 315 2890 Matth.
340 2858 366 2887 3.
391 2857 504 2888 Matth.
530 2857 577 2888 16.
602 2858 676 2889 Luc.
700 2860 726 2890 U.
753 2859 798 2892 17.
822 2861 871 2892 24.
896 2862 940 2893 Io.
964 2863 991 2893 3.
1016 2864 1104 2895 Rom.
1128 2866 1157 2896 ὅ.
1284 2866 1310 2904 ⁵)
1337 2865 1426 2897 Rom.
1450 2866 1480 2897 8.
