1818 3178
157 147 227 182 152
502 150 554 176 DE
582 144 860 174 SAcRAMEN'rIS
890 142 1106 170 ECCLESIAE
1135 142 1315 170 cnmsn.

210 255 286 293 Hic
320 265 405 291 vero
440 251 484 288 de
511 253 667 298 utroque
695 247 765 283 hoc
790 258 855 296 per
884 244 1084 294 scripturas
1114 243 1301 290 doeemur,
1329 256 1459 294 nempe
1485 246 1521 280 et
1546 242 1669 281 utrin-

162 334 232 372 que
267 320 438 357 eollatum
473 327 552 352 esse
585 313 632 350 ad
669 325 747 349 eam
786 309 1098 352 communionem,
1134 309 1233 359 quod
1259 308 1377 359 [antea
1407 307 1538 358 cuique
1574 307 1672 358 parti

161 384 349 436 proprium
376 382 506 424 fuerat,
532 380 569 425 (a
597 376 707 414 nobis
734 374 918 420 videlicet,
945 372 1042 424 quod
1073 378 1242 410 nostrum
1268 373 1460 424 proprium
1487 377 1577 418 erat,
1596 375 1632 410 et
1650 385 1671 409 a

163 448 308 486 Christo
350 444 525 487 Domino,
567 441 666 491 quod
705 439 750 477 ad
786 439 893 475 illum
928 437 1078 489 proprie
1112 437 1340 488 pertinebat)
1377 443 1487 489 atque
1513 451 1533 475 a
1561 437 1671 474 nobis

159 512 258 562 prius
286 510 322 546 in
352 508 540 545 Christum
567 504 781 549 Dominum,
809 502 907 553 quod
937 507 1106 539 nostrum
1143 502 1336 552 proprium
1371 503 1503 547 fuerat,
1539 501 1673 539 deinde

161 588 244 612 vero
272 587 292 610 a
321 571 467 609 Christo
491 569 666 614 Domino,
685 567 784 618 quod
804 567 904 604 illius
921 565 1113 617 proprium
1130 570 1221 610 erat,
1238 566 1277 604 in
1298 580 1366 604 nos
1386 567 1563 604 collatum
1580 579 1671 604 esse.

208 637 378 675 Diximus
404 639 527 672 autem
553 638 674 679 antea,
700 645 818 682 neque
845 645 913 669 nos
942 644 1023 668 cum
1053 630 1202 668 Christo
1232 630 1407 675 Domino,
1429 645 1547 681 neque
1564 631 1671 668 illum

159 701 363 746 nobiseum,
403 699 515 736 ullam
551 697 686 752 habere
722 695 929 733 naturalem
966 694 1266 731 communionem
1301 694 1341 732 in
1378 695 1503 735 divina
1539 699 1674 732 natura

157 766 284 816 ipsius,
309 764 413 800 iuxta
449 775 559 812 quam
586 760 726 810 alioqui
753 773 834 797 cum
865 772 930 796 suo
958 759 1068 796 Patre
1096 758 1278 796 duntaxat
1319 762 1354 796 et
1383 763 1511 796 sancto
1540 759 1673 809 spiritu

157 834 210 867 est
236 842 333 866 unus
360 831 468 877 atque
494 830 665 863 aeternus
692 824 805 870 Deus,
833 823 894 861 sed
925 823 1235 868 communionem,
1263 836 1375 873 quam
1401 826 1437 860 et
1463 823 1527 859 ille
1542 823 1673 860 nobis-

161 907 242 930 eum
269 892 379 929 habet
418 894 453 927 et
481 902 549 926 nos
578 902 660 925 eum
688 888 768 938 ipso
798 887 973 932 vicissim,
1001 886 1202 924 consistere
1228 887 1268 923 in
1297 886 1527 923 humanitate
1544 885 1675 936 ipsius,

160 958 229 994 hoe
256 961 322 1000 est,
347 956 386 992 in
416 967 566 1004 corpore
594 957 629 990 et
658 952 838 1001 sanguine
864 952 993 1002 ipsius.

204 1022 250 1058 In
286 1020 354 1057 hac
389 1020 504 1067 igitur
541 1017 705 1067 corporis
742 1021 777 1054 et
806 1016 999 1065 sanguinis
1027 1015 1084 1053 sui
1113 1015 1384 1059 communione,
1413 1015 1520 1052 docet
1548 1014 1672 1064 Scrip-

153 1090 248 1128 tura,
285 1083 474 1120 Christum
510 1081 713 1118 Dominum
740 1092 886 1131 ‘corpus
922 1085 956 1117 et
994 1080 1214 1129 sanguinem
1242 1093 1350 1117 suum
1377 1078 1414 1117 et
1441 1078 1625 1129 accepisse
1652 1092 1673 1116 a

156 1148 276 1191 nobis,
313 1146 349 1184 et
375 1159 521 1183 rursum
549 1145 659 1182 etiam
686 1144 796 1181 nobis
822 1143 1035 1182 tradidisse.
1072 1143 1270 1193 Accepisse
1297 1156 1317 1180 a
1345 1143 1455 1181 nobis
1484 1142 1674 1180 Christum

157 1210 358 1249 Dominum
387 1222 518 1259 eor-pus
546 1213 580 1246 et
608 1207 827 1257 sanguinem
856 1221 976 1253 suum,
1005 1208 1111 1245 docet
1138 1207 1287 1252 Paulus,
1322 1207 1409 1244 dum
1427 1207 1535 1243 illum
1551 1219 1675 1243 semen

159 1276 330 1314 Abrahae
368 1273 716 1325 superassumpsisse
748 1277 785 1320 ¹),
831 1273 914 1320 (fol.
942 1274 1027 1320 452)
1065 1272 1228 1309 eiusdem
1257 1272 1346 1309 item
1375 1271 1497 1308 carnis
1524 1274 1560 1308 et
1588 1284 1675 1307 san-

157 1340 281 1389 guinis
307 1339 523 1390 participem
552 1338 690 1374 factum
718 1349 807 1382 esse,
836 1349 919 1373 eum
946 1349 1019 1387 quo
1046 1336 1163 1387 pueri,
1192 1336 1263 1373 hoe
1290 1341 1356 1379 est,
1385 1335 1577 1372 Catholiea
1605 1333 1675 1371 Dei

158 1404 334 1447 Ecclesia,
372 1402 668 1439 communionem
711 1401 918 1448 habebant3
956 1405 1004 1445 et,
1041 1414 1125 1438 cum
1161 1401 1200 1438 in
1237 1402 1356 1437 forma
1385 1400 1453 1437 Dei
1480 1404 1588 1436 antea
1616 1412 1674 1436 es-

155 1473 220 1510 set,
246 1468 402 1504 formam
429 1466 524 1503 servi
551 1466 734 1515 accepisse
760 1468 917 1502 testatur
945 1467 988 1512 ⁶²).
1027 1465 1242 1502 Tradidisse
1268 1469 1391 1502 autem
1413 1464 1540 1513 'nobis
1567 1464 1674 1501 illum

159 1546 290 1583 eorpus
319 1536 353 1569 et
382 1531 601 1580 sanguinem
629 1544 748 1575 suum,
777 1530 887 1567 verba
917 1543 1049 1567 caenae
1078 1530 1256 1566 solemnia
1282 1529 1346 1566 illa
1374 1528 1471 1579 apud
1500 1528 1675 1577 Euange-

158 1597 263 1634 listas
301 1600 335 1634 et
371 1596 527 1633 Paulum
562 1595 683 1646 ipsum
719 1595 865 1633 docent.
923 1594 1134 1633 Videndum
1169 1594 1284 1643 igitur
1321 1593 1402 1639 erit,
1430 1592 1610 1644 quidnam
1635 1593 1675 1629 in

162 1660 348 1698 communi
383 1660 456 1697 iam
493 1660 601 1697 nobis
639 1660 747 1696 simul
781 1664 817 1696 et
854 1658 1000 1696 Christo
1039 1658 1202 1695 Domino
1238 1671 1390 1708 corpore
1425 1670 1468 1695 ac
1495 1657 1678 1705 sanguine

164 1729 304 1767 nostro,
340 1728 403 1761 aut
431 1723 552 1769 nobis,
579 1727 642 1760 aut
670 1723 817 1760 Christo
846 1723 1008 1760 Domino
1045 1723 1238 1773 proprium
1273 1723 1386 1760 fucrit
1413 1726 1498 1759 ante
1525 1720 1677 1758 institu-

162 1792 237 1825 tam
280 1787 378 1824 illius
414 1786 608 1824 nobiseum
643 1790 678 1823 et
715 1790 881 1823 nostram
917 1799 1043 1823 seeum
1078 1785 1389 1824 communionem.
1429 1784 1542 1822 Quod
1578 1783 1676 1821 enim

164 1851 271 1889 nobis
307 1851 494 1901 proprium
530 1854 635 1887 antea
672 1852 804 1893 fuerat,
839 1850 876 1886 id
914 1863 1001 1887 sane
1038 1863 1058 1887 a
1096 1850 1205 1887 nohis
1240 1850 1280 1886 in
1307 1850 1433 1895 illum;
1463 1848 1562 1899 quod
1591 1861 1676 1885 vero

160 1916 259 1952 illins
294 1914 485 1965 proprium
521 1919 609 1957 erat,
643 1914 680 1950 id
718 1915 755 1951 in
794 1927 861 1951 nos
897 1915 943 1951 ab
971 1914 1036 1951 illo
1068 1915 1241 1952 collatum
1269 1927 1347 1951 esse
1373 1913 1412 1950 in
1440 1927 1481 1950 ea
1511 1925 1677 1949 eommu-

163 1980 273 2016 nione
300 1978 527 2016 instituenda
554 1979 814 2027 intelligemus.
846 1979 1035 2016 Quorsum
1063 1979 1162 2016 enim
1189 1979 1384 2022 attinebat,
1412 1977 1602 2014 Christum
1629 1976 1676 2014 D.

164 2046 225 2081 aut
252 2056 272 2079 a
301 2042 409 2080 nobis
436 2042 619 2092 accepisse
645 2043 695 2087 id,
723 2043 821 2092 quod
849 2043 952 2093 prius
981 2042 1183 2087 habuisset,
1211 2046 1274 2079 aut
1301 2043 1338 2079 in
1370 2054 1438 2078 nos
1466 2041 1682 2086 contulisse,

164 2107 260 2157 quod
291 2110 375 2144 ante
402 2106 610 2144 institutam
637 2106 747 2144 etiam
777 2107 1076 2145 communionem
1103 2108 1149 2145 ad
1179 2120 1247 2145 nos
1275 2107 1414 2157 alioqui
1441 2106 1678 2157 pertinebat?

215 2171 295 2207 Iam
324 2183 406 2206 cum
434 2170 646 2207 clarissimis
675 2171 876 2221 scripturae
902 2171 1127 2209 testimoniis
1164 2172 1372 2216 doceamur,
1401 2171 1590 2208 Christum
1617 2171 1680 2216 D.,

165 2238 343 2283 quatenus
388 2246 432 2270 ex
476 2237 592 2271 matre
637 2234 782 2283 virgine
819 2235 968 2285 spiritus
1006 2236 1125 2273 saneti
1162 2236 1309 2286 opifieio
1346 2236 1493 2285 genitus
1529 2239 1595 2280 est,
1631 2248 1677 2272 ex

168 2297 346 2345 patribuS,
372 2301 551 2346 quantum
578 2298 624 2335 ad
653 2311 800 2336 carnem
829 2299 971 2344 attinet,
997 2299 1236 2350 progenitum
1263 2313 1354 2346 esse,
1372 2303 1407 2336 et
1427 2299 1583 2336 dubium
1602 2311 1678 2336 non

169 2361 227 2405 sit,
261 2361 396 2398 liberos
430 2374 554 2398 omnes
591 2376 634 2399 ex
670 2363 760 2413 ipsis
800 2364 1082 2413 progenitorum
1109 2377 1261 2402 suorum
1285 2363 1422 2401 lumbis
1451 2363 1616 2413 corporis
1644 2367 1680 2401 et

169 2424 339 2471 san-(fol.
376 2424 586 2473 45¹’)guinis
623 2427 679 2463 sui
726 2427 906 2475 originem
951 2429 1054 2465 iuxta
1100 2428 1346 2466 substantiam
1383 2428 1502 2477 ipsam
1547 2427 1679 2464 ducere

167 2500 211 2524 ex
240 2486 308 2523 Dei
334 2487 447 2536 ipsius
477 2488 719 2535 ordinatione,
747 2491 833 2527 (lum
861 2491 907 2528 ad
935 2492 1073 2542 primos
1102 2496 1252 2530 nostros
1264 2491 1521 2542 progenitores
1541 2491 1679 2529 diceret

166 2563 210 2587 ex
247 2562 382 2599 aequo:
436 2551 648 2599 Progignitc
684 2554 980 2605 multiplicemini
1016 2560 1050 2593 et
1086 2557 1223 2606 replete
1258 2560 1406 2593 terram.
1462 2555 1554 2592 Cum
1589 2555 1678 2592 item

166 2614 347 2664 scriptura
382 2619 504 2663 aperte
547 2619 711 2662 testetur,
755 2618 942 2656 Christum
978 2619 1024 2658 D.
1071 2620 1116 2657 ad
1162 2619 1319 2657 eundem
1361 2619 1472 2669 plane
1523 2619 1678 2656 modum

165 2679 327 2727 (duabus
356 2679 534 2716 duntaxat
560 2682 836 2730 exceptionibus
864 2684 1016 2733 additis)
1035 2685 1253 2736 participem
1271 2685 1412 2722 factum
1432 2698 1510 2722 esse
1530 2688 1680 2722 nostrae

168 2744 287 2781 carnis
322 2746 358 2780 et
394 2743 512 2780 nostri
550 2745 738 2793 sanguinis
766 2747 803 2784 in
833 2761 898 2786 sua
923 2749 1193 2795 incarnatione,
1221 2749 1265 2787 ad
1295 2762 1405 2799 quem
1431 2749 1583 2786 modum
1611 2761 1678 2786 nos

208 2883 231 2924 ¹>
255 2881 334 2914 Uel).
361 2882 389 2915 2.
520 2884 545 2922 ε)
569 2882 650 2916 Phil.
674 2884 702 2918 z,
