1818 3178
177 127 196 161 8
634 128 686 154 DE
713 125 876 153 CHRISTI
904 121 1219 150 INCARNATIONE.

182 237 297 275 actus,
331 231 475 283 publice
501 233 620 266 tecum
647 238 775 275 agam:
805 224 920 262 multo
949 236 1037 261 sane
1063 223 1241 261 libentius
1266 222 1440 274 privatim
1466 225 1628 266 acturus,
1654 221 1686 259 si

182 296 355 333 licuisset.
408 293 650 329 Vehementer
683 292 804 326 autem
842 287 1012 338 optarim,
1046 287 1096 323 ita
1135 300 1192 324 me
1217 292 1336 324 tecum
1365 299 1473 337 posse
1500 298 1620 332 agere,
1646 290 1686 322 ut

183 372 299 409 neque
326 363 377 402 tu,
404 368 519 405 neque
547 354 612 397 tui,
638 351 855 389 modestiam
884 350 1014 387 merito
1044 349 1250 387 desiderare
1277 350 1315 388 in
1343 363 1401 387 me
1427 348 1599 399 possitis:
1627 352 1686 385 ut·

184 436 252 473 que
286 434 411 458 omnes
445 418 655 466 intelligant
689 429 747 453 me
787 415 881 452 nihil
916 414 1015 452 aliud
1051 427 1235 464 quaerere,
1270 428 1379 465 quam
1419 421 1458 452 ut
1486 425 1687 450 consensus

184 484 383 521 Doctrinae
408 482 503 517 inter
530 493 610 522 nos,
636 479 738 515 iuxta
766 477 930 515 Verbum
960 476 1040 521 Dei,
1066 476 1195 514 induci
1221 477 1350 527 possit,
1377 477 1424 514 ad
1450 476 1588 514 Christi
1603 476 1686 524 glo-

182 546 285 589 riam,
321 544 378 580 cui
406 556 472 579 nos
501 542 571 579 soli
598 541 658 577 hic
687 540 822 577 servire
849 543 1005 590 oportet.
1059 539 1105 575 Id
1133 551 1242 588 porro
1272 539 1341 576 hae
1367 539 1597 589 potissimum
1626 551 1686 575 ra-

182 609 281 645 tione
306 606 384 644 fieri
410 619 517 656 posse
543 609 645 655 puto,
674 604 716 647 si,
744 617 818 641 non
846 603 999 651 regestis
1026 602 1112 639 ullis
1140 603 1179 639 in
1206 607 1242 639 te
1260 606 1417 652 tuosque
1432 602 1621 644 conviciis,
1640 601 1687 639 ad

181 672 379 709 Doctrinae
404 671 521 720 ipsam
547 682 632 706 mox
662 668 947 706 controversiam
978 667 1182 714 descen-(A
1205 666 1410 713 vb)damus‚
1437 680 1480 703 ac
1499 666 1688 703 doctrinae

179 740 325 773 nostrae
357 735 490 785 pariter
524 747 566 770 ac
601 737 685 770 tuae
722 745 912 776 summam,
947 731 1103 781 primum
1140 731 1179 767 in
1217 730 1464 768 controversis
1493 730 1688 780 capitibus,

178 799 310 836 deinde
337 811 421 835 vero
449 798 548 834 illius
575 796 797 842 testimonia,
822 799 1007 846 postremo
1036 799 1154 832 autem
1182 794 1480 832 testimoniorum
1507 794 1687 844 interpre-

178 864 335 900 tationes
363 867 397 899 et
425 862 570 912 pondus
600 861 842 898 conferamus.
875 860 935 896 Sic
963 859 1060 896 enim
1082 858 1190 896 facile
1209 858 1400 909 apparebit
1422 862 1501 895 uter
1521 862 1688 896 nostrum

178 926 351 964 solidiore
387 925 628 963 fundamento
664 925 813 962 nitatur.
857 923 906 960 Et
935 923 964 960 si
993 923 1207 960 Doctrinam
1236 927 1402 960 nostram
1431 922 1533 959 verbi
1561 921 1689 959 Divini

175 991 370 1027 autoritate
397 989 770 1040 comprobaverimus,
795 1001 852 1025 res
879 988 958 1038 ipsa
986 987 1133 1024 docebit
1160 1000 1229 1024 nos
1255 990 1400 1037 praeter
1426 999 1574 1023 omnem
1601 998 1687 1022 cau-

175 1068 251 1091 sam
283 1054 382 1091 illius
419 1053 567 1090 nomine
601 1052 790 1089 traductos
826 1051 891 1088 abs
927 1055 963 1088 te
996 1064 1085 1094 esse,
1122 1055 1359 1100 nostramque
1385 1050 1551 1087 omnium
1579 1049 1690 1086 inno-

179 1117 341 1155 centiam·
363 1116 596 1167 approbabit.
625 1116 843 1165 Priusquam
873 1120 997 1152 tamen
1025 1128 1102 1152 rem
1130 1115 1247 1165 ipsam
1276 1115 1547 1164 aggrediamur,
1562 1114 1600 1151 id
1623 1113 1689 1151 abs

175 1185 211 1217 te
237 1180 416 1230 petimus:
447 1193 491 1216 ne
517 1179 699 1228 gravatim
727 1179 834 1224 feras,
863 1178 893 1215 si
922 1178 1018 1216 circa
1046 1179 1214 1216 locorum
1242 1179 1445 1230 scripturae
1471 1178 1688 1230 explicatio·

178 1257 262 1281 nem
298 1243 343 1280 ad
383 1243 542 1280 Graecos
578 1242 812 1293 potissimum
847 1243 982 1287 fontes,
1023 1256 1115 1293 quos
1145 1256 1232 1280 sane
1259 1256 1334 1280 non
1362 1247 1499 1280 temere
1528 1242 1688 1293 Spiritus

176 1312 324 1345 sanctus
367 1308 487 1345 omnis
528 1306 792 1357 propemodum
829 1307 1068 1356 Apostolicae
1103 1307 1294 1344 doctrinae
1334 1307 1574 1358 Archetypon
1610 1320 1689 1344 esse

175 1372 302 1418 voluit,
336 1385 583 1409 recurramus:
619 1371 835 1422 praesertim
870 1372 909 1408 in
948 1371 1207 1422 investiganda
1245 1385 1376 1409 vocum
1404 1372 1688 1421 significatione,

175 1448 217 1472 ex
245 1449 316 1486 qua
343 1449 430 1472 sane
459 1435 582 1484 colligi
609 1436 778 1472 locorum
805 1436 1007 1474 sententias
1035 1441 1192 1487 oportet.
1224 1437 1308 1474 Quo
1337 1441 1444 1487 pacto
1473 1437 1572 1474 enim
1593 1437 1688 1473 scias

174 1513 294 1536 veram
322 1500 395 1536 loci
423 1500 654 1544 sententiam,
681 1500 711 1537 si
738 1501 926 1551 propriam
954 1513 1028 1538 non
1057 1500 1193 1538 habeas
1220 1501 1418 1538 verborum
1446 1501 1546 1538 illius
1571 1501 1688 1550 signi-

175 1564 401 1601 ficationem:
437 1577 479 1601 ex
516 1564 650 1614 quibus
687 1564 856 1614 equidem
891 1577 966 1601 non
993 1564 1192 1602 intellectis
1219 1565 1355 1602 multos
1383 1565 1521 1615 passim
1548 1578 1689 1602 errores

179 1633 284 1665 natos
314 1641 392 1665 esse
419 1628 583 1665 videmus
602 1630 653 1672 (A
671 1629 754 1675 via).
785 1629 845 1665 Sic
867 1629 1018 1679 quidam
1036 1629 1186 1666 Petrum
1208 1634 1314 1680 caput
1331 1643 1374 1667 ex
1397 1643 1489 1666 sarco
1510 1630 1689 1668 fecerunt.

180 1693 240 1728 Sic
267 1696 300 1729 et
328 1692 389 1729 alii
416 1693 642 1742 spiritualem
672 1693 810 1730 cultum
829 1694 925 1744 apud
943 1694 1097 1731 Paulum
1112 1694 1344 1732 moderatum
1364 1695 1530 1745 corporis
1549 1694 1690 1731 exerci-

178 1757 270 1794 tium
296 1770 373 1794 esse
399 1761 585 1807 putarunt,
613 1758 689 1794 sive
717 1758 1011 1807 castigationem,
1038 1763 1074 1796 et
1100 1772 1192 1809 quae
1217 1759 1410 1796 innumera
1429 1759 1610 1797 recenseri
1629 1759 1691 1796 hic

178 1824 340 1870 possent.
368 1819 510 1857 Deinde
537 1820 679 1870 quoties
707 1821 780 1858 loci
806 1835 971 1872 pugnare
998 1822 1094 1860 inter
1122 1836 1200 1860 sese
1227 1822 1463 1866 videbuntur,
1490 1827 1530 1860 ut
1558 1823 1689 1860 discri-

178 1897 262 1921 men
298 1884 497 1922 habeamus
532 1885 628 1922 inter
655 1886 770 1932 locos,
798 1887 861 1936 qui
888 1887 1036 1938 proprie
1063 1891 1224 1925 tractant
1250 1887 1404 1938 aliquid,
1436 1891 1471 1925 et
1498 1887 1562 1938 qui
1588 1887 1689 1925 aliud

178 1952 327 1997 agentes
354 1949 517 1986 eiusdem
543 1950 596 1986 rei
623 1950 736 1987 etiam
764 1950 884 1988 obiter
903 1952 1169 1997 meminerunt3
1191 1955 1304 2002 utque
1321 1951 1441 1988 maius
1459 1951 1506 1988 sit
1527 1951 1692 1988 locorum

175 2013 331 2063 pondus,
360 2014 421 2064 qui
448 2014 594 2064 proprie
614 2015 753 2065 aliquid
773 2019 946 2061 tractant,
966 2016 1103 2067 aliique
1123 2017 1169 2054 ad
1186 2016 1274 2053 illos
1291 2017 1509 2054 referantur.
1540 2016 1688 2053 Postre-

178 2089 238 2113 mo
274 2076 305 2113 si
348 2090 414 2127 par
458 2068 537 2114 ess⁴e
573 2077 717 2127 pondus
761 2077 928 2115 locorum
970 2079 1217 2129 pugnantium
1251 2079 1431 2125 videatur,
1467 2083 1506 2116 ut
1540 2079 1690 2116 illorum

179 2139 387 2177 conciliatio
416 2153 459 2177 ex
487 2144 613 2178 mutua
640 2141 800 2191 plurium
827 2141 995 2179 locorum
1023 2143 1221 2181 collatione
1247 2146 1412 2194 petatur:
1436 2143 1690 2194 eiusmodique

179 2204 253 2240 illis
280 2204 535 2254 interpretatio
563 2205 796 2250 adhibeatur,
823 2220 933 2256 quam
961 2207 1161 2258 Scripturis
1190 2208 1410 2245 familiarem
1437 2221 1515 2246 esse
1537 2211 1693 2254 constet,

181 2280 200 2303 a
235 2267 437 2316 peregrinis
474 2281 572 2313 vem,
605 2273 640 2305 et
667 2282 822 2319 quarum
848 2270 886 2308 in
916 2271 1118 2322 Scripturis
1146 2285 1233 2309 usus
1262 2285 1337 2310 non
1366 2272 1414 2309 sit
1440 2272 1547 2317 ullus,
1573 2272 1690 2309 inter-

178 2331 446 2380 pretationibus
472 2332 733 2371 abstineamus.
764 2334 866 2371 Haec
893 2336 962 2372 etsi
988 2336 1079 2372 mihi
1105 2341 1233 2386 postea
1261 2349 1407 2387 quoque
1433 2337 1515 2384 (ubi
1531 2336 1566 2372 id
1589 2349 1690 2374 com-

180 2394 330 2431 modum
357 2395 482 2442 fuerit)
511 2397 705 2446 repetenda
733 2398 855 2435 adhuc
881 2404 1000 2444 erunt,
1026 2401 1182 2450 praefari
1213 2400 1273 2438 hic
1292 2405 1414 2439 tamen
1432 2401 1560 2452 paucis
1580 2401 1691 2446 volui,

182 2462 220 2494 ut
249 2458 278 2494 si
306 2458 369 2494 illa
396 2459 517 2507 urgeri
545 2461 619 2497 suis
648 2465 773 2511 postea
801 2462 892 2500 locis
921 2463 1056 2509 videas,
1086 2478 1132 2502 ne
1159 2465 1272 2503 veluti
1298 2479 1337 2503 re
1365 2478 1461 2503 nova
1481 2465 1689 2505 offendaris.

182 2521 287 2558 Nihil
306 2525 426 2558 autem
446 2523 564 2573 iniqui
584 2537 639 2561 me
662 2525 721 2562 hic
741 2530 862 2576 petere
881 2528 1054 2573 arbitror,
1074 2530 1171 2579 quod
1184 2530 1276 2567 mihi
1292 2531 1419 2579 negari
1429 2530 1495 2567 abs
1506 2534 1541 2568 te
1551 2531 1691 2581 possit:

180 2586 359 2635 siquidem
404 2587 518 2623 solam
555 2589 656 2625 verbi
694 2589 821 2628 Divini
863 2594 1256 2641 au-(Avi¹›)to1·itatem
1294 2594 1620 2646 (quemadmodum
1657 2599 1692 2633 te

179 2651 360 2687 facturum
389 2664 468 2688 csse
496 2652 621 2699 credo)
650 2655 752 2703 sequi
781 2655 882 2694 velis.
910 2656 959 2694 Et
988 2657 1017 2694 si
1046 2658 1110 2696 has
1138 2660 1236 2708 leges
1260 2660 1405 2711 recipis,
1431 2664 1470 2697 tu
1491 2659 1568 2710 ipse
1588 2672 1690 2697 com-

178 2713 295 2763 peries
322 2718 358 2750 te
386 2714 420 2751 in
451 2715 701 2765 approbandis
729 2718 801 2755 tuis
830 2719 1013 2769 dogmatis
1040 2735 1169 2772 parum
1199 2723 1318 2760 solido
1347 2723 1588 2761 fundamento
1609 2723 1692 2767 niti,

178 2777 322 2814 etiamsi
348 2777 417 2815 tibi
444 2778 603 2816 invictus
631 2781 708 2830 ipse
736 2782 905 2822 videaris,
934 2784 1051 2823 Erant
1079 2790 1199 2824 autern
1228 2787 1298 2825 tria
1326 2788 1560 2838 potissimum
1588 2788 1691 2825 Reli-

181 2840 305 2888 gionis
342 2844 492 2879 nostrae
530 2843 663 2892 capita,
699 2844 742 2881 dc
770 2846 903 2895 quibus
930 2847 1026 2886 inter
1054 2862 1122 2886 nos
1149 2863 1223 2888 non
1253 2851 1374 2901 potuit
1402 2852 1619 2889 convenire:
1648 2851 1692 2889 de
