1818 3178
466 116 515 143 niz
545 112 828 143 SAGRAMENTIS
857 110 1072 138 ecetesiam
1100 106 1280 137 cums'ri.
1568 95 1638 131 199

163 223 223 262 Ad
259 221 417 260 eundem
452 230 538 255 vero
566 216 719 254 modum
746 218 782 252 et
811 225 1025 252 consessum
1052 209 1241 248 Ecclesiae
1266 208 1458 259 publicum
1483 206 1521 244 in
1550 218 1636 255 snp-

110 288 243 339 plieem
280 282 550 337 procumbendi
584 294 723 318 morem
759 279 806 317 ad
844 278 914 315 Dei
948 277 1049 314 illius
1087 275 1143 313 sui
1180 272 1422 311 circumtonsi
1448 270 1636 309 adoratio-

113 366 198 392 nem
243 350 568 389 transmutarunt..
617 346 787 382 Christus
831 342 1014 380 Dominus
1062 338 1284 377 accumbens
1331 333 1638 373 accumbentibus

112 430 265 455 coenam
302 426 405 451 suam
441 409 727 449 administravit.
781 407 853 445 Isti
878 411 936 445 tot
972 403 1287 454 gesticulationes,
1323 405 1379 438 tot
1405 398 1639 451 procubitus,

111 486 330 530 tantumque
375 481 592 527 apparatum
628 473 785 511 vestium
821 471 993 509 nolarum
1030 480 1218 506 cereorum
1255 467 1437 504 suffituum
1477 468 1512 501 et
1548 462 1638 499 alia·

112 559 195 583 rum
232 542 537 594 superstitionum
575 541 838 576 coacervarunt
875 534 919 571 ad
960 534 1028 570 Dei
1064 533 1163 569 illius
1201 531 1257 568 sui
1287 527 1529 566 eircuintonsi
1555 526 1638 574 glo-

111 609 217 652 riam,
245 612 286 645 ut
313 619 420 644 usum
448 617 584 642 coenae
611 601 820 640 dominicae
848 598 1025 636 verterint
1053 597 1161 647 plane
1187 595 1224 632 in
1247 593 1496 644 spectaculum
1518 590 1639 641 quod-

112 673 198 710 dam
239 670 475 712 theatricum,
511 669 705 717 cultusque
742 664 810 702 Dei
845 663 947 700 illius
984 662 1040 699 sui
1077 672 1258 698 summam
1298 655 1559 695 constituerint
1596 655 1636 691 in

113 751 262 782 coenae,
290 739 328 773 ut
357 735 536 777 videmus,
564 731 771 769 dominicae
800 726 1065 766 nefandissima
1093 723 1367 775 profanatione.

164 802 281 839 Porro
317 798 497 850 quidnam
533 797 618 834 edat
651 798 715 832 aut
752 793 858 830 bibat
895 790 991 841 apud
1020 790 1111 826 istos
1139 788 1304 838 ipsorum
1335 784 1531 822 Ecclesia?
1562 796 1643 821 cum

114 865 261 916 ipsimet
293 866 488 907 testentur,
514 873 635 910 neque
662 870 809 909 panem.
838 867 957 905 neque
984 854 1112 890 vinum
1139 865 1230 897 esse,
1258 850 1358 901 quod
1377 850 1415 887 in
1438 861 1551 886 coena
1576 861 1642 885 sua

113 930 318 981 proferunt,
353 932 387 965 et
421 925 653 978 perspicuum
683 922 730 960 sit
758 918 1091 971 (quemadmodum
1119 929 1252 965 magna
1281 928 1325 952 ex
1352 920 1456 965 parte
1484 913 1554 949 iani
1589 915 1645 949 est

115 999 319 1035 ostensum..
336 997 372 1031 et
399 992 521 1030 adhue
548 988 781 1034 ostendetur)
812 997 944 1035 eorpus
972 983 1019 1020 ab
1046 983 1093 1019 iis
1120 986 1157 1018 et
1184 980 1403 1029 sanguinem
1425 977 1576 1019 Christi,
1604 981 1649 1013 ut

117 1063 262 1111 putant,
281 1056 456 1095 distribui
483 1053 771 1103 haudquaquam
796 1062 918 1100 posse,
943 1052 985 1084 ut
1002 1046 1269 1094 intelligamus,
1288 1044 1329 1081 in
1350 1055 1463 1080 coena
1483 1042 1647 1092 ipsorum

119 1136 196 1161 non
213 1122 316 1160 aliud
331 1118 490 1172 proponi
506 1118 544 1154 in
567 1117 692 1153 eibum
709 1115 781 1152 toti
803 1112 1004 1152 Ecclesiae,
1032 1110 1104 1147 nisi
1131 1107 1339 1146 accidentia
1369 1107 1448 1143 sine
1468 1105 1652 1146 subiecto,

118 1193 160 1226 ut
189 1192 335 1224 vocant.
364 1185 422 1222 Ita
451 1182 622 1220 videlicet
649 1193 712 1217 eos
741 1177 968 1216 dementavit
996 1176 1162 1225 ipsorum
1192 1172 1386 1222 sapientia,
1407 1175 1450 1207 ut
1467 1181 1649 1220 nusquam

118 1252 276 1303 amplius
303 1251 342 1288 in
371 1249 446 1287 suis
474 1244 836 1284 adinventitionibus
867 1241 1071 1278 consistere
1091 1239 1298 1287 (fol.101a)
1321 1236 1475 1273 omnino
1494 1234 1653 1285 possint.

170 1319 294 1367 Atque
322 1327 409 1352 sane
436 1312 593 1350 ridicula
619 1311 693 1347 iam
721 1322 800 1346 esse
828 1307 994 1344 videmus
1023 1304 1162 1354 (gratia
1182 1302 1352 1347 domino)
1377 1301 1467 1337 haec
1487 1299 1653 1350 ipsorum

120 1383 375 1421 deliramenta.
406 1378 478 1416 Sed
506 1380 561 1414 est
589 1375 699 1413 nobis
728 1371 956 1424 deploranda
978 1370 1129 1407 interim
1158 1369 1248 1405 haec
1275 1371 1380 1404 tanta
1408 1364 1553 1415 generis
1582 1363 1653 1400 hu-

121 1447 224 1487 maui
259 1446 371 1484 etiam
398 1444 436 1481 in
466 1443 634 1493 ipsorum
660 1439 850 1489 impietate
878 1435 1082 1478 calamitas,
1110 1433 1222 1484 quod,
1251 1432 1339 1469 dum
1367 1431 1429 1468 isti
1456 1429 1567 1467 rebus
1597 1428 1654 1463 di-

122 1514 218 1552 vinis
254 1512 301 1549 ab
337 1511 497 1561 ipsomet
531 1507 680 1544 Christo
719 1504 881 1542 Domino
920 1502 994 1538 iam
1030 1501 1104 1537 iam
1134 1498 1274 1549 alioqui
1300 1496 1482 1534 morituro
1511 1506 1656 1531 summa

124 1590 211 1615 cura
246 1573 462 1613 hauddubie
498 1569 682 1609 institutis
720 1569 770 1605 ita
799 1567 906 1604 foede
935 1570 1043 1615 atque
1070 1563 1306 1614 impudenter
1334 1560 1441 1598 abusi
1470 1562 1568 1598 sunt.
1595 1558 1654 1594 in-

123 1642 230 1680 finita.
267 1639 461 1677 hominum
498 1636 616 1673 millia
644 1635 691 1671 ab
719 1633 794 1670 illis
824 1631 1033 1669 dementata
1061 1642 1139 1666 esse
1167 1627 1371 1665 videamus,
1408 1624 1655 1672 <iubemusque

123 1704 372 1758 proculdubio
392 1704 563 1751 ingentes
585 1700 664 1737 Deo
693 1698 790 1750 patri
818 1701 948 1734 nostro
975 1707 1083 1743 agere
1110 1692 1264 1742 gratias,
1292 1689 1391 1740 quod
1422 1702 1489 1725 nos
1518 1701 1537 1724 e
1555 1692 1658 1724 tene-

127 1771 204 1809 bris
233 1769 334 1807 hisee
359 1768 556 1818 plusquam
579 1762 787 1801 Cimmeriis
813 1774 879 1812 per
909 1772 1013 1797 suam
1041 1770 1126 1795 vere
1153 1760 1346 1806 paternam
1363 1750 1655 1790 inisericordiam

126 1834 316 1886 eripuerit,
351 1832 488 1869 donata
517 1829 628 1866 nobis
655 1828 726 1864 iam
757 1827 878 1863 ‹lenuo
909 1824 991 1861 luce
1025 1821 1178 1859 salutari
1205 1817 1403 1865 Euangelii
1433 1815 1583 1856 Christi,
1610 1835 1660 1841 —

127 1905 163 1937 et
191 1910 318 1935 cavere
344 1894 467 1932 modis
494 1893 680 1936 omnibus,
721 1904 765 1927 ne
799 1893 885 1940 pest
912 1891 1080 1925 exortam
1108 1897 1186 1922 eam
1221 1883 1340 1919 lucem
1378 1880 1551 1918 tenebras
1580 1891 1658 1913 ma-

128 1966 199 2015 gis,
226 1976 335 2014 quam
364 1961 482 1997 lucem
513 1958 622 1996 nobis
651 1957 839 1996 donatam,
868 1952 1041 1991 dilexisse
1059 1950 1261 1988 videamur.
1288 1947 1373 1984 Lux
1390 1957 1500 1996 porro
1518 1944 1556 1980 in
1580 1942 1660 1979 solo

131 2030 313 2067 duntaxat
351 2025 500 2063 Christo
539 2026 606 2066 es't,
633 2021 697 2072 qui
726 2033 874 2058 omnem
902 2017 1092 2055 hominem
1118 2013 1321 2056 illuminat,
1357 2015 1392 2048 et
1420 2007 1577 2060 proinde
1604 2012 1660 2043 te·

131 2094 269 2133 nebrae
305 2094 402 2134 sunt,
438 2087 619 2139 quidquid
657 2089 762 2123 extra
800 2083 989 2121 Christum
1027 2079 1256 2128 verbumque
1292 2088 1396 2113 suum
1435 2074 1490 2110 vel
1527 2071 1662 2109 dicitur

132 2158 190 2196 vel
218 2157 372 2193 (locetur
400 2153 457 2190 vel
485 2152 717 2193 observatur,
744 2152 796 2190 ut,
824 2148 855 2184 si
881 2149 966 2197 post
995 2144 1161 2193 agnitam
1190 2139 1387 2188 Euangelii
1415 2138 1535 2174 lucem
1565 2147 1661 2172 non·

133 2223 219 2259 dum
257 2220 367 2270 plane
402 2230 444 2255 ea
479 2214 688 2254 abiicienda
725 2225 804 2250 esse
842 2215 1026 2261 putemus,
1062 2220 1156 2258 quae
1183 2209 1326 2255 praeter
1354 2202 1507 2239 verbnm
1535 2198 1664 2250 ipsius,

133 2299 197 2324 seu
225 2283 414 2335 hypocrisi
440 2279 666 2320 Pharisaica,
694 2290 757 2315 seu
785 2274 1082 2313 Antiehristiana
1109 2268 1308 2320 tyrannide
1326 2268 1471 2304 invecta
1493 2276 1662 2314 quoquo-

133 2350 246 2389 modo
274 2361 353 2386 esse
380 2346 559 2389 videmus,
577 2364 627 2371 -
648 2342 815 2380 nondum
842 2339 1014 2389 equidem
1042 2328 1667 2383 affirmarepos-(fol.{01¹³)simus,

133 2418 252 2454 lucem
282 2427 302 2450 a
330 2411 440 2449 nobis
467 2409 569 2446 illam
597 2407 716 2457 magis
743 2418 856 2457 quam
875 2403 1049 2441 tenebras
1077 2398 1205 2442 amari,
1225 2396 1406 2448 quidquid
1426 2395 1488 2431 hic
1513 2393 1666 2429 omnino

135 2485 405 2533 praetexamus.
465 2475 552 2512 Non
582 2480 637 2510 cst
665 2472 762 2510 enim
793 2468 989 2507 consensio
1018 2467 1092 2503 ulla
1120 2464 1195 2502 luci
1233 2476 1314 2499 cum
1343 2454 1518 2501 tenebris,
1544 2457 1667 2507 inquit

137 2545 274 2583 Paulus
306 2544 347 2590 ¹),
386 2544 428 2578 ut
464 2553 525 2577 eas
563 2538 637 2575 ullo
674 2535 786 2573 modo
826 2531 997 2570 connecti
1026 2529 1182 2567 invicem
1210 2539 1319 2578 posse
1345 2528 1532 2576 putemus.
1586 2522 1667 2557 Iino

137 2622 239 2652 vero,
266 2608 331 2659 qui
361 2619 487 2643 curam
516 2602 766 2640 Ecclesiarnm
795 2599 866 2636 sibi
895 2595 1147 2634 concreditam
1175 2593 1327 2632 habent,
1355 2603 1435 2627 esse
1462 2588 1498 2625 id
1528 2586 1666 2623 inte-lli-

138 2677 227 2723 gent
263 2669 479 2708 hauddubie
515 2665 631 2704 debiti
665 2663 847 2712 officiique
874 2660 944 2703 sui,
978 2663 1018 2696 ut
1047 2672 1084 2695 se
1114 2655 1348 2706 cooperarios
1377 2665 1454 2690 esse
1483 2650 1668 2687 declarent

139 2737 281 2776 Christi
324 2734 465 2773 domini
501 2733 541 2769 in
579 2727 811 2767 destruendis
849 2723 990 2762 diaboli
1028 2721 1223 2773 operibus,
1261 2730 1481 2770 quacunque
1518 2714 1666 2753 tandem

187 2878 211 2917 ¹)
236 2877 255 2908 2
277 2875 351 2908 Cor.
375 2876 404 2906 6.
