1818 3178
198 122 272 158 488
849 135 907 162 ΕΡ.
937 135 1080 163 boore.

203 236 313 278 esset,
347 245 442 283 quae
477 232 627 283 quidem
661 246 736 271 non
766 234 837 272 huc
865 235 1058 285 spectabat
1085 236 1286 286 promissio
1316 241 1355 277 ut
1383 250 1524 285 omnes,
1551 239 1615 290 qui
1642 252 1726 278 cum

206 296 313 334 Mose
348 296 497 347 Egypto
534 301 782 345 excesserant,
809 301 946 337 terram
975 299 1239 350 promissionis
1276 302 1571 353 ingrederentur,
1597 305 1661 343 sed
1686 308 1730 344 ut

206 361 275 398 hac
303 374 367 412 spe
393 362 585 413 proposita
614 363 728 401 verbo
755 362 826 401 Dei
863 362 1061 402 obedirent
1099 369 1269 417 essetque
1295 369 1455 419 populus
1483 368 1566 408 Dei.
1620 369 1728 407 Alio-

204 425 269 476 qui
303 430 389 476 post
425 426 590 476 agnitam
633 440 717 465 vere
754 428 866 466 semel
902 427 972 466 Dei
1008 428 1047 466 in
1084 442 1154 467 nos
1192 430 1463 480 benignitatem
1490 433 1660 483 gignitur
1685 434 1726 472 in

205 490 316 528 nobis
352 504 417 541 per
456 492 519 542 Sp.
557 492 595 530 S.
633 492 720 529 talis
756 506 845 542 erga
873 492 994 531 Deum
1023 507 1141 539 amor,
1168 498 1210 533 ut
1236 494 1345 533 illum
1375 497 1543 536 deserere
1570 498 1731 550 amplius

205 567 280 592 non
318 555 429 593 facile
468 557 638 602 velimus,
673 557 820 595 etiamsi
856 571 976 610 neque
1005 559 1147 610 premia
1176 573 1297 611 neque
1325 562 1507 613 supplicia
1534 564 1624 602 item
1653 564 1728 602 ulla

202 621 386 658 extarent.
433 619 491 657 Ad
522 621 680 658 eundem
707 621 861 659 modum
890 636 1010 673 neque
1037 624 1159 661 minae
1188 623 1374 663 Ninivitis
1402 639 1421 663 a
1450 627 1635 678 Propheta
1663 628 1728 667 de·

207 682 406 721 nunciatae
432 683 479 721 ad
507 684 594 722 illos
621 685 897 736 pertinuerunt,
923 687 1142 738 praesertim
1171 687 1238 725 ubi
1267 688 1526 739 resipuissent,
1552 691 1729 730 nimirum

205 759 281 785 non
318 748 403 785 ideo
431 749 660 800 propositae,
687 750 788 801 quod
817 763 960 801 poenae
986 751 1087 793 illae.
1115 765 1207 803 quas
1236 752 1337 791 Deus
1365 767 1430 805 per
1458 767 1500 793 os
1527 756 1732 807 prophetae

203 811 280 849 illis
315 812 581 851 interminatus
619 815 754 860 fuerat,
788 819 915 853 essent
952 815 1025 853 iam
1056 816 1243 855 Ninivitis
1272 818 1509 865 constitutae,
1537 820 1599 858 sed
1628 821 1728 871 quod

204 889 267 914 eos
306 877 491 915 Dominus
529 879 711 917 malorum
739 880 890 917 illorum
921 884 1021 919 metu
1051 881 1227 920 deterreri
1255 883 1302 920 ab
1329 882 1496 933 ipsorum
1530 883 1729 935 iniquitate

205 941 365 979 volebat.
404 942 517 980 Hanc
542 931 724 981 iustitiam
754 957 818 981 seu
845 943 1010 982 iustitiae
1036 946 1150 983 finem
1179 946 1290 984 nobis
1318 946 1504 985 Dominus
1531 947 1610 998 ipse
1638 961 1728 986 con·

205 1005 342 1050 firmat,
379 1006 465 1044 dum
500 1007 571 1045 ait:
609 1007 712 1045 Nolo
748 1013 906 1046 mortem
941 1010 1152 1060 peccatoris
1180 1011 1243 1048 sed
1272 1011 1393 1060 magis
1422 1016 1461 1049 ut
1489 1016 1728 1050 convertatur

203 1072 239 1106 et
277 1069 391 1108 vivat.
444 1070 494 1108 Et
530 1071 666 1109 Paulus
703 1071 800 1110 hanc
827 1072 1012 1110 iustitiam
1039 1074 1221 1112 illustrari
1248 1074 1356 1113 docet
1383 1088 1449 1126 per
1476 1075 1726 1126 Euangelium

203 1146 247 1171 ex
275 1133 348 1171 fide
375 1134 414 1171 in
442 1135 569 1174 fidem.
595 1157 644 1165 -
680 1135 736 1174 De
762 1136 984 1175 retributiva
1012 1142 1136 1175 autem
1163 1138 1309 1176 iustitia
1336 1139 1490 1190 eiusque
1516 1141 1591 1178 fine
1619 1141 1727 1178 docet

201 1211 270 1236 nos
308 1198 493 1237 Dominus
531 1205 672 1246 noster,
708 1202 901 1252 proposito
940 1202 1050 1240 nobis
1088 1216 1155 1241 suo
1191 1203 1309 1255 ipsius
1344 1205 1528 1255 exemplo,
1564 1205 1651 1243 dum
1688 1219 1726 1244 se

198 1262 432 1300 redditurum
468 1277 548 1302 esse
583 1265 785 1317 unicuique
813 1270 970 1304 testatur
998 1267 1101 1304 iuxta
1130 1268 1228 1305 facta
1255 1268 1387 1319 ipsius.
1417 1269 1625 1307 Confirmat
1652 1269 1723 1308 hoc

198 1328 316 1379 ipsius
354 1342 427 1367 vox
463 1329 550 1368 illaz
585 1330 723 1368 Venite
760 1331 947 1369 benedicti
982 1331 1106 1369 Patris
1141 1333 1215 1370 mei
1253 1337 1321 1371 cet.
1361 1337 1396 1371 et
1424 1333 1483 1372 Ite
1511 1334 1722 1373 maledicti!

199 1393 290 1431 Non
326 1407 435 1445 posse
472 1408 558 1433 vero
595 1395 640 1433 de
675 1395 746 1433 hac
783 1396 928 1434 iustitia
964 1396 1168 1448 quidquam
1205 1398 1361 1435 omnino
1398 1398 1539 1437 remitti
1565 1402 1724 1437 testatur

201 1458 375 1497 Christus
419 1459 509 1510 ipse,
556 1461 620 1511 qui
665 1460 706 1498 in
745 1475 783 1499 se
820 1461 873 1499 ait
910 1475 1058 1499 omnem
1097 1462 1280 1500 iustitiam
1316 1463 1466 1514 impleri
1502 1464 1725 1515 oportuisse.

199 1524 349 1563 Quodsi
383 1525 423 1563 in
463 1525 615 1564 Christo
652 1526 816 1564 Domino
854 1539 1001 1565 omnem
1038 1527 1220 1565 iustitiam
1256 1528 1404 1579 impleri
1440 1529 1618 1580 oportuit.
1645 1542 1721 1568 non

196 1593 252 1628 est
288 1590 389 1641 quod
425 1591 464 1628 in
503 1605 541 1629 se
577 1591 680 1629 illam
716 1591 854 1629 remitti
882 1597 946 1629 aut
973 1592 1114 1642 alioqui
1142 1593 1280 1630 mutari
1316 1594 1586 1645 quoquomodo
1613 1607 1723 1646 posse

194 1655 461 1704 imaginentur,
497 1655 562 1706 qui
597 1669 617 1692 a
644 1656 763 1707 priori
789 1656 855 1693 illo
894 1656 1122 1695 correctivae
1148 1657 1316 1695 iustitiae
1345 1659 1419 1696 fine
1447 1671 1526 1696 sese
1555 1671 1620 1696 sua
1648 1659 1719 1709 ipsi

193 1719 403 1758 temeritate
432 1720 650 1760 excludunt.
699 1721 879 1772 Impietas
907 1721 1013 1773 impii
1042 1735 1151 1773 super
1179 1735 1276 1768 eum,
1304 1722 1397 1760 dicit
1425 1722 1622 1761 Dominus.
1673 1723 1724 1762 Et

194 1784 306 1826 idem.
332 1784 652 1836 Unumquemque
689 1786 728 1823 in
757 1799 822 1824 sua
850 1787 1044 1838 impietate
1070 1787 1279 1838 periturum
1305 1790 1478 1825 testatur.
1508 1788 1615 1826 Quae
1635 1801 1723 1826 cau-

193 1861 232 1886 sa
261 1849 332 1887 fuit
360 1852 400 1887 ut
427 1849 540 1887 homo
569 1850 678 1887 etiam
708 1864 785 1888 non
812 1855 938 1902 posset
965 1864 986 1888 a
1014 1856 1134 1889 morte
1163 1855 1380 1890 commerita
1409 1852 1480 1889 nisi
1509 1865 1575 1903 per
1597 1852 1720 1890 homi-

194 1926 279 1950 nem
316 1912 481 1952 liberari.
536 1914 626 1952 Non
661 1914 787 1965 potuit
815 1915 916 1952 enim
944 1914 1111 1954 hominis
1139 1915 1311 1967 impietas
1340 1916 1415 1954 nisi
1440 1929 1505 1966 per
1533 1915 1723 1955 hominem

191 1979 350 2031 dependi
393 1984 434 2017 ut
481 1980 550 2018 Dei
592 1979 760 2018 iustitiae
796 1980 1006 2024 satisfieret,
1041 1984 1077 2018 et
1114 1980 1303 2018 hominem
1340 1981 1504 2032 perferre
1543 1982 1722 2032 oportuit,

192 2044 292 2095 quod
320 2044 467 2082 homini
494 2048 574 2082 erat
602 2044 866 2083 constitutum.
895 2044 1059 2082 Proinde
1088 2045 1274 2096 scriptura
1294 2046 1507 2096 oportuisse
1529 2045 1721 2083 Christum

197 2108 275 2160 pati
304 2109 425 2155 docet,
454 2121 677 2160 omnemque
704 2110 889 2147 iustitiam
918 2109 958 2146 in
987 2122 1029 2147 eo
1056 2109 1249 2160 impletam
1279 2123 1357 2147 esse
1384 2113 1418 2147 et
1439 2109 1562 2156 nobis,
1580 2109 1727 2161 corpori

193 2187 259 2211 suo
287 2187 353 2225 per
382 2178 537 2213 naturae
567 2175 870 2213 communionem
899 2174 1072 2220 inclusis,
1095 2174 1276 2226 imputari
1303 2175 1349 2213 ad
1380 2175 1551 2220 salutem,
1578 2175 1609 2212 si
1637 2179 1721 2213 tan-

192 2242 270 2276 tum
299 2238 522 2276 beneficium
550 2239 624 2277 fide
652 2238 735 2277 viva
763 2238 1100 2290 apprehendamus.
1149 2240 1279 2277 Quare
1307 2238 1485 2277 adversus
1513 2238 1583 2276 Dei
1609 2238 1722 2276 iusti-

190 2302 281 2340 tiam
316 2308 484 2353 pecoant,
519 2303 582 2354 qui
620 2303 813 2341 Christum
853 2303 1057 2341 Dominum
1095 2317 1219 2342 veram
1246 2317 1290 2341 ac
1317 2305 1525 2342 naturalem
1555 2303 1721 2342 hominis

190 2380 338 2404 carnem
366 2381 385 2405 e
412 2370 532 2405 matre
561 2367 705 2417 virgine
735 2368 797 2418 Sp.
829 2369 854 2404 S
897 2367 1047 2418 opificio
1077 2368 1281 2419 sumpsisse
1311 2373 1462 2418 negant.
1493 2368 1583 2406 Quo
1610 2372 1718 2419 pacto

191 2431 289 2469 enim
325 2432 523 2469 transferri
558 2432 598 2470 in
631 2433 737 2470 illum
775 2432 1017 2470 maledictum
1054 2433 1250 2483 potuisset,
1278 2433 1382 2471 carni
1410 2437 1560 2472 nostrae
1602 2447 1622 2471 a
1649 2433 1719 2471 Dei

191 2495 337 2533 iustitia
375 2496 638 2543 constitutum,
672 2499 715 2534 ut
751 2497 845 2534 illud
874 2497 959 2534 loco
988 2501 1119 2535 nostro
1149 2497 1387 2548 dependeret,
1415 2498 1446 2535 si
1474 2511 1622 2536 carnem
1651 2510 1719 2535 no-

191 2564 317 2606 stram,
356 2560 393 2599 h.
422 2574 466 2605 e.,
504 2561 616 2599 nobis
652 2561 1014 2600 consubstantialem
1044 2576 1121 2600 non
1150 2562 1345 2601 habebat}>
1397 2564 1476 2601 Aut
1504 2575 1577 2613 quo
1605 2566 1716 2613 pacto

192 2624 437 2662 satisfecisset
470 2638 537 2676 pro
567 2625 679 2663 nobis
708 2625 858 2664 divinae
885 2626 1002 2677 patris
1032 2626 1090 2664 sui
1118 2626 1298 2672 iustitiae,
1325 2627 1355 2664 si
1385 2626 1480 2663 alius
1508 2639 1618 2676 quarn
1648 2639 1717 2664 nos

190 2701 333 2734 sumus,
360 2701 427 2739 pro
454 2689 539 2726 aliis
566 2689 678 2727 etiam
707 2703 818 2741 quam
847 2691 926 2741 ipse
955 2694 1012 2728 est
1039 2704 1119 2728 sese
1148 2690 1375 2728 obtulisset?
1404 2691 1513 2727 Certe
1540 2689 1571 2727 si
1599 2694 1713 2728 aeter·

191 2765 276 2790 nam
304 2756 416 2803 atque
444 2752 716 2791 immutabilem
744 2768 824 2792 esse
853 2755 1014 2792 fatemur
1041 2754 1303 2793 retributivam
1332 2753 1402 2792 Dei
1429 2753 1623 2801 iustitiam,
1653 2768 1718 2792 ne·

188 2832 276 2867 gare
313 2817 420 2857 nullo
455 2816 569 2855 modo
605 2819 811 2869 poterimus
847 2819 888 2857 in
922 2824 1053 2857 nostra
1081 2823 1118 2857 et
1146 2832 1220 2857 non
1249 2819 1288 2857 in
1315 2818 1390 2856 alia
1419 2831 1529 2856 carne
1557 2819 1717 2870 dependi

188 2895 254 2934 pro
292 2882 403 2921 nobis
441 2882 663 2933 oportuisse,
692 2883 792 2933 quod
822 2886 880 2932 (5)
910 2896 987 2921 non
1015 2883 1124 2921 alteri
1151 2883 1263 2921 etiam
1292 2895 1402 2933 quam
1433 2886 1584 2921 nostrae
1613 2883 1717 2922 carni
