1818 3178
204 98 277 132 502
841 100 910 133 rr.
940 100 1084 128 bocru.

203 215 245 251 ut
278 211 326 249 ab
362 210 429 249 illo
464 208 549 259 quis
585 220 750 258 unquam
787 206 941 246 omnino
977 206 1188 258 recipiscat.
1242 208 1406 246 Ioannes
1431 208 1519 245 item
1550 221 1625 245 non
1654 221 1735 246 esse

206 275 364 326 amplius
399 272 466 319 ait,
498 275 540 309 ut
575 282 643 322 pro
680 269 749 308 illo
782 269 861 308 ulla
896 282 1048 320 prorsus
1083 269 1249 320 precatio
1277 271 1470 316 habeatur,
1496 276 1532 308 et
1560 271 1732 309 Christus

205 352 342 388 magna
368 335 536 387 emphasi
561 347 712 374 manere
738 333 833 372 illud
861 337 1019 371 testatur
1046 346 1166 384 neque
1193 334 1456 374 remittendum
1483 348 1563 373 esse
1579 335 1619 373 in
1637 339 1734 374 eter-

206 415 308 441 num.
361 401 470 441 Quae
490 387 620 439 'causa
653 398 727 438 fuit
753 399 864 436 etiam
891 397 1077 449 plerisque
1104 402 1147 434 ut
1174 397 1340 437 dicerent
1366 399 1437 437 soli
1464 399 1551 436 huic
1576 403 1730 450 peccato

205 467 425 516 gehennam·
452 465 494 503 in
519 476 681 516 poenam
709 461 952 500 constitutam
978 475 1070 506 esse,
1095 462 1315 512 praesertim
1342 476 1427 502 cum
1455 464 1626 502 Christus
1653 463 1734 514 ipse

207 533 369 570 fateatur
407 542 486 568 eam
515 528 703 568 Sathunae
729 525 978 578 potissimum,
1004 525 1114 572 huius
1139 526 1283 577 peccati
1309 527 1446 574 autori,
1472 531 1509 565 et
1535 527 1612 566 suis
1639 527 1735 565 dun-

206 599 311 634 taxat
352 581 512 643 angelis,
546 592 618 633 hoc
653 596 722 636 est,
757 590 814 628 sui
853 589 1038 628 similibus
1074 590 1122 628 ab
1158 594 1308 628 aeterno
1336 591 1449 631 fuisse
1477 592 1734 631 constitutam.

207 660 367 697 Peccato
394 670 483 696 vero
510 656 611 710 quod
639 654 783 693 remitti
809 653 970 692 debebat
996 653 1207 703 gehennam
1236 655 1414 693 constitui
1440 655 1731 707 haudquaquam

206 723 385 775 potuisse,
419 725 617 772 propterea
645 718 747 769 quod
772 717 847 757 duo
875 717 967 755 haec
993 731 1160 769 pugnare
1188 730 1314 756 secum
1341 718 1498 756 omnino
1525 719 1739 765 videantur,

207 788 301 825 velle
345 790 540 838 peccatum
579 783 768 823 remittere
804 788 840 819 et
876 782 1089 830 gehennam
1124 781 1181 819 illi
1217 782 1257 820 in
1291 795 1449 834 poenam
1485 784 1738 829 constituisse,

208 864 302 902 quae
334 850 484 902 quidem
522 848 571 886 ab
610 846 713 886 omni
749 845 878 884 veniae
905 859 969 896 spe
995 846 1105 897 plane
1132 845 1354 889 excluditur,
1381 846 1519 884 nedum
1544 851 1586 885 ut
1612 848 1728 886 ullam

207 929 360 966 prorsus
387 914 562 952 admittat
587 915 825 965 peccatorum
851 909 1121 948 remissionem.
1150 910 1265 948 Quod
1293 910 1466 961 equidem
1493 914 1530 949 et
1550 911 1734 963 propheta

207 979 346 1030 pluries
374 983 409 1018 et
436 977 631 1017 Abraham
659 975 724 1012 ille
752 973 1005 1023 Euangelicus
1032 973 1224 1024 aptissime
1251 979 1451 1013 testantur.
1479 976 1674 1013 Caeterum
1694 975 1733 1013 id

207 1056 357 1095 quoque
382 1040 662 1081 observandum
690 1038 751 1078 bic
777 1038 860 1083 erit,
889 1037 958 1075 hoc
985 1037 1224 1090 potissimum
1251 1038 1394 1089 peccati
1421 1052 1558 1087 genere
1575 1039 1738 1077 discerni

206 1109 397 1146 Sathanae
433 1120 498 1145 seu
525 1104 754 1145 Antichristi
780 1102 987 1141 Ecclesiam
1016 1116 1038 1139 a
1065 1102 1206 1141 Christi
1237 1103 1424 1143 Ecclesia.
1479 1103 1736 1142 Quemadmo-

208 1170 297 1208 dum
332 1169 433 1207 enim
468 1168 628 1219 primum
665 1165 763 1217 apud
794 1164 1029 1202 Christianos
1056 1164 1181 1201 locum
1210 1164 1356 1202 obtinet
1383 1165 1613 1215 poenitentia
1642 1179 1738 1217 quae

205 1233 437 1284 apprehensa
473 1244 562 1270 mox
598 1243 662 1281 per
698 1229 812 1268 fidem
848 1227 918 1266 Dei
955 1227 1214 1265 misericordia
1248 1227 1372 1277 gignit
1407 1241 1453 1266 ex
1490 1242 1528 1266 se
1562 1229 1735 1279 protinus

206 1298 353 1336 fructus
389 1296 599 1340 charitatis,
626 1294 678 1332 ita
705 1293 744 1330 in
772 1293 962 1331 Sathanae
988 1291 1159 1330 Ecclesia
1186 1291 1350 1342 primum
1377 1292 1451 1330 sibi
1478 1293 1604 1331 locum
1633 1293 1734 1331 obti-

207 1366 270 1400 net
306 1364 545 1411 contemptus
580 1359 666 1404 Dei,
701 1357 767 1409 qui
803 1357 949 1395 demum
978 1369 1043 1407 per
1070 1355 1187 1394 animi
1215 1356 1510 1394 obstinationem
1537 1358 1662 1407 gignit
1688 1371 1733 1396 ex

207 1439 246 1463 se
279 1427 392 1464 etiam
429 1425 559 1463 odium
597 1422 739 1461 Christi
774 1428 811 1458 et
846 1421 1015 1459 omnium
1051 1421 1266 1473 quicunque
1292 1421 1340 1458 ab
1368 1421 1434 1457 illo
1462 1421 1509 1458 ad
1538 1422 1734 1461 doctrinae

206 1503 296 1527 suae
321 1489 572 1528 ministerium
599 1491 797 1525 vocantur.
851 1485 915 1522 Sic
940 1484 1149 1523 desertores
1177 1484 1233 1521 illi
1260 1484 1300 1521 in
1327 1488 1451 1522 vetere
1477 1485 1646 1523 Ecclesia
1676 1500 1736 1524 sa-

208 1554 405 1592 cerdotum
440 1552 646 1604 principes,
671 1549 853 1588 adversus
880 1561 976 1599 quos
1003 1547 1209 1599 prophetas
1235 1560 1324 1585 suos
1352 1548 1455 1586 Deus
1483 1549 1646 1587 subinde
1671 1563 1737 1588 ex-

207 1619 362 1664 citabat,
388 1618 486 1656 ferre
513 1627 724 1666 numquam
750 1616 956 1663 potuerunt
984 1625 1061 1656 coe,
1086 1611 1154 1663 qui
1181 1625 1201 1649 a
1229 1611 1395 1649 Domino
1425 1612 1472 1649 ad
1501 1613 1628 1651 vineae
1650 1627 1737 1651 suae

207 1683 394 1721 culturam
421 1680 683 1723 mittebantur,
709 1681 822 1728 atque
849 1675 943 1713 adeo
971 1675 1097 1726 ipsum
1123 1675 1253 1713 vineae
1281 1675 1477 1714 haeredem
1495 1677 1620 1723 etiam,
1638 1678 1740 1716 facta

205 1746 384 1784 adversus
428 1744 539 1782 illum
574 1741 868 1793 conspiratione,
902 1739 1138 1778 occiderunt.
1191 1739 1256 1776 Sic
1291 1746 1328 1777 et
1364 1753 1467 1777 nunc
1504 1741 1552 1778 ab
1578 1741 1738 1779 istorum

206 1809 490 1849 successoribus
528 1807 701 1845 videmus
736 1817 814 1843 non
851 1803 963 1841 modo
992 1802 1206 1841 doctrinam
1235 1802 1378 1840 Christi
1406 1803 1613 1842 coniuratis
1641 1805 1740 1843 odiis

207 1872 431 1925 oppugnari,
466 1872 532 1909 sed
567 1871 653 1909 viva
689 1869 793 1907 illius
826 1867 996 1906 membra
1023 1867 1137 1905 etiam
1162 1867 1217 1905 ita
1244 1867 1413 1913 tractari,
1438 1871 1480 1905 ut
1508 1881 1592 1906 cum
1620 1870 1737 1908 scele-

206 1937 383 1976 stissimis
412 1937 702 1989 quibuscunque
728 1932 949 1972 hominibus
977 1931 1165 1970 crudelius
1193 1932 1257 1981 agi
1288 1945 1364 1970 non
1392 1933 1526 1983 possit.
1578 1933 1741 1972 Interim

206 2008 330 2040 tamen
359 2001 548 2039 Dominus
576 2012 682 2038 suam
708 2011 786 2037 non
816 1996 952 2036 deserit
980 1995 1204 2040 Ecclesiam,
1231 1995 1296 2033 sed
1315 2009 1395 2033 eam
1416 1996 1544 2034 modis
1560 1997 1737 2034 omnibus

206 2066 379 2104 sublevat
404 2070 441 2104 et
466 2068 606 2103 tuetur.
635 2063 843 2101 Confirmat
871 2060 982 2098 fidem
1011 2059 1052 2097 in
1079 2073 1118 2098 se
1145 2064 1315 2098 nostram
1332 2073 1396 2110 per
1416 2060 1598 2111 Spiritum
1619 2062 1737 2098 Sanc-

207 2136 286 2169 tum
323 2144 448 2177 suum,
483 2129 595 2179 erigit
629 2140 700 2166 nos
727 2125 878 2164 assidue
904 2125 1011 2163 verbi
1040 2125 1098 2162 sui
1127 2124 1246 2162 divini
1275 2124 1606 2175 promissionibus,
1632 2125 1739 2163 addit

206 2200 242 2233 et
281 2194 448 2232 visibilia
483 2206 614 2232 eorum
651 2196 763 2243 atque
799 2190 895 2228 adeo
929 2189 1134 2241 palpabilia
1172 2189 1284 2226 etiam
1321 2190 1509 2240 symbola,
1543 2204 1639 2241 quae
1666 2203 1737 2228 nos

208 2263 439 2297 sacramenta
467 2270 645 2297 vocamus
673 2259 710 2294 et
738 2255 844 2293 adest
871 2258 1050 2305 perpetuo
1072 2253 1150 2291 suis
1164 2266 1280 2305 usque
1299 2254 1345 2291 ad
1366 2254 1482 2292 seculi
1499 2268 1737 2293 consumma·

207 2322 362 2367 tionem,
388 2327 430 2360 ut
456 2326 587 2373 portae
613 2320 726 2359 inferi
743 2322 924 2357 adversus
936 2331 1008 2356 nos
1022 2318 1235 2369 praevalere
1257 2331 1460 2370 numquam
1478 2318 1735 2370 possint.(15)

259 2452 273 2499 §
303 2452 362 2489 10.
414 2450 600 2499 Epilofflcs
637 2450 681 2486 de
714 2448 840 2486 nostri
867 2447 1061 2496 aqnitione
1086 2446 1194 2485 iuxta
1220 2447 1314 2496 leqc's
1342 2460 1404 2484 seu
1430 2446 1683 2484 mandatorum

873 2511 1064 2551 doctrina.

260 2642 318 2680 Ex
358 2641 417 2679 his
457 2655 553 2692 quae
589 2641 633 2679 de
670 2641 766 2689 legis
800 2640 930 2679 officiis
969 2640 1089 2692 deque
1124 2644 1364 2692 peccatorum
1395 2640 1598 2690 generibus
1635 2640 1735 2677 dicta

211 2711 312 2752 sunt,
348 2706 458 2744 facile
486 2710 654 2757 apparet,
680 2708 865 2758 quantum
893 2719 915 2742 a
942 2705 1064 2756 primo
1093 2706 1217 2744 nostri
1244 2705 1448 2756 archetypo
1476 2710 1587 2755 atquc
1614 2719 1636 2742 a
1662 2706 1740 2743 vita

208 2772 301 2813 adeo
338 2774 490 2809 aeterna
516 2770 630 2808 etiam
656 2770 836 2815 absimus,
862 2769 964 2821 quod
991 2769 1039 2807 ad
1067 2783 1138 2808 nos
1164 2770 1316 2822 quidem
1344 2769 1492 2813 attinet.
1518 2770 1736 2820 praesertim

210 2835 240 2874 si
269 2835 385 2874 solam
408 2834 673 2874 mandatorum
702 2834 915 2875 doctrinam
944 2835 1171 2876 intueamur.
1225 2836 1377 2876 Conditi
1407 2849 1533 2876 sumus
1561 2836 1671 2876 liberi
1699 2836 1737 2874 in
