1818 3178
1591 87 1662 123 283

145 225 240 261 quae
274 213 553 259 interprecetur,
590 208 827 257 Papi-sticum
857 218 932 243 esse
961 203 1206 252 tyrannidem,
1261 197 1666 247 ciisaccumulareper-

144 276 459 315 sacramentarios
497 273 726 311 insanabiles
762 272 954 309 excludere
992 270 1039 306 ab
1070 270 1202 306 Eccle·
1256 266 1323 316 git.
1379 264 1420 301 Si
1447 264 1668 301 Sacramen-

143 343 296 379 siastica
326 352 372 376 ac
401 339 563 375 politica
591 339 776 380 sociante,
804 349 848 373 we
869 337 906 371 in
926 335 1072 371 animas
1090 345 1198 370 suam
1250 329 1365 367 tarios
1385 332 1506 374 vocat,
1525 327 1590 377 qui
1610 339 1669 363 sa-

144 405 376 454 tyrannidem
413 408 618 439 arei-ceant.
674 402 724 438 Ec
761 401 929 437 seditiose
965 405 1121 435 accusa(
1157 404 1209 444 ty·
1264 398 1464 436 eramenta,
1513 396 1575 430 aut
1612 405 1669 429 res

145 469 318 507 ran-nidis
362 468 575 515 Principes,
612 466 871 514 Maqistratns,
907 464 1092 500 ministros
1131 462 1207 497 Ec·
1261 458 1380 497 nudas
1397 458 1542 495 ociosas
1560 460 1671 507 atque

145 534 355 575 desieram,
405 543 597 578 omnesque
643 531 736 566 adeo
778 528 916 573 fideles,
953 531 1127 575 quotquot
1155 525 1201 561 ab
1254 523 1386 560 inanes
1421 520 1578 565 faciunt,
1606 532 1671 558 ne-

146 596 322 633 Ecclesz'a
350 597 455 643 lupos
482 606 616 642 yraves
643 593 833 641 repellant.
1257 599 1328 637 que
1390 585 1464 623 nisi
1517 596 1672 621 conver·

1264 650 1419 688 sationis
1446 654 1595 687 nostrae
1613 649 1673 686 in-

1259 715 1376 752 vicem
1429 714 1535 763 signa
1596 725 1675 750 esse

150 790 297 834 docent,
329 788 413 837 (fol.
443 788 510 835 20)
547 789 610 824 aut
647 783 711 836 qui
745 784 809 821 illa
846 783 943 820 inter
979 793 1036 819 res
1065 779 1288 831 adiaphoras
1316 779 1368 816 ita
1395 781 1604 823 numerant,
1633 780 1674 814 ut

149 854 301 906 perinde
329 866 407 890 esse
436 852 575 895 dicant,
604 850 679 887 sive
706 849 781 886 illis
800 851 963 892 utamur,
983 846 1059 883 sive
1079 858 1154 882 non
1172 849 1331 889 utamur,
1349 864 1399 872 —
1419 856 1481 881 eos
1499 855 1587 880 sane
1606 854 1675 879 nos

149 920 187 956 in
226 918 393 956 Ecclesia
431 915 605 954 ferendos
633 927 710 952 non
738 926 828 958 csse,
856 912 973 949 multo
1003 923 1112 961 quam
1144 909 1381 960 Westphalus
1409 912 1516 946 antea
1545 906 1675 944 docui-

151 997 233 1021 mus
276 988 387 1033 atque
422 981 626 1019 etiamnum
664 978 850 1020 docemus,
888 975 1071 1026 siquidem
1107 973 1345 1024 pertinaciter
1381 984 1543 1009 errorem
1579 970 1677 1008 tueri

150 1047 278 1084 velint.
309 1045 349 1082 Si
377 1057 462 1082 vero
491 1040 806 1080 sacramentarios
834 1053 853 1076 e
877 1051 944 1076 suo
972 1037 1121 1088 tripode
1147 1049 1226 1073 esse
1252 1034 1488 1086 pronunciat,
1516 1033 1579 1084 qui
1607 1045 1676 1070 nu-

151 1125 277 1164 peram
311 1111 414 1148 illam
439 1107 609 1158 corporis
637 1110 673 1144 et
702 1104 895 1155 sanguinis
924 1102 1065 1140 Christi
1092 1102 1131 1139 in
1161 1101 1305 1138 Coenae
1333 1099 1521 1137 elementis
1550 1098 1678 1135 delite-

153 1175 332 1215 scentiam
374 1185 574 1223 eorumque
620 1173 896 1215 xxvrnroxixv
943 1172 978 1205 et
1025 1178 1260 1204 communem
1305 1169 1492 1215 practerea
1526 1164 1677 1200 illorum

152 1242 224 1293 piis
251 1240 389 1291 pariter
416 1243 527 1289 atque
553 1236 678 1287 impiis
705 1233 1029 1285 participationem
1049 1232 1086 1268 in
1107 1231 1228 1268 Coena
1252 1242 1453 1278 agnoscere
1472 1230 1679 1272 nolunt,—

153 1297 250 1344 tum⁴
269 1318 338 1343 nos
375 1303 436 1341 hic
474 1299 745 1352 Westphalicas
780 1297 994 1336 istiusmodi
1023 1308 1195 1333 censuras
1226 1295 1321 1332 nihil
1347 1306 1549 1339 moramur,
1577 1292 1682 1337 certi,

154 1374 320 1409 nostram
357 1368 418 1405 hic
446 1366 657 1404 doctrinam
685 1363 795 1401 nobis
825 1375 908 1400 cum
937 1361 1085 1399 Christo
1114 1360 1279 1397 Domino
1307 1358 1460 1408 eiusque
1486 1356 1680 1408 Apostolis

152 1438 189 1472 et
217 1432 410 1471 Catholica
443 1430 535 1468 adeo
568 1429 685 1480 ipsius
721 1426 891 1466 Ecclesia
928 1438 1161 1462 communem
1197 1436 1288 1469 esse,
1328 1435 1486 1472 vereque
1514 1421 1683 1466 dicimus,

154 1511 232 1537 non
267 1496 438 1548 equidem
473 1508 493 1532 a
530 1493 639 1531 nobis
668 1493 707 1530 in
735 1504 961 1543 quenquam,
989 1489 1053 1527 sed
1081 1502 1101 1526 a
1130 1487 1349 1538 Westphalo
1378 1490 1414 1524 et
1443 1486 1518 1523 suis
1546 1486 1586 1523 in
1613 1497 1682 1522 nos

156 1577 199 1602 ac
234 1565 396 1606 nostros,
429 1559 654 1610 Papisticam
691 1557 930 1607 tyrannidem
966 1554 1141 1600 exerceri,
1178 1553 1278 1598 dum,
1305 1565 1414 1603 quam
1441 1551 1481 1589 in
1508 1549 1681 1601 Papismo

156 1640 374 1667 accusamus
412 1638 530 1663 novos
565 1623 653 1661 fidei
690 1622 882 1660 Articulos
911 1619 1098 1657 condendi
1126 1622 1236 1668 atque
1263 1617 1413 1654 illorum
1443 1614 1593 1652 nomine
1620 1614 1684 1651 de-

157 1706 259 1732 mum
295 1703 423 1729 omnes
460 1686 736 1727 condemnandi
771 1684 976 1729 licenti-am,
1011 1696 1090 1721 eam
1118 1682 1190 1732 ipsi
1216 1681 1290 1718 iam
1319 1680 1391 1717 sibi
1419 1691 1593 1728 arrogare
1621 1691 1685 1715 co·-

158 1761 309 1796 nantur.
364 1753 437 1792 Sed
483 1753 544 1790 hic
585 1751 766 1789 artificem
810 1749 888 1798 agit
925 1747 1164 1798 Westphalus
1203 1749 1250 1790 et,
1286 1744 1387 1795 quod
1425 1756 1493 1780 nos
1529 1743 1568 1780 in
1604 1742 1685 1793 ipso

159 1821 464 1874 syncretistisque
500 1817 576 1855 suis
613 1828 843 1860 accusamus,
877 1813 916 1850 id
952 1812 1031 1863 ipse
1067 1812 1106 1848 in
1143 1810 1335 1860 Principes
1371 1821 1414 1846 ac
1444 1807 1687 1857 Magistratus

159 1887 328 1926 derivare
355 1890 525 1926 conatur,
551 1894 625 1933 quo
655 1880 729 1918 sibi
756 1891 904 1916 causam
933 1890 1017 1915 eum
1044 1876 1119 1914 illis
1151 1887 1385 1912 communem
1413 1873 1528 1910 faciat
1555 1876 1591 1909 et
1619 1884 1688 1910 nos

159 1951 302 1991 invidia
336 1952 478 1999 gravet.
533 1946 620 1984 Hoc
656 1945 689 1982 ei
725 1943 904 1982 nimirum
938 1940 1091 1979 adflavit
1128 1938 1336 1977 Profeticus
1372 1937 1488 1988 ipsius
1525 1936 1690 1987 spiritus,

162 2018 226 2069 qui
258 2030 279 2054 a
316 2013 501 2052 calumnia
537 2024 674 2049 nomen
702 2009 826 2047 babet.
880 2011 933 2045 At
961 2019 1047 2044 vero
1077 2005 1214 2055 scripta
1242 2006 1369 2041 nostra
1397 2003 1520 2053 palam
1546 2005 1688 2039 testan-

162 2087 236 2127 tur,
277 2091 388 2130 quam
415 2090 485 2115 nos
511 2075 622 2113 fidem
652 2072 923 2123 subjectionem
951 2075 1061 2121 atque
1088 2067 1340 2107 obedientiam
1368 2079 1388 2103 a
1416 2065 1576 2103 subditis
1605 2063 1689 2102 Ma-

163 2144 339 2196 gistratui
384 2142 517 2192 cuique
559 2139 686 2177 deberi
724 2137 935 2180 doceamus,
970 2139 1011 2173 ut
1056 2133 1184 2171 multis
1222 2132 1283 2169 hic
1317 2131 1365 2168 ad
1402 2129 1690 2180 retorquendam

164 2208 377 2248 mendaeem
408 2204 570 2242 hominis
597 2201 764 2240 effrenati
793 2199 1018 2238 calumniam
1044 2198 1155 2236 nobis
1183 2197 1337 2233 hicnon
1356 2207 1582 2245 magnopere
1600 2206 1691 2244 opus

165 2288 245 2313 esse
279 2277 463 2324 putemus,
500 2273 548 2313 et,
576 2268 663 2305 dum
692 2266 736 2304 de
763 2265 950 2316 Papistica
978 2262 1178 2313 tyrannide
1207 2261 1340 2298 diserte
1366 2259 1569 2310 loquimur,
1597 2258 1691 2296 nihil

163 2340 268 2378 illam
293 2337 339 2375 ad
366 2334 546 2374 Politicos
576 2332 744 2380 Ma·(fol.
774 2330 1022 2379 2l)gistratus
1050 2339 1200 2377 quoquo
1227 2325 1340 2362 modo
1367 2323 1552 2375 pertinere
1579 2326 1691 2360 testa-

167 2417 265 2449 mur,
302 2401 366 2440 sed
401 2401 445 2438 ad
486 2412 548 2436 eos
586 2398 779 2438 duntaxat,
815 2394 880 2446 qui
917 2393 1081 2444 tripodes
1109 2397 1145 2429 et
1171 2390 1243 2441 ipsi
1272 2403 1358 2427 suos
1384 2389 1425 2426 in
1452 2389 1534 2426 loco
1564 2391 1692 2425 sancto

167 2470 290 2519 Papae
332 2466 452 2503 instar
496 2462 721 2500 constituere
773 2464 883 2510 atque
928 2470 1045 2495 novos
1090 2456 1141 2493 ita
1188 2455 1336 2492 demum
1372 2453 1459 2490 fidei
1502 2452 1693 2490 Articulos

170 2536 344 2576 formare,
380 2534 415 2568 et
445 2540 638 2566 censuram
665 2538 793 2564 eorum
820 2523 974 2562 tandem
1002 2521 1075 2558 sibi
1100 2520 1183 2571 ipsi,
1212 2518 1391 2569 neglectis
1417 2517 1594 2566 legitimis
1622 2516 1696 2554 Ec-

172 2598 304 2636 clesiae
339 2594 503 2637 iudiciis,
532 2603 706 2640 arrogare
735 2592 932 2632 conantur,
959 2586 1032 2624 nisi
1059 2585 1090 2623 si
1118 2584 1327 2634 Westphali
1355 2582 1506 2633 spiritus
1535 2581 1613 2629 (cui
1640 2580 1696 2618 vi-

172 2663 306 2700 delicet
331 2661 447 2697 licent
475 2656 619 2698 omnia)
646 2655 785 2704 Papam
813 2653 969 2690 affirmat
996 2663 1075 2688 csse
1100 2649 1291 2700 politicam
1322 2647 1390 2685 Dei
1411 2645 1697 2688 ordinationem,

172 2732 228 2772 ut,
262 2737 357 2776 quae
394 2723 438 2760 de
466 2719 654 2772 Papistica
683 2718 858 2755 dicuntur
884 2714 1097 2765 tyrannide,
1125 2713 1170 2750 ad
1202 2712 1467 2761 Magistratum
1493 2708 1603 2746 etiam
1633 2708 1697 2745 de-

173 2797 349 2840 torquere
384 2786 516 2838 possit.
571 2783 644 2821 Sed
672 2786 727 2820 est
753 2778 1025 2832 permittendus
1054 2776 1238 2828 Propheta
1265 2775 1326 2813 hic
1353 2787 1420 2812 suo
1449 2772 1608 2824 spiritui,
1633 2771 1695 2822 qui

176 2867 320 2893 sursum
349 2852 470 2889 denuo
499 2862 541 2887 ac
569 2848 742 2886 deorsum
770 2845 922 2882 miscere
950 2843 1073 2881 onmia
1103 2844 1268 2879 conatur.
