1818 3178
231 109 303 146 562
879 118 939 145 ΕΡ.
967 117 1110 145 noc'rn.

221 219 427 257 remotiore
454 230 560 255 sensu
593 219 797 258 ἂντῖτυπει
828 217 993 268 corporis
1022 221 1058 255 et
1086 217 1280 267 sanguinis
1309 219 1450 258 Christi
1469 219 1645 270 appellat.
1671 217 1759 256 Ha·

225 284 294 321 bes
321 281 450 331 igitur,
476 281 533 319 vir
560 281 850 319 humanissime!
877 293 947 319 nos
975 294 1053 319 non
1079 282 1220 320 frustra
1249 283 1561 334 Chrysostomum
1587 283 1627 320 in
1652 295 1760 320 causa

226 351 358 387 nostra
394 347 612 398 appellasse,
649 346 755 384 cuius
789 359 860 385 nos
896 350 1021 384 tamen
1049 347 1253 385 autoritate
1279 361 1359 386 non
1384 349 1554 395 nitimur,
1581 347 1760 398 quemad—

228 411 382 450 modum
418 425 537 463 neque
572 412 728 450 Patrum
767 411 947 456 omnium,
983 410 1130 449 etiamsi
1170 412 1516 462 praestantissimos
1550 413 1703 450 illorum
1738 425 1761 449 a

227 476 400 527 partibus
427 476 568 515 nostris
596 476 815 515 habeamus.
868 476 916 514 In
945 475 1126 513 ornandis
1155 476 1255 514 enim
1283 476 1470 526 dogmatis
1498 476 1762 527 Eeclesiaeque

233 540 542 579 commendandis
569 541 723 579 Patrum
750 541 992 579 autoritatem
1019 541 1179 578 libenter
1206 541 1477 592 amplectimur.
1521 542 1693 580 Ceterum
1720 540 1761 578 in

228 605 427 644 statuenda
454 606 626 645 doctrina
654 606 780 657 aliqua
807 606 1037 657 veritateque
1062 605 1166 643 illius
1194 606 1424 645 adstruenda
1451 620 1472 644 a
1501 619 1611 657 scopo
1631 609 1761 644 nostro

230 672 360 709 oculos
389 671 583 710 deflectere
610 685 687 710 non
714 684 927 722 possumus,
953 671 1201 709 multominus
1228 671 1274 709 ad
1303 672 1498 710 hominum
1525 671 1761 709 autoritatem

235 735 452 774 transferre.
508 735 637 774 Quare
671 739 714 773 ut
742 748 871 773 omnes
899 734 1011 772 simul
1037 735 1167 772 Patres
1195 734 1396 786 omniaque
1423 734 1593 772 Concilia
1629 738 1760 772 contra

228 813 298 839 nos
335 800 511 846 facerent,
546 800 658 838 nobis
696 800 776 838 sola
815 800 1019 851 scripturae
1054 799 1235 838 autoritas
1272 800 1364 838 satis
1401 804 1457 838 est
1493 800 1540 838 ad
1568 790 1761 837 doctrinae

228 868 380 903 nostrae
418 865 752 910 confirmationem,
790 878 864 916 qua
900 878 970 902 nos
1009 865 1088 902 sola
1115 865 1272 903 nitimur
1299 869 1335 903 et
1362 865 1537 903 omnibus
1565 864 1762 903 nitendum

227 942 306 967 esse
342 933 530 980 putamus,
567 929 761 980 solamque
798 942 878 967 esse
915 928 1104 974 docemus,
1140 943 1234 978 quae
1268 930 1473 968 certamina
1509 929 1763 967 conscientiae

228 993 349 1031 omnia
376 994 561 1031 discutere
589 1007 633 1032 ac
660 994 913 1042 tranquillare
938 994 1100 1032 debeat..
1122 995 1174 1031 At
1201 1007 1287 1031 vero
1316 998 1351 1032 et
1378 1007 1444 1032 vos
1472 994 1677 1045 scripturae
1702 993 1763 1031 in-

227 1056 299 1094 niti
336 1056 462 1094 dicitis
499 1069 655 1107 eamque
683 1070 703 1094 a
731 1057 840 1094 vobis
869 1060 979 1101 stare,
1007 1056 1038 1094 si
1067 1056 1226 1107 simplex
1253 1057 1453 1095 verborum
1482 1070 1617 1095 coenae
1646 1056 1763 1106 signi-

227 1121 353 1159 ficatio
380 1121 598 1167 retineatur,
627 1135 707 1160 eam
734 1134 848 1173 porro
878 1121 1113 1159 retinendam
1143 1135 1235 1169 esse,
1265 1135 1347 1160 cum
1374 1136 1450 1160 non
1478 1122 1648 1160 videatur
1667 1134 1762 1172 quo-

228 1186 416 1237 quomodo
446 1199 539 1237 opus
566 1200 659 1232 esse,
685 1190 726 1224 ut
754 1199 819 1238 per
847 1189 997 1237 tropum
1025 1186 1150 1234 verba,
1177 1200 1244 1237 per
1271 1200 1309 1225 se
1337 1187 1480 1238 alioqui
1508 1187 1682 1232 dilucida,
1701 1187 1762 1224 in-

227 1256 508 1303 terpraetemur.
563 1252 650 1289 Seio
687 1251 778 1289 haec
815 1265 835 1289 a
863 1251 996 1289 vestris
1026 1251 1113 1297 diei,
1141 1251 1204 1288 sed
1233 1264 1302 1289 nos
1330 1251 1440 1289 initio
1469 1264 1555 1289 mox
1582 1263 1761 1299 negamus

225 1330 319 1367 opus
347 1330 424 1354 non
452 1330 531 1354 esse
557 1317 671 1354 ullius
699 1316 799 1366 tropi
826 1316 992 1353 remedio
1020 1316 1060 1353 in
1089 1316 1288 1353 verborum
1319 1329 1455 1354 coenae
1481 1315 1761 1367 interpretatio-

224 1395 283 1425 ne,
312 1385 347 1418 et
374 1382 535 1419 fatemur
564 1381 715 1432 quidem
745 1381 906 1419 libenter
934 1380 981 1418 ad
1010 1380 1215 1431 scripturae
1242 1381 1282 1419 id
1310 1381 1531 1430 dignitatem
1559 1380 1759 1432 pertinere,

226 1449 268 1483 ut
304 1445 405 1483 illius
443 1445 674 1496 simplicitas,
710 1445 834 1495 quoad
870 1445 947 1483 eius
984 1445 1144 1482 maxime
1170 1445 1251 1482 fieri
1287 1449 1422 1496 potest,
1449 1445 1666 1490 retineatur,
1695 1444 1760 1482 sed

226 1522 305 1548 non
341 1510 466 1547 minus
494 1510 533 1547 id
561 1510 608 1547 ad
636 1509 738 1546 illius
766 1509 990 1558 dignitatem
1017 1509 1203 1560 pertinere
1231 1509 1341 1547 etiam
1369 1510 1609 1556 arbitramur,
1637 1522 1684 1547 ne
1709 1509 1758 1546 il-

224 1575 303 1612 lam
328 1578 561 1625 pugnantem
590 1587 713 1612 secum
743 1578 806 1612 aut
835 1573 1101 1625 quoquomodo
1129 1574 1349 1612 mendacem
1376 1574 1571 1614 faciamus.
1625 1573 1760 1611 Quod-

227 1638 260 1676 si
296 1651 366 1676 nos
403 1638 677 1677 ostenderimus
714 1651 759 1676 ex
795 1638 921 1676 verbis
959 1651 1095 1677 coenae
1123 1638 1341 1690 simpliciter
1367 1639 1580 1686 intellectis,
1606 1643 1671 1677 aut
1696 1639 1763 1684 ita,

226 1706 268 1741 ut
295 1716 362 1741 vos
383 1703 509 1749 vultis,
528 1703 797 1754 interpretatis,
815 1703 1024 1741 necessario
1047 1703 1250 1754 scripturae
1269 1704 1556 1755 repugnantiam
1576 1703 1692 1748 nasci,
1709 1725 1760 1733 —

228 1767 304 1805 utri
340 1780 478 1818 quaeso
517 1767 578 1805 hic
615 1767 820 1818 scripturas
856 1767 1004 1805 fidelius
1039 1767 1268 1812 tractabunt,
1295 1781 1362 1806 vos
1390 1781 1436 1806 ne
1463 1768 1527 1819 qui
1555 1767 1642 1806 dum
1671 1767 1761 1805 sim-

227 1832 365 1884 plicem
404 1831 605 1870 verborum
643 1845 792 1870 sensum
828 1831 968 1870 intueri
1002 1832 1130 1877 vultis,
1157 1845 1302 1883 pugnas
1329 1832 1482 1870 interim
1509 1832 1548 1870 in
1577 1832 1761 1883 scriptura

226 1898 314 1945 (58)
341 1896 560 1934 manifestas
589 1896 725 1943 seritis,
760 1896 908 1934 etiamsi
944 1909 1073 1934 omnes
1109 1897 1307 1935 vobiscum
1343 1897 1471 1935 Patres
1507 1909 1551 1934 ac
1579 1897 1761 1942 Concilia,

226 1964 267 1998 ut
303 1960 411 1998 vobis
446 1960 487 1997 id
522 1960 598 1998 iam
633 1961 828 2006 donemus,
863 1960 1046 2009 habeatis,
1082 1974 1130 1999 an
1167 1975 1254 1999 vero
1283 1975 1352 2000 nos
1381 1962 1444 2013 qui
1472 1962 1570 2014 tropi
1595 1962 1759 2000 remedio

230 2024 345 2063 verba
385 2037 522 2062 coenae
550 2025 620 2062 hac
648 2025 830 2063 duntaxat
857 2025 895 2062 in
924 2029 1030 2077 parte
1056 2025 1288 2075 mitigamus,
1315 2031 1497 2077 quatenus
1524 2026 1693 2064 locorum
1719 2026 1760 2064 in

229 2088 423 2140 scripturis
459 2089 644 2127 inducant
680 2091 982 2141 repugnantiam,
1019 2090 1204 2142 siquidem
1239 2091 1343 2129 iuxta
1380 2085 1540 2129 vestram
1577 2091 1761 2142 interpre-

224 2153 408 2192 tationem
444 2153 691 2204 accipiantur.
747 2155 881 2205 Neque
918 2167 1005 2192 vero
1044 2168 1113 2193 nos
1150 2168 1297 2206 pugnas
1333 2155 1396 2193 hic
1430 2156 1528 2193 ullas
1556 2168 1575 2193 e
1602 2155 1760 2193 rationis

228 2222 379 2256 nostrae
406 2217 547 2255 iudicio
578 2218 911 2264 comminiscimur,
940 2219 1003 2257 sed
1032 2219 1239 2271 scripturae
1266 2220 1384 2271 ipsius
1402 2220 1506 2258 locos
1525 2220 1763 2272 proferimus,

231 2282 296 2333 qui
331 2282 362 2319 si
398 2282 640 2320 autoritatem
678 2296 782 2321 suam
812 2283 950 2321 habere
977 2283 1151 2330 debeant,
1178 2288 1339 2322 vestram
1369 2284 1414 2322 de
1441 2284 1627 2335 corporali
1652 2297 1759 2335 prae-

234 2347 353 2385 sentia
380 2347 733 2398 interpretationum
761 2348 872 2399 plane
899 2361 975 2386 non
1003 2349 1214 2388 admittent.
1253 2349 1400 2387 Scimus
1428 2353 1551 2387 autem
1578 2362 1655 2392 non
1681 2362 1761 2387 esse

226 2410 349 2449 fidelis
384 2411 610 2462 interpretis,
647 2411 700 2449 ita
738 2413 851 2450 unius
887 2413 962 2450 loci
990 2413 1114 2451 verbis
1142 2413 1332 2451 mordicus
1361 2403 1691 2459 adhaerere'velle‚
1717 2416 1760 2450 ut

228 2476 365 2514 reiecta
392 2477 554 2514 aliorum
583 2477 787 2516 collatione
814 2491 859 2515 ex
888 2478 953 2515 illo
984 2479 1064 2516 solo
1093 2492 1191 2517 nova
1220 2479 1395 2528 dogmata
1423 2482 1577 2518 statuat.
1619 2478 1759 2516 Exem-

228 2541 331 2592 plum
360 2540 438 2579 eius
467 2542 521 2579 rei
547 2542 586 2579 in
616 2542 765 2580 Christo
795 2542 959 2581 Domino
988 2547 1023 2581 et
1053 2544 1219 2582 Sathana
1247 2544 1441 2591 habemus,
1470 2557 1551 2581 cum
1568 2543 1628 2581 hic
1646 2542 1757 2581 unius

224 2604 300 2642 loci
336 2605 577 2643 autoritatem
604 2605 652 2643 ad
680 2605 888 2644 Dominum
917 2606 1126 2644 fallendum
1153 2606 1276 2645 modis
1305 2607 1480 2645 omnibus
1507 2609 1667 2655 urgeret,
1694 2605 1759 2643 ille

224 2682 312 2707 vero
341 2669 512 2707 locorum
541 2670 744 2709 collatione
772 2671 901 2708 fucum
929 2675 965 2709 et
991 2671 1176 2709 indicaret
1205 2671 1314 2709 simul
1343 2677 1379 2710 et
1405 2671 1602 2710 refelleret.
1629 2670 1758 2708 Quare

223 2747 293 2772 nos
330 2747 410 2772 eam
438 2735 564 2785 potius
593 2736 794 2773 verborum
825 2749 961 2774 coenae
988 2736 1339 2788 interpretationem
1366 2736 1637 2787 amplectimur,
1664 2749 1758 2787 quae

221 2811 269 2837 ex
304 2798 468 2850 plurium
496 2799 668 2838 locorum
698 2800 966 2839 conciliatione
992 2802 1145 2852 petitur,
1173 2814 1284 2852 quam
1314 2814 1409 2852 quae
1436 2800 1548 2838 unius
1578 2800 1761 2838 duntaxat

220 2863 296 2906 loci
323 2863 448 2902 verbis
476 2863 666 2913 innititur,
695 2871 730 2904 et
757 2865 841 2903 aliis
868 2865 963 2903 locis
990 2878 1136 2916 pugnas
1165 2866 1266 2904 serit.
1295 2865 1438 2915 Negari
1465 2865 1564 2904 enim
1590 2864 1663 2903 hoc
1682 2877 1759 2903 non
