1818 3178
193 133 263 172 228
547 135 598 166 DE
628 131 914 165 sAcRAMENUs
942 133 1160 165 Echnsmt:
1188 134 1368 165 cums‘rl.

200 244 390 282 Christum
426 241 629 280 Dominum
665 242 832 292 corporis
869 238 927 276 sui
963 237 1211 276 substantiam
1246 251 1267 276 a
1302 237 1412 276 nobis
1439 249 1486 275 ex
1511 240 1630 275 matre
1657 250 1723 276 sua

201 307 344 356 virgine
372 305 568 356 accepisse,
595 317 672 342 non
698 309 822 343 autem
849 302 960 342 nobis
989 301 1162 340 donasse.
1199 301 1302 340 Haec
1331 315 1418 340 vero
1445 301 1605 339 istorum
1632 300 1722 339 doc-

201 372 299 409 trina
336 369 458 416 habet,
504 368 694 407 Christum
729 368 935 407 Dominum
971 366 1027 404 sui
1065 366 1176 404 nobis
1212 367 1377 418 corporis
1412 365 1659 404 substantiam
1684 366 1725 404 in

201 447 336 472 coenae
370 447 441 471 usu
477 431 628 472 donare.
682 434 779 471 Sunt
813 436 939 471 autem
973 431 1064 469 haec
1098 431 1196 469 inter
1231 444 1268 469 se
1305 430 1513 469 contrariaz
1541 429 1726 481 accepisse

199 498 244 535 de
280 501 409 535 nostro
449 497 614 548 corporis
642 496 907 541 substantiam,
934 509 1028 547 quae
1055 499 1185 533 nostra
1211 499 1289 533 erat
1316 508 1434 546 neque
1460 508 1628 546 unquam
1656 507 1726 532 no-

197 565 274 598 stra
300 574 379 599 esse
406 560 644 607 desiit,--et
670 561 825 600 eandem
850 560 970 611 ipsam
997 559 1107 598 nobis
1134 559 1182 597 ab
1210 572 1253 598 eo
1282 559 1458 598 donatam
1485 573 1576 606 esse,
1595 558 1658 610 qui
1678 558 1725 596 il-

197 625 274 663 lam
300 638 321 662 a
349 624 458 663 nobis
485 625 641 676 accepit.

250 689 447 740 Nusquam
484 693 609 727 autem
642 689 683 727 id
720 689 855 728 clarius
882 687 1038 738 agnosci
1063 690 1200 739 potest,
1226 700 1338 738 quam
1364 687 1404 725 in
1430 687 1560 725 matris
1588 686 1724 738 ipsius-

199 758 274 791 met
302 753 459 802 virginis
485 756 522 791 et
551 753 690 792 Christi
708 753 863 791 Domini
889 752 1071 803 exemplo,
1099 752 1131 790 si
1157 752 1402 802 inquiramus,
1428 752 1507 803 ipse
1526 765 1572 790 ne
1599 765 1620 789 a
1645 764 1726 790 ma-

199 821 256 855 tre
296 831 362 855 sua
390 817 534 866 virgine
561 818 727 869 corporis
756 817 813 856 sui
840 817 1021 855 naturalis
1050 816 1297 854 substantiam
1324 817 1518 867 acceperit,
1554 830 1602 854 an
1639 828 1725 854 vero

204 894 285 919 eam
310 880 423 919 matri
449 894 536 919 suae
561 882 603 919 in
631 894 766 920 coenae
794 895 879 919 suae
907 894 977 919 usu
1005 881 1165 919 donarit.
1193 881 1325 931 Neque
1353 880 1452 918 enim
1480 880 1636 918 dubium
1660 885 1729 926 est,

203 952 359 985 matrem
396 946 579 997 virginem
615 946 817 997 aliquando
854 947 966 984 etiam
1003 959 1138 983 coenae
1165 945 1385 983 Dominicae
1411 959 1485 983 una
1513 958 1597 982 cum
1624 946 1729 996 Apo·

201 1011 307 1049 stolis
342 1011 596 1062 participasse.
651 1011 712 1058 Et,
746 1011 778 1048 si
822 1011 927 1059 virgo
963 1015 1080 1048 mater
1117 1010 1367 1048 substantiam
1396 1010 1561 1061 corporis
1590 1009 1730 1048 Christi

199 1076 304 1126 prius
331 1074 453 1112 adhuc
480 1075 520 1112 in
546 1075 686 1113 lumbis
714 1075 790 1112 suis
818 1074 991 1121 habebat,
1018 1072 1278 1125 quam‘ipsum
1307 1074 1527 1125 conciperet,
1563 1073 1729 1125 adeoque

199 1143 235 1176 et
270 1138 309 1176 in
345 1138 534 1176 Christum
569 1138 615 1176 D.
651 1138 771 1189 ipsam
808 1151 854 1176 ex
891 1151 971 1176 sese
1008 1138 1140 1188 spiritu
1177 1142 1307 1177 sancto
1350 1145 1479 1176 autore
1513 1138 1729 1184 transfudit,

201 1203 254 1240 sic
289 1208 424 1249 tamen,
460 1208 502 1240 ut
533 1203 636 1240 illam
664 1203 911 1241 nihilominus
938 1203 1050 1240 etiam
1076 1202 1233 1253 ipsamet
1258 1209 1437 1254 perpetuo
1466 1202 1651 1248 retineret,
1676 1224 1729 1231 —

200 1267 383 1319 equidem,
419 1267 519 1318 quod
556 1268 684 1305 matris
721 1267 877 1317 virginis
912 1268 988 1305 iam
1025 1267 1112 1304 olim
1141 1271 1219 1305 erat
1247 1271 1331 1304 ante
1359 1267 1500 1305 Christi
1528 1266 1573 1306 D.
1603 1267 1727 1304 incar-

199 1332 402 1378 nationem,
437 1331 612 1382 quodque
650 1332 818 1370 Christus
855 1332 1040 1370 Dominus
1074 1332 1160 1380 (sol.
1189 1333 1298 1380 136³)
1334 1331 1386 1369 ita
1409 1331 1455 1369 ab
1483 1330 1547 1369 illa
1575 1331 1729 1382 accepit,

200 1401 239 1434 ut
267 1397 414 1447 utrique
439 1396 590 1434 interim
619 1409 814 1433 commune
842 1409 984 1446 semper
1011 1400 1117 1441 esset,
1145 1396 1287 1433 frustra
1313 1396 1352 1433 id
1379 1395 1629 1446 proculdubio
1649 1409 1726 1432 ma-

199 1460 248 1497 tri
286 1459 424 1509 virgini
462 1473 482 1496 a
520 1458 668 1496 Christo
705 1458 883 1497 Domino¹
907 1471 1043 1496 coenae
1080 1471 1167 1496 suae
1192 1471 1262 1495 usu
1291 1458 1469 1496 donatum
1497 1471 1623 1496 rursus
1651 1471 1730 1496 esse

201 1523 418 1573 cogitemus,
448 1536 533 1560 cum
559 1536 602 1561 eo
633 1537 825 1574 nunquam
851 1522 993 1574 alioqui
1021 1522 1127 1572 virgo
1155 1527 1272 1560 mater
1301 1523 1493 1561 caruisset.

252 1590 330 1626 Aut
364 1588 479 1637 igitur
516 1587 754 1626 statuendum
782 1594 849 1632 est,
889 1587 993 1624 locos
1032 1587 1076 1625 de
1111 1587 1251 1624 Christi
1287 1586 1442 1624 Domini
1469 1585 1728 1623 incarnatione

202 1665 307 1690 veros
344 1665 434 1697 esse,
469 1652 606 1702 quibus
643 1652 829 1698 docemur,
866 1655 907 1689 ut
943 1651 1084 1689 dictum
1121 1656 1187 1698 est,
1225 1651 1415 1689 Christum
1450 1650 1655 1689 Dominum
1683 1662 1728 1687 ex

202 1721 320 1754 matre
359 1729 424 1753 sua
461 1715 605 1765 virgine
642 1716 889 1754 substantiam
927 1716 1093 1766 corporis
1122 1715 1179 1753 sui
1205 1715 1402 1765 accepisse.
1457 1714 1507 1752 Et
1532 1719 1612 1752 tum
1640 1713 1729 1752 sub-

204 1782 332 1818 sistere
367 1780 582 1818 hauddubie
619 1794 695 1818 non
722 1785 844 1832 potest
872 1780 1042 1818 doctrina
1081 1780 1171 1818 haec
1205 1780 1250 1818 de
1277 1780 1368 1817 reali
1398 1780 1563 1831 corporis
1591 1779 1731 1817 Christi

202 1846 306 1883 iuxta
345 1845 592 1883 substantiam
628 1846 744 1896 ipsius
779 1846 818 1883 in
863 1859 958 1896 pane
1005 1858 1140 1883 coenae
1174 1845 1384 1896 praesentia
1428 1852 1463 1882 et
1496 1858 1562 1896 per
1596 1858 1730 1883 manus

203 1910 366 1947 ministri
393 1910 667 1948 distributione.
698 1911 775 1947 Aut
804 1914 913 1954 certe,
941 1910 972 1947 si
999 1923 1121 1947 veram
1150 1923 1230 1948 esse
1258 1913 1464 1947 statuamus
1493 1910 1589 1947 hanc
1616 1909 1727 1948 talem

204 1973 242 2010 in
272 1986 406 2010 coenae
432 1986 527 2023 pane
555 1973 867 2021 distributionem,
904 1987 1014 2025 quam
1042 1973 1183 2024 alioqui
1211 1987 1329 2024 neque
1358 1973 1581 2025 superfluam
1609 1987 1729 2024 neque

204 2036 368 2074 ociosam
413 2037 584 2075 Christus
633 2036 818 2075 Dominus
867 2037 1109 2083 instituisset,
1154 2037 1229 2075 loci
1270 2038 1424 2075 omnino
1460 2038 1641 2088 praedicti
1684 2037 1729 2076 de

207 2101 346 2139 Christi
372 2101 527 2138 Domini
551 2102 809 2140 incarnatione
837 2103 1037 2141 subsistere
1065 2103 1354 2154 haudquaquam
1381 2106 1550 2154 possunt.

256 2165 303 2202 In
351 2165 467 2216 capite
512 2178 621 2216 porro
662 2165 707 2203 de
743 2166 883 2204 Christi
919 2167 1070 2205 Domini
1117 2167 1632 2218 ascensione·oppugnantur
1666 2179 1731 2217 per

206 2228 302 2265 hanc
338 2228 545 2266 doctrinam
582 2229 690 2267 realis
726 2230 835 2267 istius
871 2231 1099 2281 praesentiae
1133 2230 1207 2268 loci
1246 2230 1457 2281 Scripturae
1485 2243 1625 2275 omnes,
1665 2230 1730 2281 qui

209 2293 397 2330 Christum
432 2293 636 2331 Dominum
670 2294 852 2332 mundum
888 2296 988 2333 hunc
1008 2283 1010 2289 Ι
1031 2296 1237 2346 reliquisse,
1268 2295 1314 2332 ad
1352 2295 1472 2333 coelos
1507 2293 1731 2341 ascendisse,

205 2362 431 2407 assumptum
459 2370 538 2395 esse
564 2372 584 2395 a
612 2358 721 2395 nobis
748 2358 786 2396 in
814 2359 942 2406 altum,
968 2360 1227 2411 expectarique
1253 2358 1375 2396 adhuc
1400 2359 1464 2404 ita,
1490 2361 1531 2396 ut
1549 2358 1729 2404 ascendit,

205 2426 387 2458 testantur
402 2424 442 2469 ¹).
473 2423 568 2460 Sunt
594 2423 692 2460 enim
721 2423 812 2461 haec
841 2424 1026 2462 contraria
1055 2438 1173 2475 neque
1201 2420 1408 2473 (f01.136¹’)
1437 2423 1547 2460 simul
1571 2427 1730 2474 possunt

206 2486 406 2523 consistere
442 2499 525 2523 cum
560 2487 649 2525 reali
683 2488 788 2526 iuxta
826 2490 1073 2527 substantiam
1110 2490 1228 2541 ipsam
1264 2489 1304 2526 in
1332 2488 1451 2539 specie
1480 2488 1645 2538 corporis
1673 2488 1729 2525 sui

204 2550 411 2601 praesentia
437 2551 645 2596 nobiscum,
673 2566 719 2590 ne
747 2553 881 2600 dicam,
907 2567 971 2605 per
997 2567 1129 2592 manus
1156 2552 1320 2591 ministri
1348 2565 1428 2590 cum
1457 2565 1552 2603 panc
1578 2557 1642 2590 aut
1663 2565 1728 2602 per

204 2627 337 2665 panem
375 2627 510 2652 coenae
545 2616 822 2657 distributione.
876 2620 952 2656 Aut
985 2618 1101 2668 igitur
1134 2618 1208 2656 loci
1243 2617 1299 2654 illi
1336 2630 1463 2654 omnes
1490 2616 1728 2667 expungendi

206 2682 292 2715 sunt
327 2678 370 2716 de
400 2677 539 2716 Christi
565 2678 717 2718 Domini
754 2681 969 2720 ascensione
1004 2682 1240 2726 disserentes,
1277 2681 1308 2718 si
1346 2679 1517 2718 doctrina
1554 2679 1656 2727 haec,
1683 2679 1728 2717 de

205 2742 295 2780 reali
336 2741 407 2780 ista
453 2742 617 2793 corporis
663 2744 718 2781 sui
756 2745 966 2795 praesentia
1002 2758 1141 2797 perque
1175 2757 1307 2783 manus
1346 2743 1509 2782 ministri
1551 2744 1591 2781 in
1634 2757 1730 2795 pane

244 2882 268 2921 ¹>
291 2881 338 2916 10.
362 2881 411 2913 16.
454 2880 500 2913 10.
524 2881 551 2913 3.
575 2881 624 2914 20.
650 2881 751 2924 hapa.
775 2884 804 2917 4.
849 2884 918 2917 Act.
943 2884 971 2918 1.
1016 2884 1156 2927 Philipp.
1180 2884 1208 2918 3.
1257 2883 1273 2915 1
1298 2863 1412 2918 Thess.>
1436 2884 1463 2916 1.
1508 2883 1570 2918 Tit.
1594 2883 1622 2917 ει.
