1818 3178
230 118 309 154 420
729 129 945 157 ansponsm
972 130 1066 158 ADv.
1099 130 1265 159 nosmM.

228 229 484 274 certissimam,
523 233 561 266 ut
597 230 767 280 exemplo
804 230 1075 281 Prophetarum
1111 235 1222 282 atque
1259 232 1528 283 Apostolorum
1555 232 1595 270 in
1622 232 1750 284 populi

227 293 317 329 vitia
350 293 517 341 graviter
553 292 779 331 invehantur
815 298 927 345 atque
961 294 1119 332 subinde
1156 295 1204 332 ob
1241 297 1369 334 oculos
1407 296 1572 333 omnium
1609 302 1751 347 ponant

228 357 374 394 divinae
394 357 570 395 adversus
588 363 740 408 peccata
761 360 966 397 severitatis
987 360 1310 407 comminationes,
1326 383 1377 390 -
1399 374 1473 398 non
1494 361 1750 400 reclamamus,

228 421 300 458 Sed
336 420 424 458 dum
458 435 478 459 a
516 422 593 459 suis
629 422 668 459 id
696 423 929 474 potissimum
965 424 1045 461 fieri
1072 424 1173 470 dicit,
1202 438 1223 461 a
1250 426 1390 462 nostris
1419 439 1492 463 non
1522 425 1622 472 item,
1649 438 1751 462 more

227 499 292 523 suo
322 487 505 524 cornieari
532 487 640 524 illum
668 489 905 527 affirmamus.
961 488 1049 526 Utri
1078 490 1177 526 enim
1206 490 1324 539 magis
1352 491 1480 528 laxant
1507 491 1612 528 frena
1640 490 1750 527 obse-

227 564 289 588 cro
327 552 527 589 sceleribus
564 565 606 589 ac
642 553 796 602 flagitiis
834 554 1022 600 omnibus,
1061 567 1190 598 nosne,
1218 555 1282 604 qui
1311 555 1460 593 unicum
1489 556 1671 593 duntaxat
1697 556 1750 593 le-

226 615 369 653 vissimi
406 616 513 653 etiam
553 616 715 655 cuiusvis
749 617 891 668 peccati
920 617 1039 655 nostri
1067 620 1150 665 (73)
1180 618 1383 656 remedium
1411 620 1688 666 constituimus,
1715 623 1752 657 et

225 680 376 731 quidem
412 693 489 718 non
524 682 562 719 in
599 682 761 721 hominis
799 682 910 720 ullius
948 683 1115 732 operisve
1153 683 1273 720 nostri
1310 684 1581 735 qualiscunque
1618 685 1749 722 merito

225 745 409 794 dignitate
444 750 508 783 aut
543 746 813 792 satisfactione,
851 747 914 784 sed
944 747 990 785 *in
1027 748 1108 785 solo
1144 747 1327 785 duntaxat
1355 748 1486 785 mortis
1515 749 1654 786 Christi
1682 749 1750 786 filii

224 810 295 848 Dei
331 811 405 848 vivi
441 811 573 849 merito
610 815 644 849 et
675 812 942 857 satisfactione,
979 806 1073 863 quae
1100 796 1258 850 'interim
1294 813 1426 850 iudicii
1463 812 1592 851 Divini
1619 814 1750 851 adver-

224 887 287 911 sus
331 879 522 925 peccatum
567 876 757 913 severitati
803 876 942 927 opponi
987 889 1062 913 non
1096 880 1233 927 potest,
1270 876 1308 914 in
1345 877 1483 915 adultis
1519 877 1751 928 praesertim,

224 939 298 977 nisi
334 953 419 977 vera
454 952 498 978 ac
534 940 616 978 viva
652 940 876 991 minimeque
912 941 1142 992 hypocritica
1178 941 1251 979 fide
1288 942 1598 993 apprehendatur,
1625 963 1675 972 -—
1702 956 1749 980 an

224 1017 310 1041 vero
348 1003 490 1042 Hosius
527 1017 610 1041 cum
648 1005 737 1048 suis,
773 1005 836 1056 qui
873 1006 1018 1043 nullum
1054 1018 1131 1043 non
1159 1006 1294 1055 flagitii
1320 1019 1439 1056 genus
1468 1007 1578 1045 bullis
1607 1012 1643 1045 et
1671 1020 1749 1045 am-

222 1069 333 1120 pullis
361 1069 493 1120 Papae,
518 1070 734 1120 meritisque
760 1083 846 1108 non.
866 1071 1042 1119 congruis
1070 1070 1195 1117 modo,
1223 1071 1286 1109 sed
1314 1072 1424 1109 etiam
1453 1071 1651 1122 condignis
1678 1072 1751 1121 (sic

222 1135 320 1172 enim
346 1135 571 1185 loquuntur)
600 1139 634 1172 et
662 1138 738 1172 tam
765 1135 1050 1186 propitiatoriis,
1066 1149 1175 1186 quam
1198 1136 1309 1174 etiam
1330 1137 1621 1187 superogatoriis
1641 1137 1750 1174 satis-

223 1199 453 1236 factionibus
490 1199 630 1250 expiari
666 1199 797 1237 redimi
834 1203 944 1250 atque
978 1200 1119 1238 aboleri
1157 1200 1303 1239 docent.
1347 1201 1452 1239 Quid
1489 1214 1575 1238 vero
1605 1201 1664 1238 hic
1693 1201 1749 1238 di-

225 1276 304 1300 cam
342 1276 416 1300 non
455 1263 498 1300 de
535 1263 704 1301 vivorum
742 1264 867 1308 modo,
905 1264 967 1301 sed
1005 1268 1238 1302 mortuorum
1275 1277 1422 1315 quoque
1453 1265 1748 1303 donationibus?

219 1328 310 1378 quid
345 1328 496 1373 iterum,
533 1341 608 1365 non
647 1328 691 1365 de
727 1329 1012 1379 praeteritorum
1050 1329 1148 1366 inter
1176 1330 1280 1367 vivos
1307 1334 1466 1374 tantum,
1493 1330 1556 1368 sed
1584 1334 1620 1368 et
1646 1331 1749 1367 futu-

219 1405 347 1430 rorum
385 1392 583 1430 criminum
621 1392 883 1442 indulgentia?
921 1406 1015 1444 quae
1052 1407 1139 1431 sane
1168 1395 1294 1431 omnia
1324 1393 1466 1431 Hosius
1494 1394 1587 1432 adeo
1614 1408 1749 1444 negare

219 1469 296 1494 non
335 1460 470 1507 potest,
506 1461 544 1494 ut
581 1456 690 1507 plena
726 1456 885 1494 istorum
920 1457 1050 1495 haberi
1087 1457 1226 1508 passim
1254 1458 1294 1495 in
1323 1457 1431 1495 libris
1460 1471 1609 1495 suorum
1639 1459 1749 1496 fateri

220 1529 388 1569 cogatur,
433 1525 469 1558 et
506 1521 615 1558 facile
650 1522 707 1558 vel
743 1521 875 1570 digito,
912 1522 1012 1571 quod
1050 1520 1135 1570 (74)
1173 1521 1290 1565 aiunt,
1328 1522 1475 1559 etiamsi
1508 1521 1587 1572 ipse
1627 1526 1749 1571 neget,

217 1586 356 1637 passim
385 1586 670 1623 commonstrari
696 1590 866 1636 possunt.
904 1586 953 1623 Et
981 1590 1105 1623 tamen
1134 1599 1202 1623 nos
1230 1586 1280 1634 (si
1309 1585 1388 1623 Deo
1406 1586 1565 1636 placetl)
1586 1587 1747 1636 peccatis

221 1652 416 1689 hominum
456 1651 706 1700 indulgemus,
752 1651 827 1688 illis
874 1651 1100 1692 blandimur,
1147 1651 1221 1688 illis
1264 1651 1439 1701 pulvillas
1476 1651 1747 1689 substernimus

220 1715 342 1753 Hosio
379 1715 514 1761 iudice,
550 1715 627 1766 qui,
663 1715 742 1752 solo
781 1714 922 1752 Christi
959 1715 1111 1752 Domini
1147 1715 1280 1752 merito
1317 1715 1481 1760 excluso,
1518 1715 1642 1752 omnia
1669 1728 1748 1753 esse

218 1781 383 1819 exitialia
420 1781 573 1818 omnino
612 1781 828 1825 clamamus,
863 1781 927 1831 qui
951 1780 1090 1818 iterum
1119 1781 1346 1818 destinatum
1374 1793 1417 1817 ac
1444 1780 1619 1818 rebellem
1646 1780 1748 1818 illius

218 1848 485 1895 contemptum,
512 1857 588 1882 non
615 1848 763 1882 tantum
789 1845 911 1895 plagis
938 1845 1102 1882 externis
1130 1845 1248 1882 multo
1276 1845 1520 1894 gravissimis,
1547 1844 1610 1883 sed
1630 1849 1747 1882 aeter·

220 1923 267 1948 na
302 1910 414 1948 etiam
450 1910 595 1948 animae
630 1910 892 1948 excaecatione
928 1914 1040 1961 atque
1075 1910 1358 1961 impoenitentia
1394 1911 1519 1961 puniri
1551 1911 1651 1948 iusto
1679 1910 1748 1948 Dei

218 1974 357 2012 iudicio
392 1975 581 2013 docemus.
638 1974 780 2012 Hosius
819 1988 904 2012 vero
942 1979 978 2012 et
1014 1974 1071 2012 sui
1107 1974 1345 2013 acerbissime
1379 1975 1419 2012 in
1454 1979 1605 2026 peccata
1641 1976 1747 2014 inve-

219 2039 362 2077 huntur
390 2039 543 2082 scilicet,
577 2039 641 2090 qui
668 2039 819 2076 nullum¹
844 2052 958 2090 usque
987 2039 1078 2076 adeo
1106 2052 1219 2088 grave
1246 2044 1356 2090 atque
1383 2052 1533 2077 enorme
1561 2039 1744 2089 flagitium

218 2104 401 2142 committi
428 2103 642 2155 patrarique
668 2116 777 2154 posse
805 2103 1049 2147 arbitrantur,
1079 2103 1138 2141 cui
1165 2108 1309 2142 creator
1336 2104 1502 2155 ipsorum
1530 2104 1642 2155 Papa,
1670 2117 1746 2142 non

217 2169 402 2220 protinus,
430 2172 469 2205 ut
497 2180 632 2205 numus
661 2180 794 2205 aureus
822 2167 972 2213 tinniat,
1000 2167 1101 2205 mille
1128 2168 1290 2206 remedia
1311 2182 1330 2206 e
1347 2168 1510 2219 pectoris
1530 2169 1587 2206 sui
1608 2169 1746 2206 scrinio

218 2234 385 2285 proferre
420 2233 552 2284 possit.
607 2233 689 2270 Nos
728 2246 839 2283 porro
877 2233 974 2270 hanc
1009 2234 1120 2271 talem
1157 2238 1395 2284 peccatorum
1422 2234 1745 2284 reprehensionem

218 2311 338 2349 neque
383 2297 479 2348 apud
517 2297 724 2348 Prophetas
766 2310 885 2348 neque
929 2297 1023 2348 apud
1068 2298 1274 2348 Apostolos
1310 2311 1467 2349 usquam
1503 2297 1673 2347 legimus,
1710 2302 1745 2335 et

216 2361 373 2412 proinde
400 2361 504 2399 illam
532 2361 628 2412 apud
657 2360 821 2398 Hosium
849 2374 892 2398 ac
921 2374 1007 2399 suos
1037 2361 1132 2399 nihil
1160 2375 1363 2407 moramur,
1400 2362 1564 2413 satisque
1592 2366 1646 2399 est
1675 2375 1744 2399 no-

219 2425 288 2470 bis,
325 2438 408 2462 cum
445 2425 491 2462 ad
519 2424 696 2462 solandos
723 2425 818 2476 pios,
845 2428 925 2463 tum
952 2426 997 2463 ad
1026 2426 1331 2474 ter-(75)rendos
1357 2426 1491 2477 impios
1518 2430 1628 2477 atque
1654 2425 1744 2464 item

217 2488 263 2526 ad
301 2489 580 2538 agnoscendum
617 2489 747 2527 mundi
775 2489 885 2526 huius
916 2490 1011 2527 circa
1039 2489 1178 2528 Divina
1204 2490 1411 2540 ingenium,
1440 2490 1624 2527 Simeonis
1650 2490 1745 2527 illud

217 2552 312 2602 apud
357 2552 498 2590 Lucam
536 2553 580 2590 de
616 2553 767 2591 Christo
807 2553 970 2591 Domino
1005 2554 1050 2591 ad
1088 2554 1284 2604 Virginem
1322 2559 1478 2592 matrem
1513 2554 1748 2600 vaticinium,

218 2628 291 2666 quo
328 2615 434 2653 illum
463 2616 613 2654 Simeon
642 2617 678 2653 in
708 2616 912 2654 multorum
940 2617 1077 2668 partim
1104 2617 1426 2661 resurrectionem,
1451 2617 1584 2668 partim
1615 2618 1745 2655 interi-

216 2688 295 2718 tum
336 2684 370 2717 et
405 2680 442 2716 in
480 2680 629 2729 signum
665 2685 841 2731 perpetuo
879 2681 1019 2732 alioqui
1057 2681 1116 2719 hic
1143 2683 1448 2731 antilegomenon
1475 2681 1638 2732 positum
1666 2695 1746 2720 esse

215 2749 386 2783 testatur.
441 2744 501 2790 Et,
528 2746 843 2794 quemadmodum
880 2746 1002 2784 nullos
1040 2747 1129 2784 olim
1157 2747 1347 2796 graviores
1374 2746 1651 2797 atrocioresque
1678 2747 1744 2784 ad·

219 2810 398 2848 vorsarios
436 2809 626 2847 Christum
663 2810 867 2848 Dominum
905 2811 1080 2849 habuisse
1115 2812 1286 2861 legimus,
1314 2824 1426 2862 quam
1453 2811 1646 2862 Principes
1675 2813 1743 2849 Sa-

217 2873 421 2920 cerdotum,
457 2871 606 2910 Scribas
642 2876 677 2909 et
712 2873 947 2918 Pharisaeos,
990 2874 1040 2912 ita
1078 2874 1171 2912 nihil
1208 2875 1343 2913 mirum
1382 2878 1437 2913 est
1473 2879 1508 2913 et
1543 2888 1645 2914 nunc
1680 2888 1743 2913 eos
