1818 3178
701 162 941 191 PRAEFATIO.
1444 161 1585 190 XXXIII

59 268 198 318 Lasci,
244 267 410 325 publice
455 282 596 310 coram
641 267 892 324 magistratu
931 283 968 309 a.
1004 266 1116 309 1554
1157 265 1384 317 conditum,
1419 266 1577 309 frustra

60 340 259 395 quaesivi.
296 339 432 382 Varia
462 340 602 390 etiam,
636 340 787 394 quibus
821 340 1025 381 Auriciae
1058 338 1156 381 urbs
1185 338 1385 395 splendet,
1418 338 1580 381 tabula·

59 411 124 452 ria
166 410 293 453 Lasci
335 412 581 452 memoriam
629 412 794 467 penitus
835 411 886 452 ad
919 426 1071 452 nomen
1104 411 1191 453 fere
1222 425 1354 466 usque
1385 425 1576 452 excusse-

56 489 164 524 rant.
225 481 440 534 Nordana,
473 483 637 524 vicinae
669 482 798 531 urbis,
829 481 1021 524 Ecclesia
1053 481 1233 538 publicis
1263 481 1444 525 motibus
1474 483 1576 524 scri-

57 554 174 596 nium
206 570 328 597 suum
375 555 574 597 amiserat
623 571 759 608 omne,
797 562 838 596 et
867 570 1098 611 generosus
1127 556 1196 609 qui
1229 570 1253 597 a
1282 555 1576 612 Knyphausen

53 641 206 669 nomen
236 627 350 669 ducit
381 627 533 670 Comes
559 627 722 670 disertis
754 626 891 669 verbis
922 626 1025 668 mihi
1057 633 1234 669 testatus
1267 635 1342 680 est,
1375 642 1511 683 neque
1532 628 1575 670 in

51 713 129 740 suo
160 698 331 740 castello
360 713 496 754 neque
512 699 553 741 in
574 699 786 742 Ecclesiae
807 699 845 741 ei
862 697 1045 740 adiectae
1062 698 1218 740 scrinio
1236 698 1300 741 vel
1316 698 1573 741 levissimum

54 769 181 812 Lasci
212 771 393 812 nominis
425 771 649 827 vestigium
680 786 907 827 superesse.
970 768 1135 826 Magna
1175 770 1341 825 quidem
1376 786 1426 811 ex
1456 777 1576 826 parte

54 842 213 884 tristem
246 841 358 884 hunc
388 842 734 898 perscrutationis
765 855 1005 883 successum
1055 840 1349 883 consolabatur
1390 856 1507 883 come
1538 847 1579 883 et

56 929 282 956 amoenum
312 914 554 970 hospitium,
580 921 625 955 ut
653 920 693 955 et
724 920 868 968 parata
892 928 1057 969 semper
1078 919 1308 969 sponteque
1331 913 1418 954 fere
1438 912 1576 955 oblata

62 984 351 1030 benevolentia
394 1001 475 1041 qua
513 1001 580 1027 me
621 986 783 1041 excepit
823 1000 898 1041 per
934 1001 1005 1027 sex
1051 986 1269 1027 continuas
1299 984 1578 1028 hebdomades

56 1058 281 1115 peregrina
322 1057 584 1100 Phrisiorum
618 1072 734 1113 gens,
782 1056 941 1099 Emdae
988 1057 1235 1115 cumprimis
1265 1057 1428 1113 hospita
1458 1057 1574 1109 urbs,

58 1140 99 1171 et
144 1129 421 1185 pientissimas
467 1144 519 1170 ex
549 1129 696 1170 intimo
728 1134 898 1184 pectore
929 1128 977 1171 iis
1009 1128 1203 1170 omnibus
1234 1128 1373 1170 refero
1405 1128 1576 1184 gratias,

57 1214 238 1254 quorum
281 1199 500 1255 penatibus
542 1199 764 1242 succedere
795 1200 928 1250 licuit,
974 1201 1131 1256 quique
1164 1201 1268 1243 votis
1298 1201 1383 1243 suis
1414 1201 1580 1243 institu-

55 1278 146 1313 tum
177 1285 318 1313 meum
350 1271 546 1328 prosequi
586 1287 670 1314 non
702 1271 1002 1329 gravabantur,
1032 1299 1088 1306 --
1118 1279 1161 1315 at
1191 1287 1291 1320 vero
1321 1273 1365 1314 in
1399 1273 1578 1328 patriam

56 1342 162 1385 redii
183 1343 297 1385 omni
320 1342 478 1386 deiecta
505 1359 576 1400 spe
606 1351 646 1386 et
676 1346 983 1401 exspectatione
1014 1344 1104 1387 fore
1137 1353 1182 1387 ut
1212 1361 1261 1387 ex
1293 1344 1476 1387 secunda
1507 1345 1579 1388 illa

53 1413 180 1456 Lasci
220 1415 358 1471 patria
398 1415 594 1471 quicquid
642 1416 693 1458 ad
735 1417 824 1458 eius
872 1417 978 1459 vitae
1010 1431 1240 1473 operumve
1272 1417 1580 1460 accuratiorem

52 1489 244 1533 notitiam
274 1491 465 1547 protrahi
497 1489 699 1532 adducive
732 1496 881 1546 posset.

109 1561 202 1605 Nec
232 1562 416 1605 multum
446 1561 610 1604 felicius
641 1561 839 1604 successit
868 1561 949 1603 iter
979 1559 1089 1616 quod
1120 1560 1238 1603 brevi
1269 1569 1358 1617 post
1387 1561 1577 1604 Franco-

53 1633 214 1676 furtum
253 1633 304 1676 ad
336 1634 539 1676 Moenam
569 1635 746 1690 suscepi,
781 1640 825 1675 ut
855 1633 1010 1675 scrinia
1040 1632 1129 1675 illic
1160 1640 1370 1676 asservata
1401 1633 1580 1690 diligen-

51 1707 134 1749 tius
163 1706 443 1763 explorarem.
478 1707 665 1763 Hospitii
695 1707 844 1761 iusque
876 1704 1061 1760 fidesque
1092 1706 1137 1747 in
1168 1705 1243 1748 illa
1275 1721 1441 1762 quoque
1474 1704 1578 1748 urbe

55 1776 234 1819 officiose
273 1776 497 1819 admodum
541 1778 642 1820 mihi
687 1777 911 1834 praestitae
957 1784 1054 1819 sunt
1091 1792 1116 1819 a
1146 1778 1238 1819 viro
1270 1778 1580 1820 consultissimo

55 1847 181 1890 simul
223 1855 264 1891 et
308 1848 558 1901 doctissimo,
591 1849 773 1907 inclytae
803 1849 919 1891 illius
950 1847 1067 1891 urbis
1099 1857 1303 1901 senatore,
1351 1850 1577 1902 Bonnmna,

55 1934 179 1973 quem
227 1934 363 1976 nuper
409 1935 431 1961 e
476 1920 670 1962 humanis
719 1921 941 1963 excessisse
988 1935 1150 1963 mecum
1197 1920 1405 1978 lugebunt
1435 1937 1579 1964 omnes

56 1990 206 2046 quibus
236 1990 325 2033 ulla
345 1992 607 2034 necessitudo
630 2007 727 2034 cum
748 1993 908 2049 insigni
929 1992 1019 2034 viro
1040 1992 1335 2037 intercedebat.
1369 1992 1424 2035 Et
1454 1992 1577 2036 habet

56 2062 223 2118 quidem
254 2063 466 2119 permulta
496 2063 641 2106 ordine
683 2063 895 2121 digestum
926 2071 969 2106 et
997 2064 1190 2121 gnaviter
1221 2063 1464 2121 dispositum
1502 2065 1577 2107 hu-

54 2135 119 2177 ius
151 2134 267 2177 urbis
295 2135 562 2188 tabularium,
597 2151 702 2191 quae
732 2137 891 2179 faciunt
921 2135 971 2179 ad
1005 2137 1329 2194 peregrinarum
1366 2136 1575 2180 Ecclesia·

54 2222 164 2260 rum,
198 2207 286 2251 illic
317 2207 541 2263 aliquando
571 2209 874 2261 institutarum,
908 2209 1140 2259 historiam,
1167 2218 1206 2252 et
1227 2208 1435 2252 levissima
1457 2225 1581 2266 quae·

53 2278 147 2322 dam
188 2280 312 2323 etiam
344 2295 592 2337 expromere
621 2288 793 2338 possunt
823 2281 1021 2324 tabularii
1052 2281 1267 2338 praefecti,
1314 2297 1419 2338 quae
1450 2282 1579 2325 Lasci

55 2352 183 2395 vitani
232 2352 597 2408 aliquodammodo
638 2353 876 2397 illustrant:
917 2354 1121 2411 opuscula
1152 2370 1252 2397 vero
1282 2354 1493 2397 litterasve
1525 2354 1578 2397 ab

52 2423 146 2481 ipso
183 2426 441 2482 conscriptas
479 2440 613 2480 neque
660 2426 702 2468 in
747 2426 872 2469 huius
903 2426 1020 2469 urbis
1052 2442 1199 2469 museo
1228 2426 1426 2484 detegere
1458 2428 1576 2483 potui

53 2496 162 2540 ullas
203 2503 370 2554 praeter
400 2498 619 2554 exemplar
647 2498 803 2541 editum
852 2505 896 2541 et
942 2499 1129 2543 codicem
1160 2500 1496 2556 manuscriptum
1529 2499 1577 2542 il-

51 2566 134 2610 lius
165 2568 308 2622 libelli,
343 2584 465 2625 quem
497 2569 573 2612 sub
605 2570 727 2613 titulo
758 2573 1022 2626 Purqationis
1052 2577 1194 2614 noster
1223 2571 1405 2614 Basiliae
1437 2570 1578 2614 edidit.

51 2639 297 2684 Londinum
329 2658 395 2684 me
427 2643 620 2685 conferre
651 2643 807 2686 idcirco
839 2644 972 2694 nolui,
1007 2644 1117 2700 quod
1150 2643 1234 2686 Vir
1263 2643 1385 2686 Plur.
1418 2642 1579 2687 Vener.

51 2712 221 2766 GEHLE,
269 2715 501 2772 Belgarum
542 2716 584 2757 in
631 2715 705 2758 illa
755 2716 859 2758 urbe
890 2717 1096 2770 minister,
1129 2716 1249 2759 valde
1281 2722 1582 2759 extenuaverat

50 2799 181 2840 spem,
224 2785 461 2828 uberiorem
495 2802 672 2829 messem
703 2787 744 2829 in
778 2787 902 2829 huius
935 2787 1149 2831 Ecclesiae
1180 2788 1347 2831 scriniis
1377 2804 1401 2830 a
1432 2803 1511 2837 me,
1546 2788 1580 2831 si

51 2856 217 2911 quando
244 2873 362 2902 mare
393 2860 649 2908 traiicerem‚
681 2859 828 2916 colligi
860 2875 993 2916 posse,
1026 2860 1274 2916 praesertim
1309 2874 1438 2914 quum
1463 2861 1580 2903 triste

49 2927 291 2973 incendium
317 2946 441 2974 omne
463 2931 724 2975 tabularium
755 2946 892 2988 nuper
924 2931 1100 2989 pulvere
1132 2939 1255 2988 atque
1288 2930 1442 2974 favillis
1474 2947 1581 2976 mer·

1332 3002 1408 3027 ᾗδὲ*
