<?xml version="1.0" encoding="UTF-8"?>
<!DOCTYPE html PUBLIC "-//W3C//DTD XHTML 1.0 Transitional//EN"
    "http://www.w3.org/TR/xhtml1/DTD/xhtml1-transitional.dtd">
<html xmlns="http://www.w3.org/1999/xhtml" xml:lang="en" lang="en">
 <head>
  <title>
</title>
<meta http-equiv="Content-Type" content="text/html;charset=utf-8" />
  <meta name='ocr-system' content='tesseract 3.04.00' />
  <meta name='ocr-capabilities' content='ocr_page ocr_carea ocr_par ocr_line ocrx_word'/>
</head>
<body>
  <div class='ocr_page' id='page_1' title='image "./operatameditaqua01lask_0214.png"; bbox 0 0 1818 3178; ppageno 0'>
   <div class='ocr_carea' id='block_1_1' title="bbox 206 159 251 193">
    <p class='ocr_par' dir='ltr' id='par_1_1' title="bbox 206 159 251 193">
     <span class='ocr_line' id='line_1_1' title="bbox 206 159 251 193; baseline -0.022 0"><span class='ocrx_word' id='word_1_1' title='bbox 206 159 251 193; x_wconf 79' lang='lat'><strong>82</strong></span> 
     </span>
    </p>
   </div>
   <div class='ocr_carea' id='block_1_2' title="bbox 210 255 944 1318">
    <p class='ocr_par' dir='ltr' id='par_1_2' title="bbox 210 255 944 1318">
     <span class='ocr_line' id='line_1_2' title="bbox 215 255 941 304; baseline -0.018 -2"><span class='ocrx_word' id='word_1_2' title='bbox 215 265 358 302; x_wconf 84' lang='lat' dir='ltr'><strong>catione</strong></span> <span class='ocrx_word' id='word_1_3' title='bbox 399 266 522 300; x_wconf 87' lang='lat' dir='ltr'><strong>nostra</strong></span> <span class='ocrx_word' id='word_1_4' title='bbox 564 257 715 295; x_wconf 80' lang='lat' dir='ltr'><strong>adorare</strong></span> <span class='ocrx_word' id='word_1_5' title='bbox 746 255 941 304; x_wconf 85' lang='lat' dir='ltr'><strong>jubemur,</strong></span> 
     </span>
     <span class='ocr_line' id='line_1_3' title="bbox 214 318 938 369; baseline -0.019 -3"><span class='ocrx_word' id='word_1_6' title='bbox 214 341 295 365; x_wconf 89' lang='lat' dir='ltr'><strong>eum</strong></span> <span class='ocrx_word' id='word_1_7' title='bbox 330 327 448 364; x_wconf 89' lang='lat' dir='ltr'><strong>solum</strong></span> <span class='ocrx_word' id='word_1_8' title='bbox 487 322 613 362; x_wconf 81' lang='lat' dir='ltr'><strong>colere,</strong></span> <span class='ocrx_word' id='word_1_9' title='bbox 648 320 750 369; x_wconf 85' lang='lat' dir='ltr'><strong>eique</strong></span> <span class='ocrx_word' id='word_1_10' title='bbox 777 318 847 355; x_wconf 89' lang='lat' dir='ltr'><strong>soli</strong></span> <span class='ocrx_word' id='word_1_11' title='bbox 874 331 938 366; x_wconf 86' lang='lat' dir='ltr'><strong>ge-</strong></span> 
     </span>
     <span class='ocr_line' id='line_1_4' title="bbox 222 381 939 434; baseline -0.018 -5"><span class='ocrx_word' id='word_1_12' title='bbox 222 406 293 429; x_wconf 81' lang='lat' dir='ltr'><strong>nua</strong></span> <span class='ocrx_word' id='word_1_13' title='bbox 321 396 443 427; x_wconf 79' lang='lat' dir='ltr'><strong>nostra</strong></span> <span class='ocrx_word' id='word_1_14' title='bbox 464 387 616 428; x_wconf 80' lang='lat' dir='ltr'><strong>flectere,</strong></span> <span class='ocrx_word' id='word_1_15' title='bbox 634 388 826 434; x_wconf 82' lang='lat' dir='ltr'><strong>propterea</strong></span> <span class='ocrx_word' id='word_1_16' title='bbox 841 381 939 431; x_wconf 86' lang='lat' dir='ltr'><strong>quod</strong></span> 
     </span>
     <span class='ocr_line' id='line_1_5' title="bbox 222 445 940 494; baseline -0.015 -4"><span class='ocrx_word' id='word_1_17' title='bbox 222 455 290 490; x_wconf 87' lang='lat' dir='ltr'><strong>Ille</strong></span> <span class='ocrx_word' id='word_1_18' title='bbox 317 453 414 489; x_wconf 81' lang='lat' dir='ltr'><strong>solus</strong></span> <span class='ocrx_word' id='word_1_19' title='bbox 442 449 622 486; x_wconf 83' lang='lat' dir='ltr'>Dominus</span> <span class='ocrx_word' id='word_1_20' title='bbox 644 452 780 489; x_wconf 84' lang='lat' dir='ltr'><strong>noster,</strong></span> <span class='ocrx_word' id='word_1_21' title='bbox 798 445 940 494; x_wconf 87' lang='lat' dir='ltr'><strong>hocque</strong></span> 
     </span>
     <span class='ocr_line' id='line_1_6' title="bbox 217 508 937 561; baseline -0.015 -7"><span class='ocrx_word' id='word_1_22' title='bbox 217 518 248 553; x_wconf 88' lang='lat' dir='ltr'><strong>ci</strong></span> <span class='ocrx_word' id='word_1_23' title='bbox 277 529 420 558; x_wconf 87' lang='lat' dir='ltr'><strong>nomen,</strong></span> <span class='ocrx_word' id='word_1_24' title='bbox 448 513 613 561; x_wconf 83' lang='lat' dir='ltr'>nolitque</span> <span class='ocrx_word' id='word_1_25' title='bbox 640 510 748 558; x_wconf 85' lang='lat' dir='ltr'><strong>hujus</strong></span> <span class='ocrx_word' id='word_1_26' title='bbox 777 508 937 545; x_wconf 86' lang='lat' dir='ltr'><strong>nominis</strong></span> 
     </span>
     <span class='ocr_line' id='line_1_7' title="bbox 219 573 944 618; baseline -0.017 -1"><span class='ocrx_word' id='word_1_27' title='bbox 219 582 392 617; x_wconf 85' lang='lat' dir='ltr'><strong>honorem</strong></span> <span class='ocrx_word' id='word_1_28' title='bbox 442 575 523 613; x_wconf 84' lang='lat' dir='ltr'><strong>aliis</strong></span> <span class='ocrx_word' id='word_1_29' title='bbox 568 574 766 610; x_wconf 81' lang='lat' dir='ltr'><strong>concedere</strong></span> <span class='ocrx_word' id='word_1_30' title='bbox 805 573 851 618; x_wconf 76' lang='lat'><strong>⁴),</strong></span> <span class='ocrx_word' id='word_1_31' title='bbox 894 591 944 598; x_wconf 93' lang='lat'><strong>—</strong></span> 
     </span>
     <span class='ocr_line' id='line_1_8' title="bbox 214 637 939 693; baseline -0.012 -14"><span class='ocrx_word' id='word_1_32' title='bbox 214 644 333 693; x_wconf 77' lang='lat' dir='ltr'><strong>palam</strong></span> <span class='ocrx_word' id='word_1_33' title='bbox 374 652 518 690; x_wconf 90' lang='lat' dir='ltr'><strong>quoque</strong></span> <span class='ocrx_word' id='word_1_34' title='bbox 543 651 584 674; x_wconf 80' lang='lat' dir='ltr'><strong>ae</strong></span> <span class='ocrx_word' id='word_1_35' title='bbox 611 637 846 686; x_wconf 86' lang='lat' dir='ltr'><strong>perspicuum</strong></span> <span class='ocrx_word' id='word_1_36' title='bbox 873 638 939 679; x_wconf 84' lang='lat' dir='ltr'><strong>est,</strong></span> 
     </span>
     <span class='ocr_line' id='line_1_9' title="bbox 217 699 943 753; baseline -0.012 -10"><span class='ocrx_word' id='word_1_37' title='bbox 217 706 338 743; x_wconf 83' lang='lat' dir='ltr'><strong>omnia</strong></span> <span class='ocrx_word' id='word_1_38' title='bbox 366 703 549 753; x_wconf 75' lang='lat' dir='ltr'><strong>Papistiea</strong></span> <span class='ocrx_word' id='word_1_39' title='bbox 576 702 637 737; x_wconf 80' lang='lat' dir='ltr'><strong>illa</strong></span> <span class='ocrx_word' id='word_1_40' title='bbox 666 713 781 745; x_wconf 84' lang='lat' dir='ltr'><strong>sacra,</strong></span> <span class='ocrx_word' id='word_1_41' title='bbox 808 699 943 748; x_wconf 86' lang='lat' dir='ltr'><strong>quibus</strong></span> 
     </span>
     <span class='ocr_line' id='line_1_10' title="bbox 213 762 939 813; baseline -0.011 -7"><span class='ocrx_word' id='word_1_42' title='bbox 213 770 250 806; x_wconf 91' lang='lat' dir='ltr'><strong>id</strong></span> <span class='ocrx_word' id='word_1_43' title='bbox 286 781 393 804; x_wconf 86' lang='lat' dir='ltr'><strong>omne</strong></span> <span class='ocrx_word' id='word_1_44' title='bbox 426 766 646 809; x_wconf 73' lang='lat' dir='ltr'><strong>continetur,</strong></span> <span class='ocrx_word' id='word_1_45' title='bbox 682 762 939 813; x_wconf 83' lang='lat' dir='ltr'><strong>supersticiosa</strong></span> 
     </span>
     <span class='ocr_line' id='line_1_11' title="bbox 212 833 936 881; baseline -0.01 -11"><span class='ocrx_word' id='word_1_46' title='bbox 212 846 289 871; x_wconf 88' lang='lat' dir='ltr'><strong>esse</strong></span> <span class='ocrx_word' id='word_1_47' title='bbox 316 842 535 881; x_wconf 83' lang='lat' dir='ltr'><strong>prorsusque</strong></span> <span class='ocrx_word' id='word_1_48' title='bbox 562 833 672 878; x_wconf 81' lang='lat' dir='ltr'><strong>atque</strong></span> <span class='ocrx_word' id='word_1_49' title='bbox 699 834 821 877; x_wconf 88' lang='lat' dir='ltr'><strong>aperte</strong></span> <span class='ocrx_word' id='word_1_50' title='bbox 849 839 936 864; x_wconf 89' lang='grc'><strong>8011-</strong></span> 
     </span>
     <span class='ocr_line' id='line_1_12' title="bbox 212 893 940 943; baseline -0.01 -9"><span class='ocrx_word' id='word_1_51' title='bbox 212 902 268 934; x_wconf 82' lang='lat' dir='ltr'><strong>tra</strong></span> <span class='ocrx_word' id='word_1_52' title='bbox 313 895 448 943; x_wconf 75' lang='lat' dir='ltr'><strong>Legem</strong></span> <span class='ocrx_word' id='word_1_53' title='bbox 489 893 558 930; x_wconf 86' lang='lat' dir='ltr'><strong>Dei</strong></span> <span class='ocrx_word' id='word_1_54' title='bbox 601 905 778 942; x_wconf 79' lang='lat' dir='ltr'><strong>pugnare,</strong></span> <span class='ocrx_word' id='word_1_55' title='bbox 822 903 940 940; x_wconf 91' lang='lat' dir='ltr'><strong>neque</strong></span> 
     </span>
     <span class='ocr_line' id='line_1_13' title="bbox 211 957 939 1005; baseline -0.008 -8"><span class='ocrx_word' id='word_1_56' title='bbox 211 961 300 997; x_wconf 78' lang='lat' dir='ltr'><strong>adeo</strong></span> <span class='ocrx_word' id='word_1_57' title='bbox 336 960 432 996; x_wconf 84' lang='lat' dir='ltr'><strong>inter</strong></span> <span class='ocrx_word' id='word_1_58' title='bbox 465 971 521 994; x_wconf 87' lang='lat' dir='ltr'><strong>res</strong></span> <span class='ocrx_word' id='word_1_59' title='bbox 556 957 689 993; x_wconf 80' lang='lat' dir='ltr'><strong>liberas</strong></span> <span class='ocrx_word' id='word_1_60' title='bbox 725 961 835 1005; x_wconf 79' lang='lat' dir='ltr'><strong>atque</strong></span> <span class='ocrx_word' id='word_1_61' title='bbox 862 967 939 991; x_wconf 89' lang='lat' dir='ltr'><strong>me-</strong></span> 
     </span>
     <span class='ocr_line' id='line_1_14' title="bbox 211 1020 935 1071; baseline -0.01 -9"><span class='ocrx_word' id='word_1_62' title='bbox 211 1026 287 1062; x_wconf 79' lang='lat' dir='ltr'><strong>dias</strong></span> <span class='ocrx_word' id='word_1_63' title='bbox 330 1022 511 1060; x_wconf 81' lang='lat' dir='ltr'><strong>recenseri</strong></span> <span class='ocrx_word' id='word_1_64' title='bbox 554 1034 672 1071; x_wconf 77' lang='lat' dir='ltr'><strong>posse,</strong></span> <span class='ocrx_word' id='word_1_65' title='bbox 717 1020 853 1057; x_wconf 89' lang='lat' dir='ltr'><strong>nedum</strong></span> <span class='ocrx_word' id='word_1_66' title='bbox 896 1023 935 1056; x_wconf 91' lang='lat' dir='ltr'><strong>ut</strong></span> 
     </span>
     <span class='ocr_line' id='line_1_15' title="bbox 213 1083 934 1134; baseline -0.01 -9"><span class='ocrx_word' id='word_1_67' title='bbox 213 1088 354 1125; x_wconf 86' lang='grc'><strong>1101111111</strong></span> <span class='ocrx_word' id='word_1_68' title='bbox 382 1085 604 1129; x_wconf 78' lang='lat' dir='ltr'><strong>Christiano,</strong></span> <span class='ocrx_word' id='word_1_69' title='bbox 630 1084 694 1134; x_wconf 88' lang='lat' dir='ltr'><strong>qui</strong></span> <span class='ocrx_word' id='word_1_70' title='bbox 711 1083 934 1133; x_wconf 78' lang='lat' dir='ltr'><strong>impietatem</strong></span> 
     </span>
     <span class='ocr_line' id='line_1_16' title="bbox 211 1146 937 1198; baseline -0.008 -10"><span class='ocrx_word' id='word_1_71' title='bbox 211 1164 339 1189; x_wconf 86' lang='lat' dir='ltr'><strong>eorum</strong></span> <span class='ocrx_word' id='word_1_72' title='bbox 380 1149 581 1198; x_wconf 71' lang='lat' dir='ltr'><strong>agnoverit,</strong></span> <span class='ocrx_word' id='word_1_73' title='bbox 614 1148 691 1184; x_wconf 80' lang='lat' dir='ltr'><strong>ulla</strong></span> <span class='ocrx_word' id='word_1_74' title='bbox 727 1146 937 1184; x_wconf 81' lang='lat' dir='ltr'><strong>dissimula-</strong></span> 
     </span>
     <span class='ocr_line' id='line_1_17' title="bbox 214 1211 941 1257; baseline -0.008 -5"><span class='ocrx_word' id='word_1_75' title='bbox 214 1216 314 1252; x_wconf 81' lang='lat' dir='ltr'><strong>tione</strong></span> <span class='ocrx_word' id='word_1_76' title='bbox 341 1215 477 1257; x_wconf 73' lang='lat' dir='ltr'><strong>liceret,</strong></span> <span class='ocrx_word' id='word_1_77' title='bbox 513 1212 624 1250; x_wconf 85' lang='lat' dir='ltr'><strong>veluti</strong></span> <span class='ocrx_word' id='word_1_78' title='bbox 650 1211 783 1257; x_wconf 87' lang='lat' dir='ltr'><strong>socius,</strong></span> <span class='ocrx_word' id='word_1_79' title='bbox 809 1211 856 1248; x_wconf 89' lang='lat' dir='ltr'><strong>iis</strong></span> <span class='ocrx_word' id='word_1_80' title='bbox 882 1211 941 1247; x_wconf 90' lang='lat' dir='ltr'><strong>in-</strong></span> 
     </span>
     <span class='ocr_line' id='line_1_18' title="bbox 210 1286 355 1318; baseline -0.014 0"><span class='ocrx_word' id='word_1_81' title='bbox 210 1286 355 1318; x_wconf 79' lang='lat' dir='ltr'><strong>teresse.</strong></span> 
     </span>
    </p>
   </div>
   <div class='ocr_carea' id='block_1_3' title="bbox 208 1915 944 2787">
    <p class='ocr_par' dir='ltr' id='par_1_3' title="bbox 208 1915 944 2787">
     <span class='ocr_line' id='line_1_19' title="bbox 262 1915 937 1966; baseline -0.003 -13"><span class='ocrx_word' id='word_1_82' title='bbox 262 1918 414 1966; x_wconf 83' lang='lat' dir='ltr'><strong>Insuper</strong></span> <span class='ocrx_word' id='word_1_83' title='bbox 441 1916 669 1966; x_wconf 84' lang='lat' dir='ltr'><strong>Papistarum</strong></span> <span class='ocrx_word' id='word_1_84' title='bbox 697 1915 751 1951; x_wconf 92' lang='lat' dir='ltr'><strong>illi</strong></span> <span class='ocrx_word' id='word_1_85' title='bbox 771 1915 937 1952; x_wconf 84' lang='lat' dir='ltr'><strong>Psalmo-</strong></span> 
     </span>
     <span class='ocr_line' id='line_1_20' title="bbox 208 1979 932 2028; baseline -0.003 -11"><span class='ocrx_word' id='word_1_86' title='bbox 208 1994 287 2017; x_wconf 86' lang='lat' dir='ltr'><strong>rum</strong></span> <span class='ocrx_word' id='word_1_87' title='bbox 316 1981 354 2016; x_wconf 87' lang='lat' dir='ltr'><strong>in</strong></span> <span class='ocrx_word' id='word_1_88' title='bbox 384 1979 496 2016; x_wconf 86' lang='lat' dir='ltr'><strong>Horis</strong></span> <span class='ocrx_word' id='word_1_89' title='bbox 524 1980 598 2016; x_wconf 88' lang='lat' dir='ltr'><strong>suis</strong></span> <span class='ocrx_word' id='word_1_90' title='bbox 620 1983 748 2015; x_wconf 82' lang='lat' dir='ltr'><strong>cantus</strong></span> <span class='ocrx_word' id='word_1_91' title='bbox 765 1984 932 2028; x_wconf 67' lang='lat' dir='ltr'><strong>pugnant</strong></span> 
     </span>
     <span class='ocr_line' id='line_1_21' title="bbox 211 2043 939 2092; baseline -0.001 -11"><span class='ocrx_word' id='word_1_92' title='bbox 211 2050 338 2081; x_wconf 87' lang='lat' dir='ltr'><strong>eontra</strong></span> <span class='ocrx_word' id='word_1_93' title='bbox 357 2043 502 2080; x_wconf 84' lang='lat' dir='ltr'><strong>tertium</strong></span> <span class='ocrx_word' id='word_1_94' title='bbox 526 2043 659 2092; x_wconf 86' lang='lat' dir='ltr'><strong>prioris</strong></span> <span class='ocrx_word' id='word_1_95' title='bbox 679 2043 824 2079; x_wconf 78' lang='lat' dir='ltr'><strong>tabulae</strong></span> <span class='ocrx_word' id='word_1_96' title='bbox 834 2056 939 2092; x_wconf 84' lang='lat' dir='ltr'><strong>prae-</strong></span> 
     </span>
     <span class='ocr_line' id='line_1_22' title="bbox 213 2106 936 2158; baseline 0 -14"><span class='ocrx_word' id='word_1_97' title='bbox 213 2113 368 2158; x_wconf 84' lang='lat' dir='ltr'><strong>ceptum,</strong></span> <span class='ocrx_word' id='word_1_98' title='bbox 395 2106 493 2156; x_wconf 87' lang='lat' dir='ltr'><strong>quod</strong></span> <span class='ocrx_word' id='word_1_99' title='bbox 523 2110 657 2151; x_wconf 78' lang='lat' dir='ltr'><strong>monet,</strong></span> <span class='ocrx_word' id='word_1_100' title='bbox 686 2119 729 2142; x_wconf 89' lang='lat' dir='ltr'><strong>ne</strong></span> <span class='ocrx_word' id='word_1_101' title='bbox 749 2106 841 2155; x_wconf 81' lang='lat' dir='ltr'><strong>Ejus</strong></span> <span class='ocrx_word' id='word_1_102' title='bbox 868 2121 936 2144; x_wconf 89' lang='grc'><strong>110-</strong></span> 
     </span>
     <span class='ocr_line' id='line_1_23' title="bbox 212 2168 934 2217; baseline 0 -12"><span class='ocrx_word' id='word_1_103' title='bbox 212 2182 294 2205; x_wconf 88' lang='lat' dir='ltr'><strong>men</strong></span> <span class='ocrx_word' id='word_1_104' title='bbox 322 2168 447 2204; x_wconf 76' lang='lat' dir='ltr'><strong>leviter</strong></span> <span class='ocrx_word' id='word_1_105' title='bbox 473 2168 697 2205; x_wconf 86' lang='lat' dir='ltr'><strong>invocemus.</strong></span> <span class='ocrx_word' id='word_1_106' title='bbox 752 2168 934 2217; x_wconf 80' lang='lat' dir='ltr'><strong>Namque,</strong></span> 
     </span>
     <span class='ocr_line' id='line_1_24' title="bbox 213 2233 937 2283; baseline 0.004 -15"><span class='ocrx_word' id='word_1_107' title='bbox 213 2233 279 2268; x_wconf 86' lang='lat' dir='ltr'><strong>etsi</strong></span> <span class='ocrx_word' id='word_1_108' title='bbox 329 2233 466 2269; x_wconf 71' lang='lat' dir='ltr'><strong>nullam</strong></span> <span class='ocrx_word' id='word_1_109' title='bbox 520 2233 768 2270; x_wconf 69' lang='lat' dir='ltr'><strong>idololatriam</strong></span> <span class='ocrx_word' id='word_1_110' title='bbox 815 2235 937 2283; x_wconf 87' lang='lat' dir='ltr'><strong>(cujus</strong></span> 
     </span>
     <span class='ocr_line' id='line_1_25' title="bbox 215 2296 935 2345; baseline 0.007 -15"><span class='ocrx_word' id='word_1_111' title='bbox 215 2296 350 2344; x_wconf 80' lang='lat' dir='ltr'><strong>alioqui</strong></span> <span class='ocrx_word' id='word_1_112' title='bbox 386 2296 483 2345; x_wconf 84' lang='lat' dir='ltr'><strong>pleni</strong></span> <span class='ocrx_word' id='word_1_113' title='bbox 512 2298 614 2342; x_wconf 86' lang='lat' dir='ltr'><strong>sunt)</strong></span> <span class='ocrx_word' id='word_1_114' title='bbox 641 2297 680 2333; x_wconf 84' lang='lat' dir='ltr'><strong>in</strong></span> <span class='ocrx_word' id='word_1_115' title='bbox 709 2309 747 2333; x_wconf 87' lang='lat' dir='ltr'><strong>se</strong></span> <span class='ocrx_word' id='word_1_116' title='bbox 775 2299 935 2335; x_wconf 75' lang='lat' dir='ltr'><strong>contine-</strong></span> 
     </span>
     <span class='ocr_line' id='line_1_26' title="bbox 214 2360 937 2409; baseline 0.006 -15"><span class='ocrx_word' id='word_1_117' title='bbox 214 2364 307 2400; x_wconf 76' lang='lat' dir='ltr'><strong>rent,</strong></span> <span class='ocrx_word' id='word_1_118' title='bbox 340 2372 455 2408; x_wconf 82' lang='lat' dir='ltr'><strong>neque</strong></span> <span class='ocrx_word' id='word_1_119' title='bbox 485 2360 692 2409; x_wconf 83' lang='lat' dir='ltr'><strong>Scripturae</strong></span> <span class='ocrx_word' id='word_1_120' title='bbox 719 2361 821 2397; x_wconf 87' lang='lat' dir='ltr'><strong>locos</strong></span> <span class='ocrx_word' id='word_1_121' title='bbox 850 2374 937 2399; x_wconf 88' lang='lat' dir='ltr'><strong>eon-</strong></span> 
     </span>
     <span class='ocr_line' id='line_1_27' title="bbox 214 2423 938 2473; baseline 0.007 -16"><span class='ocrx_word' id='word_1_122' title='bbox 214 2427 436 2471; x_wconf 82' lang='lat' dir='ltr'><strong>torquerent,</strong></span> <span class='ocrx_word' id='word_1_123' title='bbox 479 2436 595 2471; x_wconf 86' lang='lat' dir='ltr'><strong>neque</strong></span> <span class='ocrx_word' id='word_1_124' title='bbox 638 2423 688 2468; x_wconf 82' lang='lat' dir='ltr'><strong>id,</strong></span> <span class='ocrx_word' id='word_1_125' title='bbox 725 2425 823 2473; x_wconf 89' lang='lat' dir='ltr'><strong>quod</strong></span> <span class='ocrx_word' id='word_1_126' title='bbox 860 2425 938 2462; x_wconf 91' lang='lat' dir='ltr'><strong>Deo</strong></span> 
     </span>
     <span class='ocr_line' id='line_1_28' title="bbox 215 2485 944 2534; baseline 0.008 -15"><span class='ocrx_word' id='word_1_127' title='bbox 215 2498 256 2520; x_wconf 77' lang='lat' dir='ltr'><strong>ac</strong></span> <span class='ocrx_word' id='word_1_128' title='bbox 293 2485 438 2521; x_wconf 81' lang='lat' dir='ltr'><strong>Christo</strong></span> <span class='ocrx_word' id='word_1_129' title='bbox 473 2486 660 2534; x_wconf 87' lang='lat' dir='ltr'><strong>proprium</strong></span> <span class='ocrx_word' id='word_1_130' title='bbox 695 2491 762 2530; x_wconf 81' lang='lat' dir='ltr'><strong>est,</strong></span> <span class='ocrx_word' id='word_1_131' title='bbox 788 2489 944 2525; x_wconf 85' lang='lat' dir='ltr'><strong>mortuis</strong></span> 
     </span>
     <span class='ocr_line' id='line_1_29' title="bbox 216 2548 942 2601; baseline 0.008 -18"><span class='ocrx_word' id='word_1_132' title='bbox 216 2548 360 2584; x_wconf 72' lang='lat' dir='ltr'><strong>Sanctis</strong></span> <span class='ocrx_word' id='word_1_133' title='bbox 403 2548 669 2594; x_wconf 77' lang='lat' dir='ltr'><strong>obtmderetur,</strong></span> <span class='ocrx_word' id='word_1_134' title='bbox 716 2552 801 2598; x_wconf 80' lang='lat'>(18)</span> <span class='ocrx_word' id='word_1_135' title='bbox 844 2553 942 2601; x_wconf 90' lang='lat' dir='ltr'><strong>quod</strong></span> 
     </span>
     <span class='ocr_line' id='line_1_30' title="bbox 210 2611 933 2663; baseline 0.008 -16"><span class='ocrx_word' id='word_1_136' title='bbox 210 2617 331 2647; x_wconf 76' lang='lat' dir='ltr'><strong>tamen</strong></span> <span class='ocrx_word' id='word_1_137' title='bbox 363 2611 508 2658; x_wconf 75' lang='lat' dir='ltr'><strong>vulgare</strong></span> <span class='ocrx_word' id='word_1_138' title='bbox 536 2611 595 2647; x_wconf 88' lang='lat' dir='ltr'><strong>hie</strong></span> <span class='ocrx_word' id='word_1_139' title='bbox 622 2618 687 2657; x_wconf 84' lang='lat' dir='ltr'><strong>est,</strong></span> <span class='ocrx_word' id='word_1_140' title='bbox 707 2627 823 2663; x_wconf 87' lang='lat' dir='ltr'><strong>neque</strong></span> <span class='ocrx_word' id='word_1_141' title='bbox 843 2615 933 2652; x_wconf 83' lang='lat' dir='ltr'><strong>citra</strong></span> 
     </span>
     <span class='ocr_line' id='line_1_31' title="bbox 213 2675 932 2724; baseline 0.007 -13"><span class='ocrx_word' id='word_1_142' title='bbox 213 2687 385 2722; x_wconf 78' lang='lat' dir='ltr'><strong>magnam</strong></span> <span class='ocrx_word' id='word_1_143' title='bbox 436 2675 655 2724; x_wconf 82' lang='lat' dir='ltr'><strong>impietatem</strong></span> <span class='ocrx_word' id='word_1_144' title='bbox 704 2678 777 2714; x_wconf 91' lang='lat' dir='ltr'><strong>ullo</strong></span> <span class='ocrx_word' id='word_1_145' title='bbox 822 2679 932 2716; x_wconf 87' lang='lat' dir='ltr'><strong>modo</strong></span> 
     </span>
     <span class='ocr_line' id='line_1_32' title="bbox 214 2737 938 2787; baseline 0.012 -15"><span class='ocrx_word' id='word_1_146' title='bbox 214 2737 292 2773; x_wconf 83' lang='lat' dir='ltr'><strong>fieri</strong></span> <span class='ocrx_word' id='word_1_147' title='bbox 334 2741 465 2786; x_wconf 80' lang='lat' dir='ltr'><strong>potest,</strong></span> <span class='ocrx_word' id='word_1_148' title='bbox 506 2759 556 2764; x_wconf 93' lang='lat'><em>-</em></span> <span class='ocrx_word' id='word_1_149' title='bbox 601 2741 784 2787; x_wconf 88' lang='lat' dir='ltr'><strong>quomodo</strong></span> <span class='ocrx_word' id='word_1_150' title='bbox 830 2744 938 2780; x_wconf 83' lang='lat' dir='ltr'><strong>etiam</strong></span> 
     </span>
    </p>
   </div>
   <div class='ocr_carea' id='block_1_4' title="bbox 253 2875 685 2914">
    <p class='ocr_par' dir='ltr' id='par_1_4' title="bbox 253 2875 685 2914">
     <span class='ocr_line' id='line_1_33' title="bbox 253 2875 685 2914; baseline 0.005 -9"><span class='ocrx_word' id='word_1_151' title='bbox 253 2875 277 2914; x_wconf 81' lang='lat'><strong>³)</strong></span> <span class='ocrx_word' id='word_1_152' title='bbox 304 2876 376 2906; x_wconf 67' lang='lat' dir='ltr'><strong>Ero.</strong></span> <span class='ocrx_word' id='word_1_153' title='bbox 400 2876 438 2905; x_wconf 72' lang='lat'><strong>20</strong></span> <span class='ocrx_word' id='word_1_154' title='bbox 461 2888 486 2913; x_wconf 73' lang='lat' dir='ltr'><strong>a,</strong></span> <span class='ocrx_word' id='word_1_155' title='bbox 513 2876 602 2907; x_wconf 80' lang='lat' dir='ltr'><strong>Dent.</strong></span> <span class='ocrx_word' id='word_1_156' title='bbox 628 2880 644 2906; x_wconf 67' lang='grc' dir='ltr'><strong>ἴ)</strong></span> <span class='ocrx_word' id='word_1_157' title='bbox 669 2890 685 2908; x_wconf 80' lang='lat' dir='ltr'><strong>a</strong></span> 
     </span>
    </p>
   </div>
   <div class='ocr_carea' id='block_1_5' title="bbox 694 151 1217 183">
    <p class='ocr_par' dir='ltr' id='par_1_5' title="bbox 694 151 1217 183">
     <span class='ocr_line' id='line_1_34' title="bbox 694 151 1217 183; baseline -0.006 -1"><span class='ocrx_word' id='word_1_158' title='bbox 694 158 743 183; x_wconf 85' lang='lat' dir='ltr'><strong>DE</strong></span> <span class='ocrx_word' id='word_1_159' title='bbox 770 154 857 182; x_wconf 87' lang='lat' dir='ltr'><strong>FUG.</strong></span> <span class='ocrx_word' id='word_1_160' title='bbox 887 151 1037 180; x_wconf 81' lang='lat' dir='ltr'><strong>PAPIST.</strong></span> <span class='ocrx_word' id='word_1_161' title='bbox 1068 151 1217 179; x_wconf 76' lang='lat' dir='ltr'>SAORJS.</span> 
     </span>
    </p>
   </div>
   <div class='ocr_carea' id='block_1_6' title="bbox 984 252 1728 2212">
    <p class='ocr_par' dir='ltr' id='par_1_6' title="bbox 986 252 1728 1900">
     <span class='ocr_line' id='line_1_35' title="bbox 994 252 1721 302; baseline 0 -12"><span class='ocrx_word' id='word_1_162' title='bbox 994 252 1173 290; x_wconf 83' lang='lat' dir='ltr'><strong>verzouek</strong></span> <span class='ocrx_word' id='word_1_163' title='bbox 1200 253 1486 302; x_wconf 75' lang='lat' dir='ltr'><strong>toegheuoeght.</strong></span> <span class='ocrx_word' id='word_1_164' title='bbox 1516 253 1644 302; x_wconf 84' lang='lat' dir='ltr'><strong>Dewijl</strong></span> <span class='ocrx_word' id='word_1_165' title='bbox 1671 266 1721 290; x_wconf 90' lang='lat' dir='ltr'><strong>nu</strong></span> 
     </span>
     <span class='ocr_line' id='line_1_36' title="bbox 992 315 1721 360; baseline 0.003 -9"><span class='ocrx_word' id='word_1_166' title='bbox 992 316 1044 352; x_wconf 86' lang='lat' dir='ltr'><strong>dit</strong></span> <span class='ocrx_word' id='word_1_167' title='bbox 1072 315 1160 352; x_wconf 84' lang='lat' dir='ltr'><strong>alles</strong></span> <span class='ocrx_word' id='word_1_168' title='bbox 1187 328 1229 352; x_wconf 85' lang='lat' dir='ltr'><strong>zo</strong></span> <span class='ocrx_word' id='word_1_169' title='bbox 1259 316 1359 353; x_wconf 91' lang='lat' dir='ltr'><strong>kond</strong></span> <span class='ocrx_word' id='word_1_170' title='bbox 1387 318 1430 360; x_wconf 86' lang='lat' dir='ltr'><strong>is,</strong></span> <span class='ocrx_word' id='word_1_171' title='bbox 1458 316 1520 353; x_wconf 83' lang='lat' dir='ltr'><strong>dat</strong></span> <span class='ocrx_word' id='word_1_172' title='bbox 1547 329 1631 353; x_wconf 83' lang='lat' dir='ltr'><strong>men</strong></span> <span class='ocrx_word' id='word_1_173' title='bbox 1659 316 1721 353; x_wconf 81' lang='lat' dir='ltr'><strong>het</strong></span> 
     </span>
     <span class='ocr_line' id='line_1_37' title="bbox 991 379 1719 430; baseline 0.001 -15"><span class='ocrx_word' id='word_1_174' title='bbox 991 379 1210 428; x_wconf 50' lang='grc' dir='ltr'><strong>ζ(1·118811511115</strong></span> <span class='ocrx_word' id='word_1_175' title='bbox 1229 381 1438 430; x_wconf 84' lang='lat' dir='ltr'><strong>beueynzen</strong></span> <span class='ocrx_word' id='word_1_176' title='bbox 1459 380 1556 417; x_wconf 88' lang='lat' dir='ltr'><strong>noch</strong></span> <span class='ocrx_word' id='word_1_177' title='bbox 1573 380 1719 417; x_wconf 83' lang='lat' dir='ltr'><strong>bewim-</strong></span> 
     </span>
     <span class='ocr_line' id='line_1_38' title="bbox 990 442 1723 493; baseline 0.001 -15"><span class='ocrx_word' id='word_1_178' title='bbox 990 443 1069 493; x_wconf 61' lang='lat' dir='ltr'><strong>pel&amp;</strong></span> <span class='ocrx_word' id='word_1_179' title='bbox 1097 442 1169 479; x_wconf 83' lang='lat' dir='ltr'><strong>kan</strong></span> <span class='ocrx_word' id='word_1_180' title='bbox 1198 445 1280 489; x_wconf 79' lang='lat'>(17)</span> <span class='ocrx_word' id='word_1_181' title='bbox 1309 444 1402 481; x_wconf 83' lang='lat' dir='ltr'><strong>ende</strong></span> <span class='ocrx_word' id='word_1_182' title='bbox 1422 444 1515 480; x_wconf 87' lang='grc'><strong>0081(</strong></span> <span class='ocrx_word' id='word_1_183' title='bbox 1537 443 1723 493; x_wconf 80' lang='lat' dir='ltr'><strong>openbaer</strong></span> 
     </span>
     <span class='ocr_line' id='line_1_39' title="bbox 989 506 1722 553; baseline 0.001 -11"><span class='ocrx_word' id='word_1_184' title='bbox 989 507 1032 551; x_wconf 85' lang='lat' dir='ltr'><strong>is,</strong></span> <span class='ocrx_word' id='word_1_185' title='bbox 1060 507 1121 542; x_wconf 67' lang='lat' dir='ltr'><strong>dat</strong></span> <span class='ocrx_word' id='word_1_186' title='bbox 1150 506 1210 542; x_wconf 88' lang='lat' dir='ltr'><strong>het</strong></span> <span class='ocrx_word' id='word_1_187' title='bbox 1237 507 1344 553; x_wconf 63' lang='lat' dir='ltr'><strong>teg-116</strong></span> <span class='ocrx_word' id='word_1_188' title='bbox 1374 507 1436 544; x_wconf 87' lang='lat' dir='ltr'><strong>der</strong></span> <span class='ocrx_word' id='word_1_189' title='bbox 1464 514 1603 544; x_wconf 80' lang='lat' dir='ltr'><strong>eersten</strong></span> <span class='ocrx_word' id='word_1_190' title='bbox 1629 508 1722 544; x_wconf 72' lang='lat' dir='ltr'><strong>tufe-</strong></span> 
     </span>
     <span class='ocr_line' id='line_1_40' title="bbox 995 570 1722 618; baseline 0.001 -13"><span class='ocrx_word' id='word_1_191' title='bbox 995 571 1054 606; x_wconf 88' lang='lat' dir='ltr'><strong>len</strong></span> <span class='ocrx_word' id='word_1_192' title='bbox 1083 576 1199 605; x_wconf 81' lang='lat' dir='ltr'><strong>eerste</strong></span> <span class='ocrx_word' id='word_1_193' title='bbox 1224 570 1392 618; x_wconf 73' lang='lat' dir='ltr'><strong>ghebodt</strong></span> <span class='ocrx_word' id='word_1_194' title='bbox 1407 571 1562 618; x_wconf 76' lang='lat' dir='ltr'><strong>strijdet,</strong></span> <span class='ocrx_word' id='word_1_195' title='bbox 1580 571 1619 607; x_wconf 90' lang='grc'><strong>111</strong></span> <span class='ocrx_word' id='word_1_196' title='bbox 1640 570 1722 607; x_wconf 79' lang='lat' dir='ltr'><strong>wel-</strong></span> 
     </span>
     <span class='ocr_line' id='line_1_41' title="bbox 993 633 1724 682; baseline 0 -13"><span class='ocrx_word' id='word_1_197' title='bbox 993 633 1085 669; x_wconf 83' lang='lat' dir='ltr'><strong>cken</strong></span> <span class='ocrx_word' id='word_1_198' title='bbox 1121 645 1190 669; x_wconf 84' lang='lat' dir='ltr'><strong>ons</strong></span> <span class='ocrx_word' id='word_1_199' title='bbox 1223 633 1416 681; x_wconf 72' lang='lat' dir='ltr'><strong>glieboden</strong></span> <span class='ocrx_word' id='word_1_200' title='bbox 1455 639 1552 678; x_wconf 87' lang='lat' dir='ltr'><strong>wert,</strong></span> <span class='ocrx_word' id='word_1_201' title='bbox 1581 633 1642 670; x_wconf 76' lang='lat' dir='ltr'><strong>dat</strong></span> <span class='ocrx_word' id='word_1_202' title='bbox 1669 646 1724 682; x_wconf 85' lang='lat' dir='ltr'><strong>wy</strong></span> 
     </span>
     <span class='ocr_line' id='line_1_42' title="bbox 994 698 1724 747; baseline 0 -14"><span class='ocrx_word' id='word_1_203' title='bbox 994 698 1033 734; x_wconf 89' lang='lat' dir='ltr'><strong>in</strong></span> <span class='ocrx_word' id='word_1_204' title='bbox 1063 709 1172 734; x_wconf 85' lang='lat' dir='ltr'><strong>onzer</strong></span> <span class='ocrx_word' id='word_1_205' title='bbox 1199 698 1456 747; x_wconf 80' lang='lat' dir='ltr'><strong>auroupinghe</strong></span> <span class='ocrx_word' id='word_1_206' title='bbox 1483 711 1595 735; x_wconf 89' lang='lat' dir='ltr'><strong>eenen</strong></span> <span class='ocrx_word' id='word_1_207' title='bbox 1624 698 1724 734; x_wconf 89' lang='lat' dir='ltr'><strong>eeni-</strong></span> 
     </span>
     <span class='ocr_line' id='line_1_43' title="bbox 991 760 1724 809; baseline 0.001 -12"><span class='ocrx_word' id='word_1_208' title='bbox 991 761 1089 809; x_wconf 78' lang='lat' dir='ltr'><strong>ghen</strong></span> <span class='ocrx_word' id='word_1_209' title='bbox 1120 760 1203 796; x_wconf 90' lang='lat' dir='ltr'><strong>God</strong></span> <span class='ocrx_word' id='word_1_210' title='bbox 1232 761 1326 796; x_wconf 70' lang='lat' dir='ltr'><strong>zulle</strong></span> <span class='ocrx_word' id='word_1_211' title='bbox 1344 761 1547 805; x_wconf 80' lang='lat' dir='ltr'><strong>anbidden,</strong></span> <span class='ocrx_word' id='word_1_212' title='bbox 1567 762 1650 798; x_wconf 87' lang='lat' dir='ltr'><strong>hem</strong></span> <span class='ocrx_word' id='word_1_213' title='bbox 1669 761 1724 798; x_wconf 88' lang='lat' dir='ltr'><strong>al-</strong></span> 
     </span>
     <span class='ocr_line' id='line_1_44' title="bbox 991 825 1725 863; baseline 0.001 -2"><span class='ocrx_word' id='word_1_214' title='bbox 991 826 1092 863; x_wconf 81' lang='lat' dir='ltr'><strong>leene</strong></span> <span class='ocrx_word' id='word_1_215' title='bbox 1121 825 1226 861; x_wconf 73' lang='lat' dir='ltr'><strong>dieue</strong></span> <span class='ocrx_word' id='word_1_216' title='bbox 1254 825 1324 861; x_wconf 88' lang='lat' dir='ltr'><strong>end</strong></span> <span class='ocrx_word' id='word_1_217' title='bbox 1353 826 1447 861; x_wconf 90' lang='lat' dir='ltr'><strong>ooek</strong></span> <span class='ocrx_word' id='word_1_218' title='bbox 1476 826 1558 862; x_wconf 86' lang='lat' dir='ltr'><strong>hem</strong></span> <span class='ocrx_word' id='word_1_219' title='bbox 1586 827 1725 863; x_wconf 80' lang='lat' dir='ltr'><strong>alleene</strong></span> 
     </span>
     <span class='ocr_line' id='line_1_45' title="bbox 993 889 1725 938; baseline 0 -12"><span class='ocrx_word' id='word_1_220' title='bbox 993 890 1036 926; x_wconf 87' lang='lat' dir='ltr'><strong>de</strong></span> <span class='ocrx_word' id='word_1_221' title='bbox 1066 889 1188 937; x_wconf 82' lang='lat' dir='ltr'><strong>kuijen</strong></span> <span class='ocrx_word' id='word_1_222' title='bbox 1219 889 1366 938; x_wconf 68' lang='lat' dir='ltr'><strong>buyghe</strong></span> <span class='ocrx_word' id='word_1_223' title='bbox 1394 890 1446 937; x_wconf 70' lang='lat'><strong>3):</strong></span> <span class='ocrx_word' id='word_1_224' title='bbox 1475 890 1725 938; x_wconf 53' lang='lat' dir='ltr'><strong>anghem&#39;ftrek</strong></span> 
     </span>
     <span class='ocr_line' id='line_1_46' title="bbox 991 953 1724 1003; baseline 0.001 -13"><span class='ocrx_word' id='word_1_225' title='bbox 991 954 1040 1003; x_wconf 89' lang='lat' dir='ltr'><strong>hy</strong></span> <span class='ocrx_word' id='word_1_226' title='bbox 1076 954 1166 990; x_wconf 74' lang='lat' dir='ltr'><strong>allee</strong></span> <span class='ocrx_word' id='word_1_227' title='bbox 1206 966 1297 990; x_wconf 84' lang='lat' dir='ltr'><strong>onze</strong></span> <span class='ocrx_word' id='word_1_228' title='bbox 1335 953 1446 996; x_wconf 82' lang='lat' dir='ltr'><strong>Heer,</strong></span> <span class='ocrx_word' id='word_1_229' title='bbox 1480 958 1525 990; x_wconf 74' lang='lat' dir='ltr'><strong>esi</strong></span> <span class='ocrx_word' id='word_1_230' title='bbox 1563 954 1616 991; x_wconf 84' lang='lat' dir='ltr'><strong>dit</strong></span> <span class='ocrx_word' id='word_1_231' title='bbox 1651 956 1724 1002; x_wconf 86' lang='lat' dir='ltr'><strong>zijn</strong></span> 
     </span>
     <span class='ocr_line' id='line_1_47' title="bbox 987 1017 1724 1063; baseline 0 -8"><span class='ocrx_word' id='word_1_232' title='bbox 987 1022 1055 1055; x_wconf 69' lang='lat' dir='ltr'><strong>nae</strong></span> <span class='ocrx_word' id='word_1_233' title='bbox 1084 1019 1126 1063; x_wconf 88' lang='lat' dir='ltr'><strong>is,</strong></span> <span class='ocrx_word' id='word_1_234' title='bbox 1155 1018 1212 1054; x_wconf 82' lang='lat' dir='ltr'><strong>wil</strong></span> <span class='ocrx_word' id='word_1_235' title='bbox 1240 1017 1334 1054; x_wconf 86' lang='lat' dir='ltr'><strong>oock</strong></span> <span class='ocrx_word' id='word_1_236' title='bbox 1356 1018 1460 1055; x_wconf 88' lang='lat' dir='ltr'><strong>dezes</strong></span> <span class='ocrx_word' id='word_1_237' title='bbox 1479 1018 1580 1055; x_wconf 70' lang='lat' dir='ltr'><strong>zelue</strong></span> <span class='ocrx_word' id='word_1_238' title='bbox 1598 1031 1724 1055; x_wconf 86' lang='lat' dir='ltr'><strong>naems</strong></span> 
     </span>
     <span class='ocr_line' id='line_1_48' title="bbox 988 1081 1723 1130; baseline 0 -11"><span class='ocrx_word' id='word_1_239' title='bbox 988 1095 1067 1119; x_wconf 88' lang='lat' dir='ltr'><strong>eere</strong></span> <span class='ocrx_word' id='word_1_240' title='bbox 1094 1081 1234 1130; x_wconf 61' lang='lat' dir='ltr'><strong>gheenc</strong></span> <span class='ocrx_word' id='word_1_241' title='bbox 1262 1081 1425 1118; x_wconf 85' lang='lat' dir='ltr'><strong>anderen</strong></span> <span class='ocrx_word' id='word_1_242' title='bbox 1446 1081 1592 1130; x_wconf 79' lang='lat' dir='ltr'><strong>gheuen</strong></span> <span class='ocrx_word' id='word_1_243' title='bbox 1608 1084 1662 1129; x_wconf 74' lang='lat'><strong>4):</strong></span> <span class='ocrx_word' id='word_1_244' title='bbox 1681 1094 1723 1118; x_wconf 93' lang='lat' dir='ltr'><strong>zo</strong></span> 
     </span>
     <span class='ocr_line' id='line_1_49' title="bbox 989 1145 1726 1193; baseline 0 -11"><span class='ocrx_word' id='word_1_245' title='bbox 989 1146 1020 1182; x_wconf 83' lang='lat' dir='ltr'><strong>is</strong></span> <span class='ocrx_word' id='word_1_246' title='bbox 1048 1145 1142 1182; x_wconf 91' lang='grc'><strong>0081(</strong></span> <span class='ocrx_word' id='word_1_247' title='bbox 1174 1146 1276 1181; x_wconf 78' lang='lat' dir='ltr'><strong>klaar</strong></span> <span class='ocrx_word' id='word_1_248' title='bbox 1303 1149 1348 1181; x_wconf 78' lang='lat' dir='ltr'><strong>esi</strong></span> <span class='ocrx_word' id='word_1_249' title='bbox 1369 1145 1558 1193; x_wconf 80' lang='lat' dir='ltr'><strong>blijeklick</strong></span> <span class='ocrx_word' id='word_1_250' title='bbox 1579 1145 1642 1182; x_wconf 75' lang='lat' dir='ltr'><strong>dat</strong></span> <span class='ocrx_word' id='word_1_251' title='bbox 1655 1146 1726 1182; x_wconf 83' lang='lat' dir='ltr'><strong>alle</strong></span> 
     </span>
     <span class='ocr_line' id='line_1_50' title="bbox 995 1209 1726 1253; baseline 0 -7"><span class='ocrx_word' id='word_1_252' title='bbox 995 1209 1082 1246; x_wconf 89' lang='lat' dir='ltr'><strong>deze</strong></span> <span class='ocrx_word' id='word_1_253' title='bbox 1126 1209 1368 1246; x_wconf 78' lang='lat' dir='ltr'><strong>Pauwstlicke</strong></span> <span class='ocrx_word' id='word_1_254' title='bbox 1405 1209 1559 1253; x_wconf 68' lang='lat' dir='ltr'><strong>dienste,</strong></span> <span class='ocrx_word' id='word_1_255' title='bbox 1594 1210 1726 1246; x_wconf 86' lang='lat' dir='ltr'><strong>waerin</strong></span> 
     </span>
     <span class='ocr_line' id='line_1_51' title="bbox 989 1273 1725 1324; baseline 0.001 -14"><span class='ocrx_word' id='word_1_256' title='bbox 989 1273 1116 1310; x_wconf 84' lang='lat' dir='ltr'><strong>zulcks</strong></span> <span class='ocrx_word' id='word_1_257' title='bbox 1144 1274 1233 1310; x_wconf 84' lang='lat' dir='ltr'><strong>alles</strong></span> <span class='ocrx_word' id='word_1_258' title='bbox 1262 1274 1443 1324; x_wconf 75' lang='lat' dir='ltr'><strong>begrepen</strong></span> <span class='ocrx_word' id='word_1_259' title='bbox 1470 1274 1514 1319; x_wconf 91' lang='grc'><strong>15,</strong></span> <span class='ocrx_word' id='word_1_260' title='bbox 1532 1273 1725 1322; x_wconf 82' lang='lat' dir='ltr'><strong>afgodisch</strong></span> 
     </span>
     <span class='ocr_line' id='line_1_52' title="bbox 986 1337 1726 1388; baseline 0.001 -14"><span class='ocrx_word' id='word_1_261' title='bbox 986 1340 1071 1386; x_wconf 82' lang='lat' dir='ltr'><strong>zijn,</strong></span> <span class='ocrx_word' id='word_1_262' title='bbox 1105 1337 1198 1375; x_wconf 80' lang='lat' dir='ltr'><strong>ende</strong></span> <span class='ocrx_word' id='word_1_263' title='bbox 1235 1338 1389 1385; x_wconf 69' lang='lat' dir='ltr'><strong>striJ‘den</strong></span> <span class='ocrx_word' id='word_1_264' title='bbox 1417 1338 1604 1388; x_wconf 86' lang='lat' dir='ltr'><strong>opentliek</strong></span> <span class='ocrx_word' id='word_1_265' title='bbox 1632 1338 1726 1375; x_wconf 89' lang='lat' dir='ltr'><strong>ende</strong></span> 
     </span>
     <span class='ocr_line' id='line_1_53' title="bbox 988 1401 1727 1450; baseline 0 -11"><span class='ocrx_word' id='word_1_266' title='bbox 988 1402 1177 1450; x_wconf 72' lang='lat' dir='ltr'><strong>gantzlick</strong></span> <span class='ocrx_word' id='word_1_267' title='bbox 1206 1402 1340 1450; x_wconf 70' lang='lat' dir='ltr'><strong>teg-hen</strong></span> <span class='ocrx_word' id='word_1_268' title='bbox 1383 1401 1427 1438; x_wconf 86' lang='lat' dir='ltr'><strong>de</strong></span> <span class='ocrx_word' id='word_1_269' title='bbox 1470 1402 1554 1439; x_wconf 83' lang='lat' dir='ltr'><strong>Wet</strong></span> <span class='ocrx_word' id='word_1_270' title='bbox 1591 1402 1727 1448; x_wconf 85' lang='lat' dir='ltr'><strong>Godes,</strong></span> 
     </span>
     <span class='ocr_line' id='line_1_54' title="bbox 989 1465 1725 1514; baseline -0.001 -11"><span class='ocrx_word' id='word_1_271' title='bbox 989 1466 1083 1503; x_wconf 87' lang='lat' dir='ltr'><strong>ende</strong></span> <span class='ocrx_word' id='word_1_272' title='bbox 1120 1465 1277 1514; x_wconf 81' lang='lat' dir='ltr'><strong>rnoghen</strong></span> <span class='ocrx_word' id='word_1_273' title='bbox 1309 1465 1507 1502; x_wconf 82' lang='lat' dir='ltr'><strong>derhaluen</strong></span> <span class='ocrx_word' id='word_1_274' title='bbox 1537 1466 1653 1503; x_wconf 86' lang='lat' dir='ltr'><strong>onder</strong></span> <span class='ocrx_word' id='word_1_275' title='bbox 1681 1465 1725 1502; x_wconf 91' lang='lat' dir='ltr'><strong>de</strong></span> 
     </span>
     <span class='ocr_line' id='line_1_55' title="bbox 988 1530 1725 1579; baseline 0.003 -13"><span class='ocrx_word' id='word_1_276' title='bbox 988 1532 1076 1578; x_wconf 85' lang='lat' dir='ltr'><strong>vrije</strong></span> <span class='ocrx_word' id='word_1_277' title='bbox 1122 1530 1215 1567; x_wconf 89' lang='lat' dir='ltr'><strong>ende</strong></span> <span class='ocrx_word' id='word_1_278' title='bbox 1259 1530 1421 1567; x_wconf 84' lang='lat' dir='ltr'><strong>middele</strong></span> <span class='ocrx_word' id='word_1_279' title='bbox 1464 1530 1602 1579; x_wconf 73' lang='lat' dir='ltr'><strong>dinghe</strong></span> <span class='ocrx_word' id='word_1_280' title='bbox 1649 1531 1725 1568; x_wconf 79' lang='lat' dir='ltr'><strong>niet</strong></span> 
     </span>
     <span class='ocr_line' id='line_1_56' title="bbox 991 1594 1727 1650; baseline 0.003 -20"><span class='ocrx_word' id='word_1_281' title='bbox 991 1594 1195 1650; x_wconf 40' lang='grc' dir='ltr'><strong>Χ(1118181801</strong></span> <span class='ocrx_word' id='word_1_282' title='bbox 1220 1594 1376 1639; x_wconf 82' lang='lat' dir='ltr'><strong>werden,</strong></span> <span class='ocrx_word' id='word_1_283' title='bbox 1403 1595 1480 1631; x_wconf 89' lang='lat' dir='ltr'><strong>veel</strong></span> <span class='ocrx_word' id='word_1_284' title='bbox 1507 1595 1585 1631; x_wconf 85' lang='lat' dir='ltr'><strong>min</strong></span> <span class='ocrx_word' id='word_1_285' title='bbox 1613 1608 1727 1633; x_wconf 87' lang='lat' dir='ltr'><strong>eenen</strong></span> 
     </span>
     <span class='ocr_line' id='line_1_57' title="bbox 994 1658 1728 1708; baseline 0.003 -13"><span class='ocrx_word' id='word_1_286' title='bbox 994 1659 1215 1696; x_wconf 84' lang='lat' dir='ltr'><strong>Christenen</strong></span> <span class='ocrx_word' id='word_1_287' title='bbox 1262 1658 1319 1695; x_wconf 87' lang='lat' dir='ltr'><strong>die</strong></span> <span class='ocrx_word' id='word_1_288' title='bbox 1363 1659 1431 1695; x_wconf 75' lang='grc'><strong>1101·</strong></span> <span class='ocrx_word' id='word_1_289' title='bbox 1470 1659 1728 1708; x_wconf 75' lang='lat' dir='ltr'><strong>godlooszheit.</strong></span> 
     </span>
     <span class='ocr_line' id='line_1_58' title="bbox 993 1722 1727 1772; baseline 0.003 -13"><span class='ocrx_word' id='word_1_290' title='bbox 993 1723 1116 1770; x_wconf 71' lang='lat' dir='ltr'><strong>beket,</strong></span> <span class='ocrx_word' id='word_1_291' title='bbox 1162 1725 1225 1771; x_wconf 86' lang='lat' dir='ltr'><strong>vrij</strong></span> <span class='ocrx_word' id='word_1_292' title='bbox 1266 1725 1351 1771; x_wconf 79' lang='lat' dir='ltr'><strong>zijn‚</strong></span> <span class='ocrx_word' id='word_1_293' title='bbox 1387 1722 1449 1759; x_wconf 85' lang='lat' dir='ltr'><strong>dat</strong></span> <span class='ocrx_word' id='word_1_294' title='bbox 1486 1722 1535 1772; x_wconf 89' lang='lat' dir='ltr'><strong>hy</strong></span> <span class='ocrx_word' id='word_1_295' title='bbox 1571 1724 1625 1760; x_wconf 85' lang='lat' dir='ltr'><strong>als</strong></span> <span class='ocrx_word' id='word_1_296' title='bbox 1660 1736 1727 1761; x_wconf 88' lang='lat' dir='ltr'><strong>een</strong></span> 
     </span>
     <span class='ocr_line' id='line_1_59' title="bbox 990 1786 1727 1837; baseline -0.001 -13"><span class='ocrx_word' id='word_1_297' title='bbox 990 1787 1253 1836; x_wconf 82' lang='lat' dir='ltr'><strong>medeghezell‚</strong></span> <span class='ocrx_word' id='word_1_298' title='bbox 1289 1787 1380 1824; x_wconf 89' lang='lat' dir='ltr'><strong>door</strong></span> <span class='ocrx_word' id='word_1_299' title='bbox 1406 1786 1536 1824; x_wconf 89' lang='lat' dir='ltr'><strong>eenieh</strong></span> <span class='ocrx_word' id='word_1_300' title='bbox 1564 1787 1727 1837; x_wconf 88' lang='lat' dir='ltr'><strong>beueyn-</strong></span> 
     </span>
     <span class='ocr_line' id='line_1_60' title="bbox 989 1851 1726 1900; baseline 0.003 -12"><span class='ocrx_word' id='word_1_301' title='bbox 989 1865 1056 1889; x_wconf 89' lang='lat' dir='ltr'><strong>zen</strong></span> <span class='ocrx_word' id='word_1_302' title='bbox 1074 1851 1153 1888; x_wconf 86' lang='lat' dir='ltr'><strong>ziek</strong></span> <span class='ocrx_word' id='word_1_303' title='bbox 1178 1851 1305 1889; x_wconf 84' lang='lat' dir='ltr'><strong>daerin</strong></span> <span class='ocrx_word' id='word_1_304' title='bbox 1320 1851 1456 1900; x_wconf 70' lang='lat' dir='ltr'><strong>moghe</strong></span> <span class='ocrx_word' id='word_1_305' title='bbox 1468 1852 1603 1889; x_wconf 88' lang='lat' dir='ltr'><strong>vinden</strong></span> <span class='ocrx_word' id='word_1_306' title='bbox 1614 1853 1726 1891; x_wconf 85' lang='lat' dir='ltr'><strong>laten.</strong></span> 
     </span>
    </p>

    <p class='ocr_par' dir='ltr' id='par_1_7' title="bbox 984 1915 1727 2212">
     <span class='ocr_line' id='line_1_61' title="bbox 1041 1915 1727 1963; baseline 0.001 -12"><span class='ocrx_word' id='word_1_307' title='bbox 1041 1915 1135 1952; x_wconf 87' lang='lat' dir='ltr'><strong>Hier</strong></span> <span class='ocrx_word' id='word_1_308' title='bbox 1182 1915 1348 1952; x_wconf 88' lang='lat' dir='ltr'><strong>beneuen</strong></span> <span class='ocrx_word' id='word_1_309' title='bbox 1391 1928 1433 1951; x_wconf 90' lang='lat' dir='ltr'><strong>zo</strong></span> <span class='ocrx_word' id='word_1_310' title='bbox 1478 1915 1605 1963; x_wconf 73' lang='lat' dir='ltr'><strong>strijde</strong></span> <span class='ocrx_word' id='word_1_311' title='bbox 1641 1916 1727 1952; x_wconf 90' lang='lat' dir='ltr'><strong>deze</strong></span> 
     </span>
     <span class='ocr_line' id='line_1_62' title="bbox 984 1979 1229 2016; baseline -0.004 0"><span class='ocrx_word' id='word_1_312' title='bbox 984 1979 1229 2016; x_wconf 76' lang='lat' dir='ltr'><strong>Pauwstlieke</strong></span> 
     </span>
     <span class='ocr_line' id='line_1_63' title="bbox 993 2043 1724 2092; baseline 0.003 -13"><span class='ocrx_word' id='word_1_313' title='bbox 993 2043 1108 2080; x_wconf 72' lang='lat' dir='ltr'><strong>horon</strong></span> <span class='ocrx_word' id='word_1_314' title='bbox 1136 2044 1325 2092; x_wconf 68' lang='lat' dir='ltr'><strong>giletijden</strong></span> <span class='ocrx_word' id='word_1_315' title='bbox 1354 2045 1489 2092; x_wconf 74' lang='lat' dir='ltr'><strong>teghen</strong></span> <span class='ocrx_word' id='word_1_316' title='bbox 1518 2044 1581 2081; x_wconf 87' lang='lat' dir='ltr'><strong>der</strong></span> <span class='ocrx_word' id='word_1_317' title='bbox 1599 2044 1724 2081; x_wconf 88' lang='lat' dir='ltr'><strong>zeluen</strong></span> 
     </span>
     <span class='ocr_line' id='line_1_64' title="bbox 989 2108 1726 2156; baseline 0 -11"><span class='ocrx_word' id='word_1_318' title='bbox 989 2114 1131 2145; x_wconf 79' lang='lat' dir='ltr'><strong>eei-sten</strong></span> <span class='ocrx_word' id='word_1_319' title='bbox 1195 2109 1332 2145; x_wconf 73' lang='lat' dir='ltr'><strong>tafeleu</strong></span> <span class='ocrx_word' id='word_1_320' title='bbox 1386 2108 1496 2145; x_wconf 89' lang='lat' dir='ltr'><strong>derde</strong></span> <span class='ocrx_word' id='word_1_321' title='bbox 1548 2108 1726 2156; x_wconf 83' lang='lat' dir='ltr'><strong>ghebodt,</strong></span> 
     </span>
     <span class='ocr_line' id='line_1_65' title="bbox 986 2169 1722 2212; baseline 0.003 -8"><span class='ocrx_word' id='word_1_322' title='bbox 986 2169 1097 2205; x_wconf 81' lang='lat' dir='ltr'><strong>welek</strong></span> <span class='ocrx_word' id='word_1_323' title='bbox 1129 2169 1339 2212; x_wconf 64' lang='grc' dir='ltr'><strong>νοω-1101111,</strong></span> <span class='ocrx_word' id='word_1_324' title='bbox 1361 2169 1506 2206; x_wconf 72' lang='lat' dir='ltr'><strong>datmen</strong></span> <span class='ocrx_word' id='word_1_325' title='bbox 1528 2169 1598 2207; x_wconf 89' lang='lat' dir='ltr'><strong>den</strong></span> <span class='ocrx_word' id='word_1_326' title='bbox 1618 2182 1722 2207; x_wconf 86' lang='lat' dir='ltr'><strong>naem</strong></span> 
     </span>
    </p>
   </div>
   <div class='ocr_carea' id='block_1_7' title="bbox 1292 1979 1725 2028">
    <p class='ocr_par' dir='ltr' id='par_1_8' title="bbox 1292 1979 1725 2028">
     <span class='ocr_line' id='line_1_66' title="bbox 1292 1979 1725 2028; baseline 0 -12"><span class='ocrx_word' id='word_1_327' title='bbox 1292 1979 1634 2028; x_wconf 70' lang='lat' dir='ltr'><strong>Psalmghezanghe</strong></span> <span class='ocrx_word' id='word_1_328' title='bbox 1685 1979 1725 2016; x_wconf 90' lang='lat' dir='ltr'><strong>in</strong></span> 
     </span>
    </p>
   </div>
   <div class='ocr_carea' id='block_1_8' title="bbox 986 2235 1726 2732">
    <p class='ocr_par' dir='ltr' id='par_1_9' title="bbox 986 2235 1726 2732">
     <span class='ocr_line' id='line_1_67' title="bbox 992 2235 1726 2284; baseline 0.001 -13"><span class='ocrx_word' id='word_1_329' title='bbox 992 2235 1116 2272; x_wconf 88' lang='lat' dir='ltr'><strong>Godes</strong></span> <span class='ocrx_word' id='word_1_330' title='bbox 1171 2235 1246 2272; x_wconf 86' lang='lat' dir='ltr'><strong>niet</strong></span> <span class='ocrx_word' id='word_1_331' title='bbox 1296 2236 1627 2284; x_wconf 56' lang='lat' dir='ltr'><strong>lielitufirdighliek</strong></span> <span class='ocrx_word' id='word_1_332' title='bbox 1671 2237 1726 2273; x_wconf 88' lang='lat' dir='ltr'><strong>zal</strong></span> 
     </span>
     <span class='ocr_line' id='line_1_68' title="bbox 992 2300 1725 2350; baseline 0.005 -16"><span class='ocrx_word' id='word_1_333' title='bbox 992 2312 1193 2349; x_wconf 84' lang='lat' dir='ltr'><strong>anroupen.</strong></span> <span class='ocrx_word' id='word_1_334' title='bbox 1258 2300 1370 2337; x_wconf 77' lang='lat' dir='ltr'><strong>Want</strong></span> <span class='ocrx_word' id='word_1_335' title='bbox 1415 2301 1456 2337; x_wconf 88' lang='lat' dir='ltr'><strong>of</strong></span> <span class='ocrx_word' id='word_1_336' title='bbox 1496 2314 1540 2350; x_wconf 84' lang='lat' dir='ltr'><strong>zy</strong></span> <span class='ocrx_word' id='word_1_337' title='bbox 1585 2300 1725 2338; x_wconf 86' lang='lat' dir='ltr'><strong>schoon</strong></span> 
     </span>
     <span class='ocr_line' id='line_1_69' title="bbox 988 2363 1725 2414; baseline 0.004 -15"><span class='ocrx_word' id='word_1_338' title='bbox 988 2363 1081 2411; x_wconf 67' lang='lat' dir='ltr'><strong>gbee</strong></span> <span class='ocrx_word' id='word_1_339' title='bbox 1117 2364 1296 2413; x_wconf 69' lang='lat' dir='ltr'><strong>afgodery</strong></span> <span class='ocrx_word' id='word_1_340' title='bbox 1330 2364 1501 2411; x_wconf 87' lang='lat' dir='ltr'><strong>(welcker</strong></span> <span class='ocrx_word' id='word_1_341' title='bbox 1536 2377 1579 2414; x_wconf 85' lang='lat' dir='ltr'><strong>zy</strong></span> <span class='ocrx_word' id='word_1_342' title='bbox 1607 2365 1725 2402; x_wconf 86' lang='lat' dir='ltr'><strong>noch-</strong></span> 
     </span>
     <span class='ocr_line' id='line_1_70' title="bbox 992 2428 1726 2476; baseline 0.005 -14"><span class='ocrx_word' id='word_1_343' title='bbox 992 2432 1075 2463; x_wconf 80' lang='lat' dir='ltr'><strong>tans</strong></span> <span class='ocrx_word' id='word_1_344' title='bbox 1105 2429 1179 2465; x_wconf 84' lang='lat' dir='ltr'><strong>voH</strong></span> <span class='ocrx_word' id='word_1_345' title='bbox 1208 2430 1298 2476; x_wconf 75' lang='lat' dir='ltr'><strong>zijn)</strong></span> <span class='ocrx_word' id='word_1_346' title='bbox 1325 2428 1365 2465; x_wconf 89' lang='lat' dir='ltr'><strong>in</strong></span> <span class='ocrx_word' id='word_1_347' title='bbox 1392 2428 1473 2464; x_wconf 87' lang='lat' dir='ltr'><strong>ziek</strong></span> <span class='ocrx_word' id='word_1_348' title='bbox 1493 2429 1726 2474; x_wconf 78' lang='lat' dir='ltr'><strong>veruateden,</strong></span> 
     </span>
     <span class='ocr_line' id='line_1_71' title="bbox 995 2491 1724 2542; baseline 0.004 -15"><span class='ocrx_word' id='word_1_349' title='bbox 995 2491 1088 2527; x_wconf 87' lang='lat' dir='ltr'><strong>ende</strong></span> <span class='ocrx_word' id='word_1_350' title='bbox 1117 2491 1180 2528; x_wconf 82' lang='lat' dir='ltr'><strong>der</strong></span> <span class='ocrx_word' id='word_1_351' title='bbox 1208 2492 1347 2529; x_wconf 74' lang='lat' dir='ltr'><strong>Solu-ist</strong></span> <span class='ocrx_word' id='word_1_352' title='bbox 1364 2492 1528 2542; x_wconf 80' lang='lat' dir='ltr'><strong>plaetsen</strong></span> <span class='ocrx_word' id='word_1_353' title='bbox 1548 2493 1624 2530; x_wconf 87' lang='lat' dir='ltr'><strong>niet</strong></span> <span class='ocrx_word' id='word_1_354' title='bbox 1643 2505 1724 2530; x_wconf 82' lang='lat' dir='ltr'><strong>ver-</strong></span> 
     </span>
     <span class='ocr_line' id='line_1_72' title="bbox 999 2554 1724 2603; baseline 0.004 -13"><span class='ocrx_word' id='word_1_355' title='bbox 999 2554 1116 2603; x_wconf 79' lang='lat' dir='ltr'><strong>drayt,</strong></span> <span class='ocrx_word' id='word_1_356' title='bbox 1143 2556 1235 2592; x_wconf 87' lang='lat' dir='ltr'><strong>ende</strong></span> <span class='ocrx_word' id='word_1_357' title='bbox 1263 2561 1330 2593; x_wconf 85' lang='lat' dir='ltr'><strong>wat</strong></span> <span class='ocrx_word' id='word_1_358' title='bbox 1359 2555 1465 2593; x_wconf 90' lang='lat' dir='ltr'><strong>Gode</strong></span> <span class='ocrx_word' id='word_1_359' title='bbox 1497 2556 1590 2593; x_wconf 86' lang='lat' dir='ltr'><strong>ende</strong></span> <span class='ocrx_word' id='word_1_360' title='bbox 1617 2556 1724 2593; x_wconf 84' lang='lat' dir='ltr'><strong>Chri-</strong></span> 
     </span>
     <span class='ocr_line' id='line_1_73' title="bbox 986 2619 1724 2668; baseline 0.005 -15"><span class='ocrx_word' id='word_1_361' title='bbox 986 2624 1041 2653; x_wconf 89' lang='lat' dir='ltr'><strong>sto</strong></span> <span class='ocrx_word' id='word_1_362' title='bbox 1089 2619 1232 2668; x_wconf 75' lang='lat' dir='ltr'><strong>eyghen</strong></span> <span class='ocrx_word' id='word_1_363' title='bbox 1276 2619 1321 2665; x_wconf 87' lang='lat' dir='ltr'><strong>is,</strong></span> <span class='ocrx_word' id='word_1_364' title='bbox 1361 2619 1437 2657; x_wconf 81' lang='lat' dir='ltr'><strong>niet</strong></span> <span class='ocrx_word' id='word_1_365' title='bbox 1471 2620 1541 2657; x_wconf 88' lang='lat' dir='ltr'><strong>den</strong></span> <span class='ocrx_word' id='word_1_366' title='bbox 1579 2620 1724 2657; x_wconf 88' lang='lat' dir='ltr'><strong>dooden</strong></span> 
     </span>
     <span class='ocr_line' id='line_1_74' title="bbox 986 2681 1720 2732; baseline 0.005 -15"><span class='ocrx_word' id='word_1_367' title='bbox 986 2681 1188 2730; x_wconf 75' lang='lat' dir='ltr'><strong>lleilighen</strong></span> <span class='ocrx_word' id='word_1_368' title='bbox 1199 2684 1487 2732; x_wconf 73' lang='lat' dir='ltr'><strong>opghedroncren</strong></span> <span class='ocrx_word' id='word_1_369' title='bbox 1500 2684 1720 2732; x_wconf 78' lang='lat' dir='ltr'><strong>wurde,(18)</strong></span> 
     </span>
    </p>
   </div>
   <div class='ocr_carea' id='block_1_9' title="bbox 989 2715 1726 2798">
    <p class='ocr_par' dir='ltr' id='par_1_10' title="bbox 989 2715 1726 2798">
     <span class='ocr_line' id='line_1_75' title="bbox 989 2715 1726 2798; baseline 0.007 -18"><span class='ocrx_word' id='word_1_370' title='bbox 989 2745 1100 2781; x_wconf 77' lang='lat' dir='ltr'><strong>welek</strong></span> <span class='ocrx_word' id='word_1_371' title='bbox 1140 2747 1323 2784; x_wconf 81' lang='lat' dir='ltr'><strong>nochtans</strong></span> <span class='ocrx_word' id='word_1_372' title='bbox 1361 2715 1439 2785; x_wconf 60' lang='grc' dir='ltr'><strong>11181ἶ</strong></span> <span class='ocrx_word' id='word_1_373' title='bbox 1473 2748 1654 2798; x_wconf 83' lang='lat' dir='ltr'><strong>ghemeyn</strong></span> <span class='ocrx_word' id='word_1_374' title='bbox 1681 2748 1726 2794; x_wconf 86' lang='lat' dir='ltr'><strong>is,</strong></span> 
     </span>
    </p>
   </div>
   <div class='ocr_carea' id='block_1_10' title="bbox 1007 2885 1232 2922">
    <p class='ocr_par' dir='ltr' id='par_1_11' title="bbox 1007 2885 1232 2922">
     <span class='ocr_line' id='line_1_76' title="bbox 1007 2885 1232 2922; baseline 0.009 -8"><span class='ocrx_word' id='word_1_375' title='bbox 1007 2885 1032 2922; x_wconf 47' lang='grc' dir='ltr'><strong>ὁ)</strong></span> <span class='ocrx_word' id='word_1_376' title='bbox 1057 2885 1117 2915; x_wconf 66' lang='lat' dir='ltr'><strong>lesa</strong></span> <span class='ocrx_word' id='word_1_377' title='bbox 1140 2887 1178 2916; x_wconf 59' lang='lat' dir='ltr'><strong>is</strong></span> <span class='ocrx_word' id='word_1_378' title='bbox 1203 2885 1232 2920; x_wconf 81' lang='lat' dir='ltr'><strong>b,</strong></span> 
     </span>
    </p>
   </div>
  </div>
 </body>
</html>
