1818 3178
771 129 829 157 ΕΡ.
859 129 1004 157 noc'rn.
1579 124 1652 159 509

127 238 193 289 qui
227 237 340 276 modo
377 239 480 287 septa
515 236 616 274 illius
655 249 732 275 non
765 237 1021 284 transcendat,
1056 237 1305 276 condemnare
1331 238 1491 289 amplius
1519 243 1655 290 potest.

127 303 261 354 Neque
287 313 375 340 vero
402 300 569 338 tollimus
596 300 682 339 idco
718 301 878 350 originis
905 307 1111 353 peccatum,
1138 302 1239 352 quod
1267 302 1315 339 ab
1343 302 1554 340 infantibus
1582 316 1654 340 no-

127 367 216 405 stris
252 364 490 404 excludimus
520 365 884 406 condemnationem.
938 366 1115 404 Fatemur
1143 367 1243 404 enim
1271 379 1341 404 nos
1370 367 1474 405 nasci
1501 374 1537 405 et
1565 381 1657 405 con-

127 432 200 482 cipi
225 431 265 468 in
293 430 434 481 peccati
462 430 653 477 servitute,
681 444 775 482 quae
802 430 913 469 nobis
941 435 1072 469 natura
1100 442 1166 469 sua
1193 445 1254 469 eas
1282 431 1449 470 offundat
1467 433 1653 479 tenebras,

125 499 166 531 ut
201 494 387 545 percipere
423 507 467 531 ex
503 494 613 531 nobis
649 494 741 545 ipsis
778 507 855 532 nou
892 494 1078 545 possimus
1112 508 1208 545 quae
1244 499 1330 533 sunt
1368 496 1451 540 Dei,
1487 501 1523 535 et
1549 497 1657 535 utin

125 571 235 596 omne
269 562 503 608 peccatorum
541 571 660 606 genus
694 558 811 595 animi
840 559 960 596 nostri
987 558 1236 596 inclinatione
1262 561 1573 610 propcndeamus,
1600 565 1657 598 at-

125 634 198 672 que
241 621 334 658 adeo
370 621 409 658 in
447 622 551 658 omni
588 625 716 659 nostro
753 635 862 672 opere
897 616 1010 659 etiam
1045 622 1223 672 omnique
1258 628 1387 660 nostra
1430 624 1659 673 cogitatione

125 695 333 736 peccemus.
388 685 561 723 Ceterum
597 686 636 722 in
665 698 707 722 ea
734 684 814 736 ipsa
843 689 920 722 tam
950 684 1126 722 horribili
1152 685 1294 736 peccati
1331 687 1510 725 servitute
1547 687 1659 725 ‹loce-

125 760 208 787 mus
246 749 452 787 contritum
488 762 568 787 csse
594 762 660 800 per
688 749 895 794 Christum,
933 750 981 787 ab
1008 749 1090 800 ipso
1117 762 1206 787 mox
1234 751 1476 801 pontificatus
1504 753 1562 789 sui
1588 752 1660 789 ini-

123 813 193 857 tio,
226 817 348 850 totum
387 813 570 863 serpentis
608 817 717 863 caput
752 813 858 850 iuxta
886 813 1187 864 promissionem,
1215 814 1287 851 hoc
1315 819 1383 860 est,
1411 828 1559 853 omnem
1590 817 1660 853 Sa-

124 878 262 915 thanae
288 877 506 928 potentiam,
544 890 618 927 qua
653 878 717 915 ille
746 877 932 915 Adamum
961 890 1045 915 cum
1071 878 1247 916 universa
1275 878 1353 916 eius
1381 881 1560 930 progenie
1588 880 1659 918 sub

125 945 321 992 peccatum
350 941 563 978 venundata
590 941 636 978 ad
666 955 753 978 suae
779 941 957 990 imaginis
986 941 1271 980 similitudinem
1294 941 1526 994 mortemque
1543 949 1661 982 aeter-

125 1018 212 1042 nam
240 1004 470 1055 impellebat.
507 1004 632 1053 Igitur
659 1005 759 1055 quod
788 1004 837 1042 ad
865 1005 987 1042 nostri
1015 1006 1270 1054 cognitionem
1299 1019 1344 1044 ex
1372 1007 1544 1045 doctrina
1572 1021 1661 1059 pro-

124 1069 347 1106 missionum
387 1068 535 1114 attinet,
570 1081 651 1106 eam
686 1082 731 1107 ex
768 1069 833 1106 illa
869 1069 992 1108 nostri
1025 1070 1227 1119 imaginem
1266 1083 1526 1120 agnoscemus,
1560 1073 1660 1123 quod

126 1134 190 1184 qui
216 1147 281 1184 per
311 1133 417 1171 Adae
445 1138 641 1184 peccatum
670 1134 717 1171 ad
746 1138 903 1172 mortem
933 1146 1061 1172 omnes
1087 1135 1375 1183 generabamur,
1403 1149 1503 1174 nunc
1531 1150 1661 1175 omnes

123 1212 190 1249 per
219 1199 412 1236 Christum
441 1199 555 1237 etiam
584 1198 630 1236 ad
660 1198 774 1236 vitam
802 1212 932 1236 rursus
960 1211 1237 1247 regeneramur.
1267 1200 1313 1238 In
1331 1201 1414 1238 Ada
1434 1206 1664 1252 peccatores,

123 1264 164 1301 in
201 1263 351 1301 Christo
388 1264 507 1300 sancti
544 1276 685 1301 sumus.
739 1263 788 1300 In
824 1263 908 1300 Ada
943 1263 1155 1301 ferebamur
1191 1264 1229 1302 in
1267 1270 1426 1302 mortem
1467 1271 1658 1305 aeternam

124 1342 255 1366 omnes
300 1328 509 1366 venundati
546 1328 614 1366 sub
660 1331 866 1378 peccatum,
902 1341 1004 1365 nunc
1040 1341 1061 1365 a
1096 1329 1289 1368 servitutis
1326 1343 1426 1368 noxa
1462 1332 1567 1369 omni
1593 1345 1658 1383 per

124 1392 319 1430 Christum
355 1391 516 1434 liberati,
552 1403 629 1428 non
667 1390 826 1441 amplius
862 1390 1058 1434 morimur,
1091 1396 1357 1443 praeterquam
1385 1393 1416 1431 si
1445 1398 1658 1445 contempto

121 1456 224 1493 illius
254 1455 433 1493 beneficio
461 1468 531 1493 nos
557 1454 631 1505 ipsi
656 1454 756 1492 ultro
785 1454 974 1492 Sathanae
1001 1454 1262 1505 adiungamus,
1288 1457 1365 1494 imo
1394 1471 1479 1495 vero
1509 1459 1660 1510 corpori

124 1520 264 1558 Christi
300 1520 374 1557 iam
408 1519 546 1557 inclusi
581 1532 658 1557 non
693 1519 734 1557 in
769 1520 880 1557 terris
918 1533 1107 1558 versamur
1143 1521 1315 1572 amplius,
1345 1523 1408 1560 sed
1436 1523 1476 1560 in
1505 1523 1659 1561 coelesti

123 1585 248 1636 potius
283 1585 404 1634 gloria
441 1585 488 1622 ad
524 1584 642 1635 patris
678 1584 849 1622 coelestis
886 1584 1078 1622 dexteram
1119 1598 1204 1622 cum
1230 1587 1297 1623 illo
1326 1587 1542 1634 residemus,
1571 1589 1662 1626 certi

123 1662 292 1686 veracem
327 1662 419 1695 esse,
455 1649 520 1700 qui
557 1662 596 1686 se
634 1661 784 1686 omnem
821 1662 925 1686 suam
961 1649 1125 1698 gloriam
1165 1650 1277 1688 nobis
1314 1650 1464 1690 dedisse
1488 1657 1663 1699 testatur,

124 1725 387 1764 quamcunque
422 1712 578 1763 ipsemet
614 1726 634 1750 a
669 1717 776 1764 patre
804 1726 870 1750 suo
899 1713 1022 1751 factus
1051 1713 1164 1751 homo
1192 1714 1407 1765 accepisset.
1460 1716 1544 1753 Iam
1571 1730 1659 1754 vero

124 1773 352 1811 ineffabilem
379 1773 476 1810 hanc
504 1772 575 1810 Dei
601 1772 642 1810 in
671 1785 741 1810 nos
767 1767 1066 1814 niisericordiam
1094 1787 1160 1824 per
1188 1773 1384 1812 Christum
1411 1775 1523 1813 nobis
1551 1776 1659 1814 obla-

126 1844 215 1883 tam.
242 1838 315 1876 fide
342 1837 572 1889 apprehendi
599 1842 748 1888 oportet
777 1837 823 1875 ab
851 1837 911 1884 iis,
938 1838 1004 1888 qui
1038 1851 1106 1889 pro
1142 1843 1264 1877 aetate
1291 1839 1379 1878 fidei
1404 1840 1480 1879 iam
1509 1854 1661 1893 capaces

122 1908 326 1953 utcumque
363 1915 443 1940 esse
470 1905 641 1953 possunt.
694 1902 745 1940 Et
772 1901 951 1952 quoniam
979 1901 1024 1939 de
1051 1902 1124 1940 fide
1152 1916 1303 1954 quoque
1329 1904 1430 1942 varia
1458 1905 1612 1943 docetur
1639 1919 1661 1943 a

124 1966 265 2011 multis,
302 1979 371 2004 nos
399 1978 547 2017 quoque
575 1979 698 2004 veram
727 1965 771 2004 de
797 1965 872 2004 fide
900 1965 1110 2004 doctrinam
1138 1967 1330 2006 Ecclesiae
1357 1973 1507 2007 nostrae
1532 1969 1659 2008 trade-

124 2044 224 2070 mus·

730 2096 745 2145 ᾗ
774 2097 836 2135 12.
891 2096 951 2133 De
967 2095 1064 2146 fide.

176 2223 233 2261 De
268 2223 342 2262 fide
375 2223 486 2261 multi
520 2223 640 2261 multa
678 2223 883 2275 disputant.
937 2226 1020 2263 Nos
1047 2239 1125 2264 rem
1154 2227 1283 2278 paucis
1313 2232 1350 2265 et
1376 2242 1488 2279 quam
1516 2229 1661 2282 simpli-

121 2288 275 2326 cissime
309 2288 563 2338 expediemus.
617 2288 755 2326 Paulus
792 2289 901 2327 docet
937 2291 1050 2328 fidem
1088 2304 1168 2329 esse
1206 2292 1347 2330 donum
1384 2293 1455 2331 Dei
1481 2294 1662 2347 gignique

117 2353 166 2391 ‘in
208 2353 320 2391 nobis
357 2357 488 2391 autore
526 2353 666 2404 Spiritu
706 2355 843 2391 Sancto
881 2355 945 2392 ubi
973 2356 1127 2393 verbum
1166 2356 1235 2394 Dei
1273 2358 1499 2398 audivimus.
1553 2360 1660 2399 Haec

126 2430 197 2454 nos
230 2417 433 2454 admonent
469 2430 545 2454 non
582 2417 755 2468 protinus
792 2418 903 2456 fidem
939 2432 1033 2466 esse,
1059 2420 1246 2471 quidquid
1274 2422 1384 2460 nobis
1412 2424 1457 2461 de
1484 2424 1564 2462 Deo
1592 2439 1660 2476 pro

126 2485 238 2533 captu
276 2482 422 2530 ingenii
461 2482 584 2519 nostri
618 2482 901 2533 persuademus,
938 2484 1002 2522 sed
1038 2498 1133 2536 quae
1169 2499 1255 2524 vera
1282 2487 1375 2526 fides
1404 2489 1563 2527 dicenda
1590 2495 1660 2534 est.

127 2560 208 2584 eam
235 2550 366 2584 autore
393 2545 473 2583 Deo
500 2545 541 2583 in
568 2545 704 2584 animis
733 2547 873 2585 nostris
900 2548 1009 2597 gigni
1037 2553 1220 2600 oportere,
1247 2551 1360 2602 idque
1385 2566 1451 2603 per
1479 2554 1657 2604 Spiritum

129 2613 321 2655 Sanctum,
355 2624 402 2648 ne
429 2610 490 2648 hic
518 2623 587 2648 nos
615 2624 636 2648 a
665 2611 861 2662 spiritibus
897 2613 1170 2663 impostoribus
1199 2615 1280 2652 falli
1306 2617 1503 2667 patiamur,
1531 2619 1595 2668 qui
1622 2633 1661 2656 se

129 2689 206 2713 non
233 2688 317 2713 raro
347 2675 501 2723 angelos
528 2674 624 2713 lucis
652 2688 732 2714 esse
759 2676 969 2714 assimilant
996 2677 1148 2728 suisque
1175 2679 1304 2718 divina
1331 2686 1564 2732 praetexunt.
1609 2686 1660 2721 At

127 2754 214 2777 vero
252 2740 414 2791 Spiritus
452 2741 611 2778 Sanctus
646 2754 724 2778 non
761 2740 882 2783 docet.
918 2742 993 2780 nisi
1020 2756 1115 2793 quae
1142 2747 1177 2782 et
1205 2745 1379 2784 Christus
1407 2747 1548 2786 docuit.
1602 2748 1658 2786 De

127 2819 221 2851 me0,
257 2805 394 2856 inquit,
429 2805 597 2856 accipiet.
650 2806 742 2843 Ideo
769 2806 816 2843 ab
846 2807 904 2844 his
931 2820 1026 2858 quae
1054 2809 1228 2848 Christus
1257 2810 1383 2849 docuit
1409 2811 1501 2849 fides
1529 2817 1658 2851 nostra

126 2869 275 2908 initium
303 2875 414 2921 atque
440 2870 625 2919 originem
654 2883 756 2908 suam
787 2870 921 2909 ducere
948 2871 1070 2911 debet.
1125 2872 1278 2912 Excitat
1306 2875 1483 2913 nimirum
1511 2876 1657 2914 animos
