<?xml version="1.0" encoding="UTF-8"?>
<!DOCTYPE html PUBLIC "-//W3C//DTD XHTML 1.0 Transitional//EN"
    "http://www.w3.org/TR/xhtml1/DTD/xhtml1-transitional.dtd">
<html xmlns="http://www.w3.org/1999/xhtml" xml:lang="en" lang="en">
 <head>
  <title>
</title>
<meta http-equiv="Content-Type" content="text/html;charset=utf-8" />
  <meta name='ocr-system' content='tesseract 3.04.00' />
  <meta name='ocr-capabilities' content='ocr_page ocr_carea ocr_par ocr_line ocrx_word'/>
</head>
<body>
  <div class='ocr_page' id='page_1' title='image "./operatameditaqua01lask_0673.png"; bbox 0 0 1818 3178; ppageno 0'>
   <div class='ocr_carea' id='block_1_1' title="bbox 731 65 1619 114">
    <p class='ocr_par' dir='ltr' id='par_1_1' title="bbox 731 65 1619 114">
     <span class='ocr_line' id='line_1_1' title="bbox 731 65 1619 114; baseline -0.015 -1"><span class='ocrx_word' id='word_1_1' title='bbox 731 86 793 114; x_wconf 78' lang='grc' dir='ltr'>ΕΡ.</span> <span class='ocrx_word' id='word_1_2' title='bbox 824 84 970 112; x_wconf 73' lang='lat' dir='ltr'>noc&#39;rn.</span> <span class='ocrx_word' id='word_1_3' title='bbox 1547 65 1619 102; x_wconf 83' lang='lat'>545</span> 
     </span>
    </p>
   </div>
   <div class='ocr_carea' id='block_1_2' title="bbox 88 177 1641 2940">
    <p class='ocr_par' dir='ltr' id='par_1_2' title="bbox 88 177 1641 2940">
     <span class='ocr_line' id='line_1_2' title="bbox 88 177 1619 240; baseline -0.008 -13"><span class='ocrx_word' id='word_1_4' title='bbox 88 189 228 228; x_wconf 88' lang='lat' dir='ltr'>servari</span> <span class='ocrx_word' id='word_1_5' title='bbox 257 202 334 228; x_wconf 90' lang='lat' dir='ltr'>non</span> <span class='ocrx_word' id='word_1_6' title='bbox 362 201 574 240; x_wconf 89' lang='lat' dir='ltr'>possumus.</span> <span class='ocrx_word' id='word_1_7' title='bbox 605 189 704 226; x_wconf 85' lang='lat' dir='ltr'>Ante</span> <span class='ocrx_word' id='word_1_8' title='bbox 731 190 945 238; x_wconf 71' lang='grc' dir='ltr'><strong><em>μετάνοιαν</em></strong></span> <span class='ocrx_word' id='word_1_9' title='bbox 973 197 1036 223; x_wconf 85' lang='lat' dir='ltr'>seu</span> <span class='ocrx_word' id='word_1_10' title='bbox 1064 183 1203 222; x_wconf 90' lang='lat' dir='ltr'>mentis</span> <span class='ocrx_word' id='word_1_11' title='bbox 1230 184 1379 219; x_wconf 82' lang='lat' dir='ltr'>nostrae</span> <span class='ocrx_word' id='word_1_12' title='bbox 1405 177 1619 216; x_wconf 86' lang='lat' dir='ltr'>innovatio-</span> 
     </span>
     <span class='ocr_line' id='line_1_3' title="bbox 89 241 1620 302; baseline -0.009 -9"><span class='ocrx_word' id='word_1_13' title='bbox 89 266 174 293; x_wconf 89' lang='lat' dir='ltr'>nem</span> <span class='ocrx_word' id='word_1_14' title='bbox 203 266 407 293; x_wconf 82' lang='lat' dir='ltr'><strong>servamur.</strong></span> <span class='ocrx_word' id='word_1_15' title='bbox 459 252 563 302; x_wconf 89' lang='lat' dir='ltr'>Ergo</span> <span class='ocrx_word' id='word_1_16' title='bbox 590 257 627 290; x_wconf 92' lang='lat' dir='ltr'>et</span> <span class='ocrx_word' id='word_1_17' title='bbox 654 251 757 290; x_wconf 85' lang='lat' dir='ltr'>aliud</span> <span class='ocrx_word' id='word_1_18' title='bbox 783 255 839 289; x_wconf 88' lang='lat' dir='ltr'>est</span> <span class='ocrx_word' id='word_1_19' title='bbox 866 248 1099 299; x_wconf 81' lang='lat' dir='ltr'>regeneratio</span> <span class='ocrx_word' id='word_1_20' title='bbox 1127 246 1249 285; x_wconf 80' lang='lat' dir='ltr'>nostri</span> <span class='ocrx_word' id='word_1_21' title='bbox 1275 258 1386 296; x_wconf 81' lang='lat' dir='ltr'>quam</span> <span class='ocrx_word' id='word_1_22' title='bbox 1426 241 1620 281; x_wconf 87' lang='lat' dir='ltr'>renovatio</span> 
     </span>
     <span class='ocr_line' id='line_1_4' title="bbox 90 306 1621 369; baseline -0.009 -13"><span class='ocrx_word' id='word_1_23' title='bbox 90 323 126 356; x_wconf 86' lang='lat' dir='ltr'>et</span> <span class='ocrx_word' id='word_1_24' title='bbox 154 322 210 356; x_wconf 91' lang='lat' dir='ltr'>est</span> <span class='ocrx_word' id='word_1_25' title='bbox 236 317 338 369; x_wconf 91' lang='lat' dir='ltr'>prior</span> <span class='ocrx_word' id='word_1_26' title='bbox 366 316 628 356; x_wconf 81' lang='lat' dir='ltr'>renovatione.</span> <span class='ocrx_word' id='word_1_27' title='bbox 678 315 862 355; x_wconf 84' lang='lat' dir='ltr'>Maiorem</span> <span class='ocrx_word' id='word_1_28' title='bbox 889 313 998 351; x_wconf 86' lang='lat' dir='ltr'>efficit</span> <span class='ocrx_word' id='word_1_29' title='bbox 1024 312 1126 364; x_wconf 90' lang='lat' dir='ltr'>prior</span> <span class='ocrx_word' id='word_1_30' title='bbox 1160 307 1452 360; x_wconf 79' lang='lat' dir='ltr'><strong>argumentatio.</strong></span> <span class='ocrx_word' id='word_1_31' title='bbox 1496 306 1621 344; x_wconf 91' lang='lat' dir='ltr'>Mino-</span> 
     </span>
     <span class='ocr_line' id='line_1_5' title="bbox 89 373 1621 432; baseline -0.007 -13"><span class='ocrx_word' id='word_1_32' title='bbox 89 394 167 419; x_wconf 86' lang='lat' dir='ltr'>rem</span> <span class='ocrx_word' id='word_1_33' title='bbox 208 380 343 432; x_wconf 86' lang='lat' dir='ltr'>probat</span> <span class='ocrx_word' id='word_1_34' title='bbox 379 380 507 418; x_wconf 84' lang='lat' dir='ltr'>divina</span> <span class='ocrx_word' id='word_1_35' title='bbox 541 380 739 432; x_wconf 87' lang='lat' dir='ltr'>promissio</span> <span class='ocrx_word' id='word_1_36' title='bbox 777 379 934 417; x_wconf 87' lang='lat' dir='ltr'>salutem</span> <span class='ocrx_word' id='word_1_37' title='bbox 970 379 1138 415; x_wconf 83' lang='lat' dir='ltr'>deserens</span> <span class='ocrx_word' id='word_1_38' title='bbox 1174 374 1398 419; x_wconf 84' lang='lat' dir='ltr'>infantibus,</span> <span class='ocrx_word' id='word_1_39' title='bbox 1423 373 1560 424; x_wconf 87' lang='lat' dir='ltr'>probat</span> <span class='ocrx_word' id='word_1_40' title='bbox 1585 374 1621 409; x_wconf 83' lang='lat' dir='ltr'>et</span> 
     </span>
     <span class='ocr_line' id='line_1_6' title="bbox 91 437 1621 495; baseline -0.007 -12"><span class='ocrx_word' id='word_1_41' title='bbox 91 445 264 484; x_wconf 87' lang='lat' dir='ltr'>Christus</span> <span class='ocrx_word' id='word_1_42' title='bbox 300 458 457 495; x_wconf 84' lang='lat' dir='ltr'>regnum</span> <span class='ocrx_word' id='word_1_43' title='bbox 495 446 682 484; x_wconf 89' lang='lat' dir='ltr'>coelorum</span> <span class='ocrx_word' id='word_1_44' title='bbox 719 444 796 482; x_wconf 85' lang='lat' dir='ltr'>illis</span> <span class='ocrx_word' id='word_1_45' title='bbox 833 443 1038 486; x_wconf 84' lang='lat' dir='ltr'>ascribens,</span> <span class='ocrx_word' id='word_1_46' title='bbox 1075 443 1160 479; x_wconf 84' lang='lat' dir='ltr'>eum</span> <span class='ocrx_word' id='word_1_47' title='bbox 1197 444 1337 478; x_wconf 88' lang='lat' dir='ltr'>certum</span> <span class='ocrx_word' id='word_1_48' title='bbox 1373 438 1435 482; x_wconf 86' lang='lat' dir='ltr'>sit,</span> <span class='ocrx_word' id='word_1_49' title='bbox 1459 437 1547 475; x_wconf 89' lang='lat' dir='ltr'>illos</span> <span class='ocrx_word' id='word_1_50' title='bbox 1574 449 1621 474; x_wconf 90' lang='lat' dir='ltr'>ne</span> 
     </span>
     <span class='ocr_line' id='line_1_7' title="bbox 89 503 1622 560; baseline -0.005 -14"><span class='ocrx_word' id='word_1_51' title='bbox 89 508 165 546; x_wconf 86' lang='lat' dir='ltr'>vim</span> <span class='ocrx_word' id='word_1_52' title='bbox 200 508 352 559; x_wconf 87' lang='lat' dir='ltr'>quidem</span> <span class='ocrx_word' id='word_1_53' title='bbox 390 509 526 547; x_wconf 90' lang='lat' dir='ltr'>mentis</span> <span class='ocrx_word' id='word_1_54' title='bbox 563 510 679 548; x_wconf 90' lang='lat' dir='ltr'>ullam</span> <span class='ocrx_word' id='word_1_55' title='bbox 714 507 824 560; x_wconf 83' lang='lat' dir='ltr'>posse</span> <span class='ocrx_word' id='word_1_56' title='bbox 850 520 1034 553; x_wconf 83' lang='lat' dir='ltr'>exercere,</span> <span class='ocrx_word' id='word_1_57' title='bbox 1061 505 1200 544; x_wconf 91' lang='lat' dir='ltr'>nedum</span> <span class='ocrx_word' id='word_1_58' title='bbox 1226 509 1267 543; x_wconf 87' lang='lat' dir='ltr'>ut</span> <span class='ocrx_word' id='word_1_59' title='bbox 1293 504 1398 542; x_wconf 87' lang='lat' dir='ltr'>illam</span> <span class='ocrx_word' id='word_1_60' title='bbox 1425 503 1622 540; x_wconf 86' lang='lat' dir='ltr'>immutare</span> 
     </span>
     <span class='ocr_line' id='line_1_8' title="bbox 89 567 1620 625; baseline -0.005 -15"><span class='ocrx_word' id='word_1_61' title='bbox 89 578 242 624; x_wconf 84' lang='lat' dir='ltr'><strong>queant.</strong></span> <span class='ocrx_word' id='word_1_62' title='bbox 297 574 540 625; x_wconf 84' lang='lat' dir='ltr'>Perspicuum</span> <span class='ocrx_word' id='word_1_63' title='bbox 580 580 636 612; x_wconf 90' lang='lat' dir='ltr'>est</span> <span class='ocrx_word' id='word_1_64' title='bbox 663 574 778 623; x_wconf 87' lang='lat' dir='ltr'>igitur</span> <span class='ocrx_word' id='word_1_65' title='bbox 805 573 907 611; x_wconf 91' lang='lat' dir='ltr'>aliud</span> <span class='ocrx_word' id='word_1_66' title='bbox 935 585 1015 610; x_wconf 88' lang='lat' dir='ltr'>esse</span> <span class='ocrx_word' id='word_1_67' title='bbox 1041 570 1375 620; x_wconf 86' lang='lat' dir='ltr'>regenerationem,</span> <span class='ocrx_word' id='word_1_68' title='bbox 1402 567 1505 605; x_wconf 85' lang='lat' dir='ltr'>aliud</span> <span class='ocrx_word' id='word_1_69' title='bbox 1534 579 1620 605; x_wconf 89' lang='lat' dir='ltr'>vero</span> 
     </span>
     <span class='ocr_line' id='line_1_9' title="bbox 89 634 1622 690; baseline -0.004 -15"><span class='ocrx_word' id='word_1_70' title='bbox 89 638 385 678; x_wconf 79' lang='lat' dir='ltr'>renovationem.</span> <span class='ocrx_word' id='word_1_71' title='bbox 440 639 572 690; x_wconf 89' lang='lat' dir='ltr'>Neque</span> <span class='ocrx_word' id='word_1_72' title='bbox 611 652 698 677; x_wconf 88' lang='lat' dir='ltr'>vero</span> <span class='ocrx_word' id='word_1_73' title='bbox 726 639 876 676; x_wconf 83' lang='lat' dir='ltr'>facilius</span> <span class='ocrx_word' id='word_1_74' title='bbox 905 650 1025 688; x_wconf 88' lang='lat' dir='ltr'>neque</span> <span class='ocrx_word' id='word_1_75' title='bbox 1051 637 1141 674; x_wconf 84' lang='lat' dir='ltr'>item</span> <span class='ocrx_word' id='word_1_76' title='bbox 1170 635 1293 673; x_wconf 87' lang='lat' dir='ltr'>verius</span> <span class='ocrx_word' id='word_1_77' title='bbox 1321 634 1433 672; x_wconf 86' lang='lat' dir='ltr'>etiam</span> <span class='ocrx_word' id='word_1_78' title='bbox 1467 644 1622 681; x_wconf 87' lang='lat' dir='ltr'>regene-</span> 
     </span>
     <span class='ocr_line' id='line_1_10' title="bbox 91 695 1624 756; baseline -0.006 -14"><span class='ocrx_word' id='word_1_79' title='bbox 91 704 250 742; x_wconf 84' lang='lat' dir='ltr'>rationis</span> <span class='ocrx_word' id='word_1_80' title='bbox 279 710 432 743; x_wconf 83' lang='lat' dir='ltr'>nostrae</span> <span class='ocrx_word' id='word_1_81' title='bbox 461 710 635 743; x_wconf 85' lang='lat' dir='ltr'>naturam</span> <span class='ocrx_word' id='word_1_82' title='bbox 664 704 852 756; x_wconf 83' lang='lat' dir='ltr'>percipere</span> <span class='ocrx_word' id='word_1_83' title='bbox 880 714 1089 754; x_wconf 87' lang='lat' dir='ltr'>possumus,</span> <span class='ocrx_word' id='word_1_84' title='bbox 1118 713 1229 751; x_wconf 88' lang='lat' dir='ltr'>quam</span> <span class='ocrx_word' id='word_1_85' title='bbox 1257 699 1289 737; x_wconf 90' lang='lat' dir='ltr'>si</span> <span class='ocrx_word' id='word_1_86' title='bbox 1315 698 1474 749; x_wconf 86' lang='lat' dir='ltr'>priorem</span> <span class='ocrx_word' id='word_1_87' title='bbox 1503 695 1624 734; x_wconf 85' lang='lat' dir='ltr'>nostri</span> 
     </span>
     <span class='ocr_line' id='line_1_11' title="bbox 91 761 1622 821; baseline -0.007 -14"><span class='ocrx_word' id='word_1_88' title='bbox 91 769 375 819; x_wconf 86' lang='lat' dir='ltr'>generationem</span> <span class='ocrx_word' id='word_1_89' title='bbox 412 769 567 821; x_wconf 90' lang='lat' dir='ltr'>propius</span> <span class='ocrx_word' id='word_1_90' title='bbox 594 769 820 811; x_wconf 87' lang='lat' dir='ltr'>intueamur,</span> <span class='ocrx_word' id='word_1_91' title='bbox 847 781 891 805; x_wconf 88' lang='lat' dir='ltr'>ac</span> <span class='ocrx_word' id='word_1_92' title='bbox 919 767 1068 805; x_wconf 89' lang='lat' dir='ltr'>demum</span> <span class='ocrx_word' id='word_1_93' title='bbox 1096 764 1198 816; x_wconf 88' lang='lat' dir='ltr'>quod</span> <span class='ocrx_word' id='word_1_94' title='bbox 1225 764 1284 801; x_wconf 90' lang='lat' dir='ltr'>illi</span> <span class='ocrx_word' id='word_1_95' title='bbox 1312 761 1540 800; x_wconf 88' lang='lat' dir='ltr'>contrarium</span> <span class='ocrx_word' id='word_1_96' title='bbox 1566 763 1622 798; x_wconf 84' lang='lat' dir='ltr'>est</span> 
     </span>
     <span class='ocr_line' id='line_1_12' title="bbox 90 823 1623 882; baseline -0.007 -12"><span class='ocrx_word' id='word_1_97' title='bbox 90 832 139 870; x_wconf 84' lang='lat' dir='ltr'>ad</span> <span class='ocrx_word' id='word_1_98' title='bbox 184 833 507 882; x_wconf 82' lang='lat' dir='ltr'>regenerationem</span> <span class='ocrx_word' id='word_1_99' title='bbox 555 833 773 870; x_wconf 85' lang='lat' dir='ltr'>referamus.</span> <span class='ocrx_word' id='word_1_100' title='bbox 828 832 896 869; x_wconf 88' lang='lat' dir='ltr'>Est</span> <span class='ocrx_word' id='word_1_101' title='bbox 942 835 1066 869; x_wconf 85' lang='lat' dir='ltr'>autem</span> <span class='ocrx_word' id='word_1_102' title='bbox 1111 829 1214 880; x_wconf 87' lang='lat' dir='ltr'>prior</span> <span class='ocrx_word' id='word_1_103' title='bbox 1251 826 1372 865; x_wconf 87' lang='lat' dir='ltr'>nostri</span> <span class='ocrx_word' id='word_1_104' title='bbox 1416 823 1623 875; x_wconf 82' lang='lat' dir='ltr'>generatiO,</span> 
     </span>
     <span class='ocr_line' id='line_1_13' title="bbox 93 887 1621 947; baseline -0.007 -12"><span class='ocrx_word' id='word_1_105' title='bbox 93 897 411 947; x_wconf 86' lang='lat' dir='ltr'>quemadmodum</span> <span class='ocrx_word' id='word_1_106' title='bbox 456 910 502 935; x_wconf 85' lang='lat' dir='ltr'>ex</span> <span class='ocrx_word' id='word_1_107' title='bbox 538 897 655 935; x_wconf 86' lang='lat' dir='ltr'>Paulo</span> <span class='ocrx_word' id='word_1_108' title='bbox 693 896 903 939; x_wconf 83' lang='lat' dir='ltr'>docuimus,</span> <span class='ocrx_word' id='word_1_109' title='bbox 939 908 981 932; x_wconf 83' lang='lat' dir='ltr'>ea</span> <span class='ocrx_word' id='word_1_110' title='bbox 1016 893 1183 931; x_wconf 86' lang='lat' dir='ltr'>omnium</span> <span class='ocrx_word' id='word_1_111' title='bbox 1220 891 1415 929; x_wconf 88' lang='lat' dir='ltr'>hominum</span> <span class='ocrx_word' id='word_1_112' title='bbox 1453 887 1621 926; x_wconf 88' lang='lat' dir='ltr'>conditio</span> 
     </span>
     <span class='ocr_line' id='line_1_14' title="bbox 92 954 1621 1012; baseline -0.007 -12"><span class='ocrx_word' id='word_1_113' title='bbox 92 974 166 1012; x_wconf 86' lang='lat' dir='ltr'>qua</span> <span class='ocrx_word' id='word_1_114' title='bbox 203 961 272 999; x_wconf 89' lang='lat' dir='ltr'>sub</span> <span class='ocrx_word' id='word_1_115' title='bbox 310 966 506 1012; x_wconf 87' lang='lat' dir='ltr'>peccatum</span> <span class='ocrx_word' id='word_1_116' title='bbox 541 974 585 999; x_wconf 90' lang='lat' dir='ltr'>ac</span> <span class='ocrx_word' id='word_1_117' title='bbox 620 966 781 999; x_wconf 90' lang='lat' dir='ltr'>mortem</span> <span class='ocrx_word' id='word_1_118' title='bbox 819 959 1000 1005; x_wconf 89' lang='lat' dir='ltr'>conclusi,</span> <span class='ocrx_word' id='word_1_119' title='bbox 1027 958 1082 996; x_wconf 90' lang='lat' dir='ltr'>rei</span> <span class='ocrx_word' id='word_1_120' title='bbox 1109 970 1238 996; x_wconf 88' lang='lat' dir='ltr'>sumus</span> <span class='ocrx_word' id='word_1_121' title='bbox 1266 961 1437 994; x_wconf 87' lang='lat' dir='ltr'>aeternae</span> <span class='ocrx_word' id='word_1_122' title='bbox 1465 954 1621 991; x_wconf 85' lang='lat' dir='ltr'>damna-</span> 
     </span>
     <span class='ocr_line' id='line_1_15' title="bbox 90 1018 1620 1077; baseline -0.005 -14"><span class='ocrx_word' id='word_1_123' title='bbox 90 1025 219 1070; x_wconf 84' lang='lat' dir='ltr'>tionis,</span> <span class='ocrx_word' id='word_1_124' title='bbox 255 1030 367 1077; x_wconf 83' lang='lat' dir='ltr'>atque</span> <span class='ocrx_word' id='word_1_125' title='bbox 401 1026 494 1064; x_wconf 86' lang='lat' dir='ltr'>adeo</span> <span class='ocrx_word' id='word_1_126' title='bbox 522 1026 563 1064; x_wconf 90' lang='lat' dir='ltr'>in</span> <span class='ocrx_word' id='word_1_127' title='bbox 590 1027 694 1064; x_wconf 88' lang='lat' dir='ltr'>illam</span> <span class='ocrx_word' id='word_1_128' title='bbox 721 1027 832 1077; x_wconf 88' lang='lat' dir='ltr'>plane</span> <span class='ocrx_word' id='word_1_129' title='bbox 858 1025 933 1062; x_wconf 88' lang='lat' dir='ltr'>iam</span> <span class='ocrx_word' id='word_1_130' title='bbox 962 1023 1177 1062; x_wconf 84' lang='lat' dir='ltr'>ferebamur</span> <span class='ocrx_word' id='word_1_131' title='bbox 1204 1034 1346 1065; x_wconf 85' lang='lat' dir='ltr'>omnes,</span> <span class='ocrx_word' id='word_1_132' title='bbox 1373 1019 1447 1058; x_wconf 89' lang='lat' dir='ltr'>nisi</span> <span class='ocrx_word' id='word_1_133' title='bbox 1474 1031 1545 1056; x_wconf 90' lang='lat' dir='ltr'>nos</span> <span class='ocrx_word' id='word_1_134' title='bbox 1563 1018 1620 1055; x_wconf 69' lang='lat' dir='ltr'>‘ab</span> 
     </span>
     <span class='ocr_line' id='line_1_16' title="bbox 89 1081 1622 1141; baseline -0.005 -15"><span class='ocrx_word' id='word_1_135' title='bbox 89 1089 157 1127; x_wconf 92' lang='lat' dir='ltr'>illa</span> <span class='ocrx_word' id='word_1_136' title='bbox 193 1090 295 1128; x_wconf 90' lang='lat' dir='ltr'>Deus</span> <span class='ocrx_word' id='word_1_137' title='bbox 323 1090 429 1128; x_wconf 84' lang='lat' dir='ltr'>iuxta</span> <span class='ocrx_word' id='word_1_138' title='bbox 457 1091 646 1141; x_wconf 84' lang='lat' dir='ltr'>copiosam</span> <span class='ocrx_word' id='word_1_139' title='bbox 675 1089 974 1127; x_wconf 89' lang='lat' dir='ltr'>misericordiam</span> <span class='ocrx_word' id='word_1_140' title='bbox 1002 1101 1106 1125; x_wconf 85' lang='lat' dir='ltr'>suam</span> <span class='ocrx_word' id='word_1_141' title='bbox 1134 1087 1176 1124; x_wconf 91' lang='lat' dir='ltr'>in</span> <span class='ocrx_word' id='word_1_142' title='bbox 1203 1085 1353 1124; x_wconf 87' lang='lat' dir='ltr'>Christo</span> <span class='ocrx_word' id='word_1_143' title='bbox 1382 1083 1547 1121; x_wconf 91' lang='lat' dir='ltr'>Domino</span> <span class='ocrx_word' id='word_1_144' title='bbox 1574 1081 1622 1119; x_wconf 90' lang='lat' dir='ltr'>li-</span> 
     </span>
     <span class='ocr_line' id='line_1_17' title="bbox 92 1147 1621 1204; baseline -0.005 -12"><span class='ocrx_word' id='word_1_145' title='bbox 92 1154 273 1194; x_wconf 87' lang='lat' dir='ltr'>berasset.</span> <span class='ocrx_word' id='word_1_146' title='bbox 328 1154 456 1194; x_wconf 77' lang='lat' dir='ltr'>Quare</span> <span class='ocrx_word' id='word_1_147' title='bbox 493 1159 529 1192; x_wconf 90' lang='lat' dir='ltr'>et</span> <span class='ocrx_word' id='word_1_148' title='bbox 556 1155 791 1204; x_wconf 80' lang='lat' dir='ltr'>regeneratio</span> <span class='ocrx_word' id='word_1_149' title='bbox 819 1153 923 1191; x_wconf 90' lang='lat' dir='ltr'>aliud</span> <span class='ocrx_word' id='word_1_150' title='bbox 951 1152 1102 1204; x_wconf 79' lang='lat' dir='ltr'>proprie</span> <span class='ocrx_word' id='word_1_151' title='bbox 1129 1164 1212 1189; x_wconf 90' lang='lat' dir='ltr'>esse</span> <span class='ocrx_word' id='word_1_152' title='bbox 1240 1163 1318 1188; x_wconf 91' lang='lat' dir='ltr'>non</span> <span class='ocrx_word' id='word_1_153' title='bbox 1344 1153 1481 1200; x_wconf 91' lang='lat' dir='ltr'>potest,</span> <span class='ocrx_word' id='word_1_154' title='bbox 1507 1147 1621 1185; x_wconf 89' lang='lat' dir='ltr'>etiam</span> 
     </span>
     <span class='ocr_line' id='line_1_18' title="bbox 91 1209 1622 1269; baseline -0.006 -14"><span class='ocrx_word' id='word_1_155' title='bbox 91 1217 197 1256; x_wconf 87' lang='lat' dir='ltr'>iuxta</span> <span class='ocrx_word' id='word_1_156' title='bbox 233 1218 352 1269; x_wconf 90' lang='lat' dir='ltr'>ipsam</span> <span class='ocrx_word' id='word_1_157' title='bbox 388 1218 553 1256; x_wconf 91' lang='lat' dir='ltr'>nominis</span> <span class='ocrx_word' id='word_1_158' title='bbox 591 1217 873 1267; x_wconf 70' lang='lat' dir='ltr'>etymologiam,</span> <span class='ocrx_word' id='word_1_159' title='bbox 909 1229 1022 1266; x_wconf 91' lang='lat' dir='ltr'>quam</span> <span class='ocrx_word' id='word_1_160' title='bbox 1058 1213 1194 1266; x_wconf 88' lang='lat' dir='ltr'>prioris</span> <span class='ocrx_word' id='word_1_161' title='bbox 1230 1213 1331 1250; x_wconf 91' lang='lat' dir='ltr'>illius</span> <span class='ocrx_word' id='word_1_162' title='bbox 1368 1209 1622 1261; x_wconf 85' lang='lat' dir='ltr'>generationis</span> 
     </span>
     <span class='ocr_line' id='line_1_19' title="bbox 93 1274 1622 1332; baseline -0.007 -11"><span class='ocrx_word' id='word_1_163' title='bbox 93 1282 349 1327; x_wconf 85' lang='lat' dir='ltr'>commutatio,</span> <span class='ocrx_word' id='word_1_164' title='bbox 376 1282 414 1321; x_wconf 90' lang='lat' dir='ltr'>h.</span> <span class='ocrx_word' id='word_1_165' title='bbox 443 1296 487 1329; x_wconf 90' lang='lat' dir='ltr'>e.‚</span> <span class='ocrx_word' id='word_1_166' title='bbox 515 1296 557 1320; x_wconf 85' lang='lat' dir='ltr'>ea</span> <span class='ocrx_word' id='word_1_167' title='bbox 584 1283 704 1320; x_wconf 86' lang='lat' dir='ltr'>nostri</span> <span class='ocrx_word' id='word_1_168' title='bbox 731 1281 894 1320; x_wconf 88' lang='lat' dir='ltr'>vicissim</span> <span class='ocrx_word' id='word_1_169' title='bbox 923 1293 987 1332; x_wconf 91' lang='lat' dir='ltr'>per</span> <span class='ocrx_word' id='word_1_170' title='bbox 1012 1279 1216 1329; x_wconf 85' lang='lat' dir='ltr'>gratuitam</span> <span class='ocrx_word' id='word_1_171' title='bbox 1235 1277 1306 1315; x_wconf 90' lang='lat' dir='ltr'>Dei</span> <span class='ocrx_word' id='word_1_172' title='bbox 1327 1274 1622 1314; x_wconf 86' lang='lat' dir='ltr'>misericordiam</span> 
     </span>
     <span class='ocr_line' id='line_1_20' title="bbox 93 1339 1622 1397; baseline -0.007 -12"><span class='ocrx_word' id='word_1_173' title='bbox 93 1347 205 1385; x_wconf 88' lang='lat' dir='ltr'>nobis</span> <span class='ocrx_word' id='word_1_174' title='bbox 241 1346 363 1384; x_wconf 90' lang='lat' dir='ltr'>delata</span> <span class='ocrx_word' id='word_1_175' title='bbox 401 1347 582 1392; x_wconf 77' lang='lat' dir='ltr'>conditio,</span> <span class='ocrx_word' id='word_1_176' title='bbox 618 1360 691 1397; x_wconf 88' lang='lat' dir='ltr'>qua</span> <span class='ocrx_word' id='word_1_177' title='bbox 726 1345 840 1384; x_wconf 88' lang='lat' dir='ltr'>morti</span> <span class='ocrx_word' id='word_1_178' title='bbox 873 1344 979 1396; x_wconf 90' lang='lat' dir='ltr'>prius</span> <span class='ocrx_word' id='word_1_179' title='bbox 1017 1349 1191 1382; x_wconf 85' lang='lat' dir='ltr'>aeternae</span> <span class='ocrx_word' id='word_1_180' title='bbox 1229 1341 1387 1379; x_wconf 84' lang='lat' dir='ltr'>obnoxii</span> <span class='ocrx_word' id='word_1_181' title='bbox 1424 1340 1469 1377; x_wconf 85' lang='lat' dir='ltr'>ad</span> <span class='ocrx_word' id='word_1_182' title='bbox 1508 1339 1622 1377; x_wconf 90' lang='lat' dir='ltr'>vitam</span> 
     </span>
     <span class='ocr_line' id='line_1_21' title="bbox 93 1403 1625 1459; baseline -0.007 -9"><span class='ocrx_word' id='word_1_183' title='bbox 93 1424 222 1450; x_wconf 85' lang='lat' dir='ltr'>rursus</span> <span class='ocrx_word' id='word_1_184' title='bbox 250 1410 401 1448; x_wconf 86' lang='lat' dir='ltr'>Christo</span> <span class='ocrx_word' id='word_1_185' title='bbox 428 1410 534 1448; x_wconf 86' lang='lat' dir='ltr'>insiti</span> <span class='ocrx_word' id='word_1_186' title='bbox 560 1410 806 1455; x_wconf 88' lang='lat' dir='ltr'>renascimur,</span> <span class='ocrx_word' id='word_1_187' title='bbox 833 1408 1052 1447; x_wconf 87' lang='lat' dir='ltr'>testimonio</span> <span class='ocrx_word' id='word_1_188' title='bbox 1079 1407 1342 1459; x_wconf 87' lang='lat' dir='ltr'>promissionis</span> <span class='ocrx_word' id='word_1_189' title='bbox 1371 1404 1448 1443; x_wconf 90' lang='lat' dir='ltr'>veri</span> <span class='ocrx_word' id='word_1_190' title='bbox 1466 1403 1625 1441; x_wconf 84' lang='lat' dir='ltr'>viventis</span> 
     </span>
     <span class='ocr_line' id='line_1_22' title="bbox 92 1470 1623 1526; baseline -0.006 -12"><span class='ocrx_word' id='word_1_191' title='bbox 92 1479 129 1514; x_wconf 84' lang='lat' dir='ltr'>et</span> <span class='ocrx_word' id='word_1_192' title='bbox 164 1476 306 1514; x_wconf 85' lang='lat' dir='ltr'>aeterni</span> <span class='ocrx_word' id='word_1_193' title='bbox 342 1475 413 1513; x_wconf 91' lang='lat' dir='ltr'>Dei</span> <span class='ocrx_word' id='word_1_194' title='bbox 448 1475 496 1513; x_wconf 88' lang='lat' dir='ltr'>ad</span> <span class='ocrx_word' id='word_1_195' title='bbox 534 1489 604 1513; x_wconf 91' lang='lat' dir='ltr'>nos</span> <span class='ocrx_word' id='word_1_196' title='bbox 641 1488 705 1526; x_wconf 89' lang='lat' dir='ltr'>per</span> <span class='ocrx_word' id='word_1_197' title='bbox 742 1474 992 1524; x_wconf 85' lang='lat' dir='ltr'>Euangelium</span> <span class='ocrx_word' id='word_1_198' title='bbox 1029 1474 1186 1518; x_wconf 83' lang='lat' dir='ltr'>delatae,</span> <span class='ocrx_word' id='word_1_199' title='bbox 1222 1477 1262 1509; x_wconf 91' lang='lat' dir='ltr'>ut</span> <span class='ocrx_word' id='word_1_200' title='bbox 1289 1471 1382 1509; x_wconf 91' lang='lat' dir='ltr'>certi</span> <span class='ocrx_word' id='word_1_201' title='bbox 1410 1470 1525 1507; x_wconf 91' lang='lat' dir='ltr'>simus</span> <span class='ocrx_word' id='word_1_202' title='bbox 1554 1480 1623 1505; x_wconf 90' lang='lat' dir='ltr'>nos</span> 
     </span>
     <span class='ocr_line' id='line_1_23' title="bbox 94 1532 1624 1590; baseline -0.006 -12"><span class='ocrx_word' id='word_1_203' title='bbox 94 1540 166 1578; x_wconf 82' lang='lat' dir='ltr'>Dei</span> <span class='ocrx_word' id='word_1_204' title='bbox 200 1540 299 1578; x_wconf 88' lang='lat' dir='ltr'>filios</span> <span class='ocrx_word' id='word_1_205' title='bbox 335 1540 410 1577; x_wconf 87' lang='lat' dir='ltr'>iam</span> <span class='ocrx_word' id='word_1_206' title='bbox 444 1553 525 1577; x_wconf 89' lang='lat' dir='ltr'>esse</span> <span class='ocrx_word' id='word_1_207' title='bbox 560 1539 601 1577; x_wconf 90' lang='lat' dir='ltr'>in</span> <span class='ocrx_word' id='word_1_208' title='bbox 639 1539 804 1584; x_wconf 89' lang='lat' dir='ltr'>Christo,</span> <span class='ocrx_word' id='word_1_209' title='bbox 831 1539 897 1590; x_wconf 82' lang='lat' dir='ltr'>qui</span> <span class='ocrx_word' id='word_1_210' title='bbox 924 1542 1034 1576; x_wconf 85' lang='lat' dir='ltr'>antea</span> <span class='ocrx_word' id='word_1_211' title='bbox 1060 1538 1098 1575; x_wconf 90' lang='lat' dir='ltr'>in</span> <span class='ocrx_word' id='word_1_212' title='bbox 1128 1536 1213 1574; x_wconf 81' lang='lat' dir='ltr'>Ada</span> <span class='ocrx_word' id='word_1_213' title='bbox 1242 1535 1372 1573; x_wconf 89' lang='lat' dir='ltr'>mortis</span> <span class='ocrx_word' id='word_1_214' title='bbox 1409 1540 1520 1584; x_wconf 84' lang='lat' dir='ltr'>atque</span> <span class='ocrx_word' id='word_1_215' title='bbox 1547 1532 1624 1570; x_wconf 88' lang='lat' dir='ltr'>irae</span> 
     </span>
     <span class='ocr_line' id='line_1_24' title="bbox 90 1598 1625 1654; baseline -0.005 -12"><span class='ocrx_word' id='word_1_216' title='bbox 90 1604 166 1642; x_wconf 81' lang='lat' dir='ltr'>filii</span> <span class='ocrx_word' id='word_1_217' title='bbox 192 1617 351 1644; x_wconf 86' lang='lat' dir='ltr'>eramus.</span> <span class='ocrx_word' id='word_1_218' title='bbox 398 1604 463 1642; x_wconf 83' lang='lat' dir='ltr'>Sic</span> <span class='ocrx_word' id='word_1_219' title='bbox 489 1604 653 1642; x_wconf 88' lang='lat' dir='ltr'>Iacobus</span> <span class='ocrx_word' id='word_1_220' title='bbox 680 1603 847 1654; x_wconf 87' lang='lat' dir='ltr'>gratuita</span> <span class='ocrx_word' id='word_1_221' title='bbox 876 1617 945 1641; x_wconf 88' lang='lat' dir='ltr'>nos</span> <span class='ocrx_word' id='word_1_222' title='bbox 972 1602 1089 1654; x_wconf 84' lang='lat' dir='ltr'>patris</span> <span class='ocrx_word' id='word_1_223' title='bbox 1118 1601 1188 1639; x_wconf 90' lang='lat' dir='ltr'>Dei</span> <span class='ocrx_word' id='word_1_224' title='bbox 1216 1601 1408 1639; x_wconf 89' lang='lat' dir='ltr'>voluntate</span> <span class='ocrx_word' id='word_1_225' title='bbox 1435 1598 1625 1647; x_wconf 86' lang='lat' dir='ltr'>regenitos</span> 
     </span>
     <span class='ocr_line' id='line_1_25' title="bbox 96 1662 1627 1720; baseline -0.006 -12"><span class='ocrx_word' id='word_1_226' title='bbox 96 1683 176 1708; x_wconf 87' lang='lat' dir='ltr'>esse</span> <span class='ocrx_word' id='word_1_227' title='bbox 222 1670 274 1708; x_wconf 92' lang='lat' dir='ltr'>ait</span> <span class='ocrx_word' id='word_1_228' title='bbox 310 1682 373 1720; x_wconf 91' lang='lat' dir='ltr'>per</span> <span class='ocrx_word' id='word_1_229' title='bbox 402 1669 509 1707; x_wconf 89' lang='lat' dir='ltr'>verbi</span> <span class='ocrx_word' id='word_1_230' title='bbox 537 1669 656 1707; x_wconf 92' lang='lat' dir='ltr'>divini</span> <span class='ocrx_word' id='word_1_231' title='bbox 682 1669 984 1720; x_wconf 81' lang='lat' dir='ltr'>promissionem,</span> <span class='ocrx_word' id='word_1_232' title='bbox 1010 1681 1122 1719; x_wconf 90' lang='lat' dir='ltr'>quam</span> <span class='ocrx_word' id='word_1_233' title='bbox 1154 1683 1172 1701; x_wconf 76' lang='lat' dir='ltr'>a</span> <span class='ocrx_word' id='word_1_234' title='bbox 1186 1678 1395 1704; x_wconf 87' lang='lat' dir='ltr'>sermonem</span> <span class='ocrx_word' id='word_1_235' title='bbox 1433 1662 1627 1702; x_wconf 82' lang='lat' dir='ltr'>veritatis”</span> 
     </span>
     <span class='ocr_line' id='line_1_26' title="bbox 95 1727 1626 1786; baseline -0.005 -14"><span class='ocrx_word' id='word_1_236' title='bbox 95 1734 269 1786; x_wconf 78' lang='lat' dir='ltr'>appellat.</span> <span class='ocrx_word' id='word_1_237' title='bbox 325 1734 387 1771; x_wconf 90' lang='lat' dir='ltr'>Sic</span> <span class='ocrx_word' id='word_1_238' title='bbox 422 1733 556 1771; x_wconf 90' lang='lat' dir='ltr'>Petrus</span> <span class='ocrx_word' id='word_1_239' title='bbox 593 1746 662 1771; x_wconf 91' lang='lat' dir='ltr'>nos</span> <span class='ocrx_word' id='word_1_240' title='bbox 698 1734 802 1772; x_wconf 79' lang='lat' dir='ltr'>iuxta</span> <span class='ocrx_word' id='word_1_241' title='bbox 840 1733 1031 1784; x_wconf 87' lang='lat' dir='ltr'>copiosam</span> <span class='ocrx_word' id='word_1_242' title='bbox 1066 1731 1188 1769; x_wconf 88' lang='lat' dir='ltr'>Patris</span> <span class='ocrx_word' id='word_1_243' title='bbox 1226 1730 1294 1768; x_wconf 90' lang='lat' dir='ltr'>Dei</span> <span class='ocrx_word' id='word_1_244' title='bbox 1330 1727 1626 1767; x_wconf 86' lang='lat' dir='ltr'>misericordiam</span> 
     </span>
     <span class='ocr_line' id='line_1_27' title="bbox 94 1792 1627 1849; baseline -0.006 -11"><span class='ocrx_word' id='word_1_245' title='bbox 94 1800 285 1849; x_wconf 88' lang='lat' dir='ltr'>regenitos</span> <span class='ocrx_word' id='word_1_246' title='bbox 313 1800 425 1837; x_wconf 88' lang='lat' dir='ltr'>etiam</span> <span class='ocrx_word' id='word_1_247' title='bbox 453 1813 533 1837; x_wconf 89' lang='lat' dir='ltr'>esse</span> <span class='ocrx_word' id='word_1_248' title='bbox 561 1799 670 1837; x_wconf 88' lang='lat' dir='ltr'>docet</span> <span class='ocrx_word' id='word_1_249' title='bbox 695 1799 737 1837; x_wconf 89' lang='lat' dir='ltr'>in</span> <span class='ocrx_word' id='word_1_250' title='bbox 765 1812 868 1849; x_wconf 90' lang='lat' dir='ltr'>spem</span> <span class='ocrx_word' id='word_1_251' title='bbox 898 1798 1018 1837; x_wconf 88' lang='lat' dir='ltr'>vivam</span> <span class='ocrx_word' id='word_1_252' title='bbox 1046 1810 1110 1848; x_wconf 87' lang='lat' dir='ltr'>per</span> <span class='ocrx_word' id='word_1_253' title='bbox 1142 1795 1451 1834; x_wconf 86' lang='lat' dir='ltr'>resurrectionem</span> <span class='ocrx_word' id='word_1_254' title='bbox 1472 1792 1627 1831; x_wconf 83' lang='lat' dir='ltr'>Domini</span> 
     </span>
     <span class='ocr_line' id='line_1_28' title="bbox 95 1858 1626 1915; baseline -0.004 -13"><span class='ocrx_word' id='word_1_255' title='bbox 95 1864 217 1903; x_wconf 88' lang='lat' dir='ltr'>nostri</span> <span class='ocrx_word' id='word_1_256' title='bbox 251 1864 340 1902; x_wconf 89' lang='lat' dir='ltr'>Iesu</span> <span class='ocrx_word' id='word_1_257' title='bbox 377 1863 533 1908; x_wconf 85' lang='lat' dir='ltr'>Christi,</span> <span class='ocrx_word' id='word_1_258' title='bbox 569 1867 604 1902; x_wconf 80' lang='lat' dir='ltr'>et</span> <span class='ocrx_word' id='word_1_259' title='bbox 640 1863 835 1915; x_wconf 88' lang='lat' dir='ltr'>aliquanto</span> <span class='ocrx_word' id='word_1_260' title='bbox 870 1868 955 1914; x_wconf 90' lang='lat' dir='ltr'>post</span> <span class='ocrx_word' id='word_1_261' title='bbox 991 1863 1138 1913; x_wconf 88' lang='lat' dir='ltr'>repetit,</span> <span class='ocrx_word' id='word_1_262' title='bbox 1164 1875 1234 1899; x_wconf 88' lang='lat' dir='ltr'>nos</span> <span class='ocrx_word' id='word_1_263' title='bbox 1261 1874 1307 1899; x_wconf 82' lang='lat' dir='ltr'>ex</span> <span class='ocrx_word' id='word_1_264' title='bbox 1334 1858 1539 1898; x_wconf 89' lang='lat' dir='ltr'>immortali</span> <span class='ocrx_word' id='word_1_265' title='bbox 1568 1871 1626 1896; x_wconf 88' lang='lat' dir='ltr'>se-</span> 
     </span>
     <span class='ocr_line' id='line_1_29' title="bbox 96 1926 1629 1979; baseline -0.003 -13"><span class='ocrx_word' id='word_1_266' title='bbox 96 1929 208 1974; x_wconf 89' lang='lat' dir='ltr'>mine,</span> <span class='ocrx_word' id='word_1_267' title='bbox 246 1941 377 1979; x_wconf 85' lang='lat' dir='ltr'>nempe</span> <span class='ocrx_word' id='word_1_268' title='bbox 404 1928 487 1979; x_wconf 89' lang='lat' dir='ltr'>ipso</span> <span class='ocrx_word' id='word_1_269' title='bbox 514 1928 606 1974; x_wconf 91' lang='lat' dir='ltr'>Deo,</span> <span class='ocrx_word' id='word_1_270' title='bbox 634 1928 824 1977; x_wconf 88' lang='lat' dir='ltr'>regenitos</span> <span class='ocrx_word' id='word_1_271' title='bbox 852 1941 945 1974; x_wconf 84' lang='lat' dir='ltr'>esse,</span> <span class='ocrx_word' id='word_1_272' title='bbox 971 1940 1049 1965; x_wconf 90' lang='lat' dir='ltr'>non</span> <span class='ocrx_word' id='word_1_273' title='bbox 1076 1926 1247 1977; x_wconf 90' lang='lat' dir='ltr'>equidem</span> <span class='ocrx_word' id='word_1_274' title='bbox 1272 1938 1337 1976; x_wconf 84' lang='lat' dir='ltr'>per</span> <span class='ocrx_word' id='word_1_275' title='bbox 1364 1928 1532 1962; x_wconf 86' lang='lat' dir='ltr'>nostram</span> <span class='ocrx_word' id='word_1_276' title='bbox 1559 1940 1629 1972; x_wconf 81' lang='grc' dir='ltr'>με·</span> 
     </span>
     <span class='ocr_line' id='line_1_30' title="bbox 97 1986 1634 2043; baseline -0.008 -8"><span class='ocrx_word' id='word_1_277' title='bbox 97 1998 262 2034; x_wconf 70' lang='grc' dir='ltr'><em>τοίνοιαιν</em></span> <span class='ocrx_word' id='word_1_278' title='bbox 292 1992 355 2030; x_wconf 86' lang='lat' dir='ltr'>sed</span> <span class='ocrx_word' id='word_1_279' title='bbox 381 2005 447 2043; x_wconf 88' lang='lat' dir='ltr'>per</span> <span class='ocrx_word' id='word_1_280' title='bbox 474 2005 683 2030; x_wconf 89' lang='lat' dir='ltr'>sermonem</span> <span class='ocrx_word' id='word_1_281' title='bbox 713 1992 872 2030; x_wconf 87' lang='lat' dir='ltr'>viventis</span> <span class='ocrx_word' id='word_1_282' title='bbox 901 1997 936 2029; x_wconf 91' lang='lat' dir='ltr'>et</span> <span class='ocrx_word' id='word_1_283' title='bbox 963 1992 1106 2029; x_wconf 87' lang='lat' dir='ltr'>aeterni</span> <span class='ocrx_word' id='word_1_284' title='bbox 1133 1990 1217 2034; x_wconf 91' lang='lat' dir='ltr'>Dei,</span> <span class='ocrx_word' id='word_1_285' title='bbox 1245 1989 1282 2028; x_wconf 91' lang='lat' dir='ltr'>h.</span> <span class='ocrx_word' id='word_1_286' title='bbox 1306 2003 1353 2035; x_wconf 90' lang='lat' dir='ltr'>e.‚</span> <span class='ocrx_word' id='word_1_287' title='bbox 1378 2001 1443 2039; x_wconf 90' lang='lat' dir='ltr'>per</span> <span class='ocrx_word' id='word_1_288' title='bbox 1470 1986 1634 2038; x_wconf 88' lang='lat' dir='ltr'>promis·</span> 
     </span>
     <span class='ocr_line' id='line_1_31' title="bbox 97 2054 1629 2108; baseline -0.003 -14"><span class='ocrx_word' id='word_1_289' title='bbox 97 2057 256 2096; x_wconf 85' lang='lat' dir='ltr'>sionem.</span> <span class='ocrx_word' id='word_1_290' title='bbox 293 2057 428 2108; x_wconf 88' lang='lat' dir='ltr'>Neque</span> <span class='ocrx_word' id='word_1_291' title='bbox 456 2056 528 2094; x_wconf 91' lang='lat' dir='ltr'>hoc</span> <span class='ocrx_word' id='word_1_292' title='bbox 553 2057 638 2094; x_wconf 94' lang='lat' dir='ltr'>loco</span> <span class='ocrx_word' id='word_1_293' title='bbox 668 2070 789 2095; x_wconf 88' lang='lat' dir='ltr'>sermo</span> <span class='ocrx_word' id='word_1_294' title='bbox 818 2057 937 2108; x_wconf 89' lang='lat' dir='ltr'>accipi</span> <span class='ocrx_word' id='word_1_295' title='bbox 964 2062 1088 2108; x_wconf 86' lang='lat' dir='ltr'>potest</span> <span class='ocrx_word' id='word_1_296' title='bbox 1114 2069 1182 2107; x_wconf 89' lang='lat' dir='ltr'>pro</span> <span class='ocrx_word' id='word_1_297' title='bbox 1210 2060 1363 2094; x_wconf 78' lang='lat' dir='ltr'>externa</span> <span class='ocrx_word' id='word_1_298' title='bbox 1391 2054 1496 2092; x_wconf 86' lang='lat' dir='ltr'>verbi</span> <span class='ocrx_word' id='word_1_299' title='bbox 1521 2065 1629 2104; x_wconf 87' lang='lat' dir='ltr'>prae-</span> 
     </span>
     <span class='ocr_line' id='line_1_32' title="bbox 98 2117 1629 2172; baseline -0.003 -14"><span class='ocrx_word' id='word_1_300' title='bbox 98 2120 301 2166; x_wconf 86' lang='lat' dir='ltr'>dicatione,</span> <span class='ocrx_word' id='word_1_301' title='bbox 336 2121 654 2172; x_wconf 87' lang='lat' dir='ltr'>quemadmodum</span> <span class='ocrx_word' id='word_1_302' title='bbox 690 2122 896 2159; x_wconf 86' lang='lat' dir='ltr'>adversarii</span> <span class='ocrx_word' id='word_1_303' title='bbox 923 2126 1072 2172; x_wconf 83' lang='lat' dir='ltr'>putant,</span> <span class='ocrx_word' id='word_1_304' title='bbox 1098 2133 1184 2159; x_wconf 87' lang='lat' dir='ltr'>nam</span> <span class='ocrx_word' id='word_1_305' title='bbox 1213 2133 1256 2157; x_wconf 87' lang='lat' dir='ltr'>ea</span> <span class='ocrx_word' id='word_1_306' title='bbox 1282 2117 1541 2170; x_wconf 86' lang='lat' dir='ltr'>interpretatio</span> <span class='ocrx_word' id='word_1_307' title='bbox 1569 2118 1629 2155; x_wconf 86' lang='lat' dir='ltr'>in·</span> 
     </span>
     <span class='ocr_line' id='line_1_33' title="bbox 98 2182 1641 2236; baseline -0.003 -14"><span class='ocrx_word' id='word_1_308' title='bbox 98 2185 221 2223; x_wconf 83' lang='lat' dir='ltr'>fantes</span> <span class='ocrx_word' id='word_1_309' title='bbox 247 2198 397 2223; x_wconf 88' lang='lat' dir='ltr'>rursum</span> <span class='ocrx_word' id='word_1_310' title='bbox 425 2190 575 2223; x_wconf 90' lang='lat' dir='ltr'>nostros</span> <span class='ocrx_word' id='word_1_311' title='bbox 605 2199 625 2223; x_wconf 84' lang='lat' dir='ltr'>a</span> <span class='ocrx_word' id='word_1_312' title='bbox 654 2185 774 2223; x_wconf 91' lang='lat' dir='ltr'>salute</span> <span class='ocrx_word' id='word_1_313' title='bbox 801 2186 1029 2232; x_wconf 86' lang='lat' dir='ltr'>excluderet,</span> <span class='ocrx_word' id='word_1_314' title='bbox 1054 2198 1149 2236; x_wconf 93' lang='lat' dir='ltr'>quos</span> <span class='ocrx_word' id='word_1_315' title='bbox 1178 2189 1317 2222; x_wconf 78' lang='lat' dir='ltr'>certum</span> <span class='ocrx_word' id='word_1_316' title='bbox 1345 2188 1402 2222; x_wconf 89' lang='lat' dir='ltr'>est</span> <span class='ocrx_word' id='word_1_317' title='bbox 1429 2182 1568 2221; x_wconf 89' lang='lat' dir='ltr'>servari</span> <span class='ocrx_word' id='word_1_318' title='bbox 1598 2186 1641 2218; x_wconf 84' lang='lat' dir='ltr'>et</span> 
     </span>
     <span class='ocr_line' id='line_1_34' title="bbox 98 2246 1635 2301; baseline -0.003 -14"><span class='ocrx_word' id='word_1_319' title='bbox 98 2249 257 2301; x_wconf 86' lang='lat' dir='ltr'>proinde</span> <span class='ocrx_word' id='word_1_320' title='bbox 299 2250 449 2300; x_wconf 87' lang='lat' dir='ltr'>regigni</span> <span class='ocrx_word' id='word_1_321' title='bbox 486 2250 611 2296; x_wconf 88' lang='lat' dir='ltr'>etiam,</span> <span class='ocrx_word' id='word_1_322' title='bbox 654 2250 741 2289; x_wconf 88' lang='lat' dir='ltr'>licet</span> <span class='ocrx_word' id='word_1_323' title='bbox 777 2264 855 2288; x_wconf 91' lang='lat' dir='ltr'>non</span> <span class='ocrx_word' id='word_1_324' title='bbox 891 2251 1038 2301; x_wconf 89' lang='lat' dir='ltr'>possint</span> <span class='ocrx_word' id='word_1_325' title='bbox 1074 2250 1263 2301; x_wconf 89' lang='lat' dir='ltr'>percipere</span> <span class='ocrx_word' id='word_1_326' title='bbox 1298 2254 1490 2287; x_wconf 84' lang='lat' dir='ltr'>externam</span> <span class='ocrx_word' id='word_1_327' title='bbox 1528 2246 1635 2285; x_wconf 89' lang='lat' dir='ltr'>verbi</span> 
     </span>
     <span class='ocr_line' id='line_1_35' title="bbox 98 2313 1631 2366; baseline -0.003 -14"><span class='ocrx_word' id='word_1_328' title='bbox 98 2313 428 2365; x_wconf 85' lang='lat' dir='ltr'>praedicationem.</span> <span class='ocrx_word' id='word_1_329' title='bbox 482 2314 532 2352; x_wconf 80' lang='lat' dir='ltr'>Et</span> <span class='ocrx_word' id='word_1_330' title='bbox 559 2315 691 2353; x_wconf 86' lang='lat' dir='ltr'>Petrus</span> <span class='ocrx_word' id='word_1_331' title='bbox 718 2316 876 2366; x_wconf 89' lang='lat' dir='ltr'>ipsemet</span> <span class='ocrx_word' id='word_1_332' title='bbox 913 2328 951 2353; x_wconf 92' lang='lat' dir='ltr'>se</span> <span class='ocrx_word' id='word_1_333' title='bbox 978 2314 1141 2365; x_wconf 86' lang='lat' dir='ltr'>explicat</span> <span class='ocrx_word' id='word_1_334' title='bbox 1169 2315 1257 2351; x_wconf 87' lang='lat' dir='ltr'>dum</span> <span class='ocrx_word' id='word_1_335' title='bbox 1285 2314 1350 2360; x_wconf 87' lang='lat' dir='ltr'>ait,</span> <span class='ocrx_word' id='word_1_336' title='bbox 1377 2326 1461 2351; x_wconf 89' lang='lat' dir='ltr'>eum</span> <span class='ocrx_word' id='word_1_337' title='bbox 1490 2324 1631 2350; x_wconf 89' lang='lat' dir='ltr'>sermo·</span> 
     </span>
     <span class='ocr_line' id='line_1_36' title="bbox 100 2376 1633 2429; baseline -0.002 -13"><span class='ocrx_word' id='word_1_338' title='bbox 100 2391 198 2424; x_wconf 86' lang='lat' dir='ltr'>nem,</span> <span class='ocrx_word' id='word_1_339' title='bbox 225 2391 290 2429; x_wconf 89' lang='lat' dir='ltr'>per</span> <span class='ocrx_word' id='word_1_340' title='bbox 317 2391 428 2429; x_wconf 89' lang='lat' dir='ltr'>quem</span> <span class='ocrx_word' id='word_1_341' title='bbox 455 2391 524 2416; x_wconf 91' lang='lat' dir='ltr'>nos</span> <span class='ocrx_word' id='word_1_342' title='bbox 553 2379 727 2428; x_wconf 88' lang='lat' dir='ltr'>regenuit</span> <span class='ocrx_word' id='word_1_343' title='bbox 752 2379 861 2417; x_wconf 83' lang='lat' dir='ltr'>Pater</span> <span class='ocrx_word' id='word_1_344' title='bbox 890 2379 991 2417; x_wconf 84' lang='lat' dir='ltr'>Deus</span> <span class='ocrx_word' id='word_1_345' title='bbox 1018 2392 1111 2424; x_wconf 89' lang='lat' dir='ltr'>esse,</span> <span class='ocrx_word' id='word_1_346' title='bbox 1139 2392 1216 2417; x_wconf 91' lang='lat' dir='ltr'>non</span> <span class='ocrx_word' id='word_1_347' title='bbox 1243 2378 1363 2429; x_wconf 88' lang='lat' dir='ltr'>ipsam</span> <span class='ocrx_word' id='word_1_348' title='bbox 1390 2390 1479 2415; x_wconf 89' lang='lat' dir='ltr'>sane</span> <span class='ocrx_word' id='word_1_349' title='bbox 1507 2376 1633 2414; x_wconf 87' lang='lat' dir='ltr'>Euan-</span> 
     </span>
     <span class='ocr_line' id='line_1_37' title="bbox 98 2440 1635 2495; baseline -0.001 -15"><span class='ocrx_word' id='word_1_350' title='bbox 98 2443 189 2492; x_wconf 83' lang='lat' dir='ltr'>gelii</span> <span class='ocrx_word' id='word_1_351' title='bbox 223 2443 543 2490; x_wconf 86' lang='lat' dir='ltr'>enunciationem,</span> <span class='ocrx_word' id='word_1_352' title='bbox 582 2443 646 2482; x_wconf 85' lang='lat' dir='ltr'>sed</span> <span class='ocrx_word' id='word_1_353' title='bbox 681 2444 719 2481; x_wconf 89' lang='lat' dir='ltr'>id</span> <span class='ocrx_word' id='word_1_354' title='bbox 754 2444 881 2495; x_wconf 89' lang='lat' dir='ltr'>potius</span> <span class='ocrx_word' id='word_1_355' title='bbox 919 2445 1018 2495; x_wconf 90' lang='lat' dir='ltr'>quod</span> <span class='ocrx_word' id='word_1_356' title='bbox 1054 2444 1100 2482; x_wconf 87' lang='lat' dir='ltr'>ad</span> <span class='ocrx_word' id='word_1_357' title='bbox 1137 2457 1207 2482; x_wconf 90' lang='lat' dir='ltr'>nos</span> <span class='ocrx_word' id='word_1_358' title='bbox 1244 2443 1410 2481; x_wconf 88' lang='lat' dir='ltr'>defertur</span> <span class='ocrx_word' id='word_1_359' title='bbox 1437 2440 1635 2491; x_wconf 78' lang='lat' dir='ltr'>Euangelii</span> 
     </span>
     <span class='ocr_line' id='line_1_38' title="bbox 101 2507 1637 2561; baseline -0.001 -15"><span class='ocrx_word' id='word_1_360' title='bbox 101 2508 378 2554; x_wconf 86' lang='lat' dir='ltr'>enunciatione,</span> <span class='ocrx_word' id='word_1_361' title='bbox 404 2509 445 2548; x_wconf 91' lang='lat' dir='ltr'>h.</span> <span class='ocrx_word' id='word_1_362' title='bbox 466 2522 515 2553; x_wconf 87' lang='lat' dir='ltr'>e.‚</span> <span class='ocrx_word' id='word_1_363' title='bbox 535 2509 839 2560; x_wconf 89' lang='lat' dir='ltr'>promissionem.</span> <span class='ocrx_word' id='word_1_364' title='bbox 867 2510 1021 2561; x_wconf 88' lang='lat' dir='ltr'>Proprie</span> <span class='ocrx_word' id='word_1_365' title='bbox 1040 2510 1137 2547; x_wconf 91' lang='lat' dir='ltr'>enim</span> <span class='ocrx_word' id='word_1_366' title='bbox 1157 2509 1423 2560; x_wconf 89' lang='lat' dir='ltr'>promissiones</span> <span class='ocrx_word' id='word_1_367' title='bbox 1442 2508 1489 2546; x_wconf 86' lang='lat' dir='ltr'>ad</span> <span class='ocrx_word' id='word_1_368' title='bbox 1507 2507 1637 2544; x_wconf 89' lang='lat' dir='ltr'>Euan-</span> 
     </span>
     <span class='ocr_line' id='line_1_39' title="bbox 102 2571 1637 2626; baseline -0.001 -15"><span class='ocrx_word' id='word_1_369' title='bbox 102 2573 241 2623; x_wconf 89' lang='lat' dir='ltr'>gelium</span> <span class='ocrx_word' id='word_1_370' title='bbox 287 2573 489 2624; x_wconf 86' lang='lat' dir='ltr'>pertinent,</span> <span class='ocrx_word' id='word_1_371' title='bbox 527 2575 840 2626; x_wconf 86' lang='lat' dir='ltr'>quemadmodum</span> <span class='ocrx_word' id='word_1_372' title='bbox 876 2574 924 2612; x_wconf 83' lang='lat' dir='ltr'>ad</span> <span class='ocrx_word' id='word_1_373' title='bbox 959 2575 1079 2625; x_wconf 89' lang='lat' dir='ltr'>legem</span> <span class='ocrx_word' id='word_1_374' title='bbox 1115 2574 1454 2619; x_wconf 88' lang='lat' dir='ltr'>interminationes,</span> <span class='ocrx_word' id='word_1_375' title='bbox 1489 2571 1637 2611; x_wconf 89' lang='lat' dir='ltr'>etiamsi</span> 
     </span>
     <span class='ocr_line' id='line_1_40' title="bbox 102 2638 1637 2690; baseline 0 -14"><span class='ocrx_word' id='word_1_376' title='bbox 102 2651 224 2690; x_wconf 92' lang='lat' dir='ltr'>neque</span> <span class='ocrx_word' id='word_1_377' title='bbox 259 2638 320 2677; x_wconf 82' lang='lat' dir='ltr'>lex</span> <span class='ocrx_word' id='word_1_378' title='bbox 354 2639 674 2690; x_wconf 87' lang='lat' dir='ltr'>promissionibus</span> <span class='ocrx_word' id='word_1_379' title='bbox 712 2653 829 2690; x_wconf 91' lang='lat' dir='ltr'>neque</span> <span class='ocrx_word' id='word_1_380' title='bbox 866 2639 1117 2689; x_wconf 84' lang='lat' dir='ltr'>Euangelium</span> <span class='ocrx_word' id='word_1_381' title='bbox 1145 2640 1234 2678; x_wconf 83' lang='lat' dir='ltr'>item</span> <span class='ocrx_word' id='word_1_382' title='bbox 1262 2640 1637 2678; x_wconf 86' lang='lat' dir='ltr'>interminationibus</span> 
     </span>
     <span class='ocr_line' id='line_1_41' title="bbox 103 2703 1637 2756; baseline 0.002 -14"><span class='ocrx_word' id='word_1_383' title='bbox 103 2708 237 2743; x_wconf 85' lang='lat' dir='ltr'>careat.</span> <span class='ocrx_word' id='word_1_384' title='bbox 293 2703 491 2743; x_wconf 87' lang='lat' dir='ltr'>Habemus</span> <span class='ocrx_word' id='word_1_385' title='bbox 540 2718 630 2753; x_wconf 86' lang='lat' dir='ltr'>ergo</span> <span class='ocrx_word' id='word_1_386' title='bbox 666 2704 988 2754; x_wconf 86' lang='lat' dir='ltr'>regenerationem</span> <span class='ocrx_word' id='word_1_387' title='bbox 1027 2705 1127 2744; x_wconf 89' lang='lat' dir='ltr'>aliud</span> <span class='ocrx_word' id='word_1_388' title='bbox 1164 2718 1244 2743; x_wconf 87' lang='lat' dir='ltr'>esse</span> <span class='ocrx_word' id='word_1_389' title='bbox 1283 2719 1394 2756; x_wconf 90' lang='lat' dir='ltr'>quam</span> <span class='ocrx_word' id='word_1_390' title='bbox 1424 2710 1637 2755; x_wconf 73' lang='grc' dir='ltr'><em>μετάνοιαν</em></span> 
     </span>
     <span class='ocr_line' id='line_1_42' title="bbox 103 2768 1639 2820; baseline 0 -14"><span class='ocrx_word' id='word_1_391' title='bbox 103 2780 247 2818; x_wconf 89' lang='lat' dir='ltr'>nosque</span> <span class='ocrx_word' id='word_1_392' title='bbox 282 2768 430 2806; x_wconf 89' lang='lat' dir='ltr'>renasci</span> <span class='ocrx_word' id='word_1_393' title='bbox 467 2781 546 2806; x_wconf 90' lang='lat' dir='ltr'>non</span> <span class='ocrx_word' id='word_1_394' title='bbox 581 2769 663 2820; x_wconf 89' lang='lat' dir='ltr'>ipsa</span> <span class='ocrx_word' id='word_1_395' title='bbox 701 2769 966 2807; x_wconf 87' lang='lat' dir='ltr'>enunciatione</span> <span class='ocrx_word' id='word_1_396' title='bbox 994 2769 1208 2819; x_wconf 86' lang='lat' dir='ltr'>Euangelii‚</span> <span class='ocrx_word' id='word_1_397' title='bbox 1235 2783 1299 2807; x_wconf 89' lang='lat' dir='ltr'>seu</span> <span class='ocrx_word' id='word_1_398' title='bbox 1327 2773 1483 2808; x_wconf 84' lang='lat' dir='ltr'>externo</span> <span class='ocrx_word' id='word_1_399' title='bbox 1513 2769 1639 2816; x_wconf 91' lang='lat' dir='ltr'>verbo,</span> 
     </span>
     <span class='ocr_line' id='line_1_43' title="bbox 104 2833 1639 2887; baseline 0.001 -17"><span class='ocrx_word' id='word_1_400' title='bbox 104 2836 147 2871; x_wconf 89' lang='lat' dir='ltr'>ut</span> <span class='ocrx_word' id='word_1_401' title='bbox 175 2838 325 2882; x_wconf 85' lang='lat' dir='ltr'>vocant,</span> <span class='ocrx_word' id='word_1_402' title='bbox 352 2833 417 2873; x_wconf 88' lang='lat' dir='ltr'>sed</span> <span class='ocrx_word' id='word_1_403' title='bbox 445 2833 631 2873; x_wconf 88' lang='lat' dir='ltr'>destinata</span> <span class='ocrx_word' id='word_1_404' title='bbox 660 2835 854 2874; x_wconf 88' lang='lat' dir='ltr'>voluntate</span> <span class='ocrx_word' id='word_1_405' title='bbox 898 2835 969 2874; x_wconf 92' lang='lat' dir='ltr'>Dei</span> <span class='ocrx_word' id='word_1_406' title='bbox 997 2835 1104 2874; x_wconf 78' lang='lat' dir='ltr'>iuxta</span> <span class='ocrx_word' id='word_1_407' title='bbox 1133 2836 1324 2887; x_wconf 86' lang='lat' dir='ltr'>copiosam</span> <span class='ocrx_word' id='word_1_408' title='bbox 1350 2835 1468 2886; x_wconf 85' lang='lat' dir='ltr'>ipsius</span> <span class='ocrx_word' id='word_1_409' title='bbox 1496 2834 1639 2874; x_wconf 88' lang='lat' dir='ltr'>miseri·</span> 
     </span>
     <span class='ocr_line' id='line_1_44' title="bbox 160 2895 1490 2940; baseline -0.005 6"><span class='ocrx_word' id='word_1_410' title='bbox 160 2895 196 2939; x_wconf 85' lang='lat'>1.</span> <span class='ocrx_word' id='word_1_411' title='bbox 1442 2902 1490 2940; x_wconf 77' lang='lat'>36</span> 
     </span>
    </p>
   </div>
  </div>
 </body>
</html>
