1818 3178
459 106 508 134 Du
538 104 822 133 saonniex‘rrs
854 103 1074 132 accursum
1101 98 1280 128 cnms‘rr.
1559 84 1632 121 119

110 208 265 250 ratione,
299 211 336 246 et
371 211 493 258 partes
520 206 622 257 ipsae
650 207 976 245 Sacramentorum
1003 216 1132 241 omnes
1158 202 1199 239 in
1227 197 1385 249 singulis
1413 197 1627 234 Sacramen-

110 272 158 310 tis
193 272 324 309 ordine
361 270 766 314 commonstrabuntnr,
803 274 915 320 atque
941 268 988 306 ad
1014 280 1099 305 eum
1126 266 1248 317 ipsum
1275 265 1387 302 finem
1412 260 1631 298 referentur.

112 336 172 374 Ad
208 340 414 373 extremum
450 347 536 371 vero
575 334 619 371 de
655 348 769 372 coena
806 333 960 372 Domini
997 335 1137 379 agetur,
1165 333 1200 367 et
1227 332 1376 366 exortae
1404 325 1501 362 eirca
1527 323 1630 360 illam

112 399 384 438 controversiae
411 411 539 436 omnes
566 401 647 449 (per
674 399 744 437 Dei
770 398 947 448 gratiam)
975 396 1235 434 discutientur.
1264 392 1343 429 Oro
1370 394 1493 428 autem
1512 387 1631 425 Deum

113 465 202 516 Opt.
226 464 340 509 Max„
367 466 407 501 ut
433 476 501 513 pro
529 463 665 501 Divina
692 476 758 500 sua
788 462 955 500 bonitate
977 464 1014 498 et
1041 457 1307 502 misericordia,
1333 468 1413 493 mea
1432 454 1494 490 hie
1508 451 1633 489 omnia

112 527 323 566 moderetur
358 532 393 564 et
428 527 612 575 gubernet
645 527 691 565 ad
727 527 883 576 gloriam
922 524 1042 562 sancti
1082 523 1139 560 sui
1174 520 1338 559 nominis
1375 523 1411 556 et
1447 515 1635 554 Ecclesiae

113 605 201 630 suae
228 591 537 642 pacificationem
577 591 655 629 Oro
683 592 772 629 item
800 596 834 628 et
860 589 942 640 pios
970 600 1112 632 omneS,
1138 589 1192 631 ut,
1219 586 1251 623 si
1278 584 1337 621 cui
1364 584 1460 620 forte
1479 594 1556 619 non
1575 593 1633 617 sa-

110 657 297 695 tisfaciam
332 656 499 702 omnino,
530 656 562 693 is
601 656 673 693 sibi
705 654 893 693 existimet
919 651 1152 690 tolerandam
1179 662 1260 687 esse
1285 652 1452 686 nostram
1478 644 1636 682 infirmi-

112 725 227 760 tatem
253 721 293 758 in
322 721 501 758 charitate
529 720 755 764 Christiana,
781 730 924 768 nosque
950 716 1035 764 (fol.
1063 716 1125 762 ὃὸ)
1153 717 1320 750 amanter
1346 712 1557 749 admoneat.
1594 712 1636 745 ut

114 798 242 823 omnes
270 785 496 834 intelligant,
530 798 608 823 non
635 787 800 822 nostram
827 795 848 819 a
876 780 1000 825 nobis,
1035 791 1130 829 quae
1157 777 1259 815 nulla
1286 780 1354 820 est,
1382 775 1445 813 sed
1472 774 1542 811 Dei
1569 786 1635 823 po-

112 849 298 888 tissimum
326 850 484 899 gloriam
511 850 550 887 in
577 849 716 887 nostris
745 847 845 884 hisce
865 843 1180 895 disputationibus
1200 840 1340 892 quaeri.
1369 839 1433 877 Illi
1450 838 1549 876 enim
1567 837 1638 874 soli

115 914 267 952 debetur
303 915 423 953 omnis
451 915 583 963 gloria,
610 913 674 964 qui
702 925 806 951 suam
832 909 974 960 alioqui
1001 908 1077 946 vim
1105 906 1281 944 Divinam
1308 906 1349 943 in
1376 908 1504 943 nostra
1530 903 1637 940 infir-

117 980 244 1017 mitate
271 980 408 1017 exserit
433 984 471 1017 et
495 979 670 1016 illustrat.

165 1044 290 1093 Igitur
323 1043 423 1094 quod
460 1043 507 1080 ad
542 1054 669 1080 vocem
703 1038 934 1078 Sacramenti
969 1037 1116 1080 attinet,
1151 1048 1192 1072 ea
1221 1046 1309 1072 sane
1336 1033 1435 1071 varie
1462 1036 1639 1082 usurpata

115 1110 226 1147 etiam
253 1123 274 1146 a
304 1109 476 1146 Patribus
503 1107 594 1158 ipsis
620 1118 794 1154 magnam
814 1103 943 1141 multis
971 1098 1235 1138 controversiis
1263 1097 1496 1135 occasionem
1527 1095 1641 1133 dedit.

118 1174 248 1224 Coepit
288 1179 411 1212 autem
448 1170 680 1210 Sacramenti
716 1182 787 1206 vox
822 1168 870 1205 ad
898 1167 1055 1205 Divinas
1081 1163 1341 1202 institutiones
1369 1160 1645 1199 accommodari

117 1239 263 1276 circiter
290 1236 482 1276 Ambrosii
509 1236 597 1281 fere,
626 1232 922 1282 Hieronymique
949 1235 985 1268 et
1013 1227 1217 1277 Augustini
1245 1231 1432 1276 tempora3
1467 1224 1643 1262 adderem

118 1308 153 1341 et
190 1302 428 1353 Cyprianum,
464 1300 496 1338 si
522 1299 653 1336 titulus
681 1295 874 1334 concionis
903 1295 948 1332 de
975 1306 1091 1332 coena
1117 1292 1165 1331 D.
1192 1291 1292 1342 apud
1318 1290 1424 1327 illum
1453 1292 1646 1339 suspectus

120 1380 195 1404 non
232 1370 344 1411 esset;
382 1372 494 1414 atque
519 1363 594 1400 iam
620 1367 701 1399 tum
734 1361 843 1399 etiam
881 1359 929 1396 ab
954 1358 1123 1409 ipsismet
1149 1355 1323 1394 Patribus
1351 1353 1451 1392 varie
1479 1353 1650 1402 usurpari

119 1429 251 1481 coepit.
281 1428 344 1466 llli
370 1428 482 1469 enim
509 1426 604 1464 nibil
631 1426 677 1463 de
696 1424 836 1462 nostris
857 1422 1035 1474 suspicati
1056 1419 1332 1465 controversiis,
1351 1431 1433 1455 cum
1451 1417 1551 1454 inter
1570 1429 1649 1453 sese

119 1495 164 1532 de
191 1506 301 1531 causa
326 1493 407 1544 ips-1
435 1490 702 1536 consentirent,
728 1493 765 1526 et
791 1501 871 1526 eam
900 1485 1069 1537 alioqui
1059 1499 1099 1523 ιιι
1119 1498 1158 1522 se
1173 1483 1321 1521 facilem
1340 1480 1648 1533 perspicuamque

120 1571 200 1596 esse
227 1557 407 1599 viderent,
435 1568 511 1594 non
539 1567 656 1605 usque
683 1553 774 1590 adeo
804 1552 849 1590 de
876 1551 1030 1588 vocibus
1059 1549 1150 1600 ipsis
1178 1547 1265 1585 huic
1291 1548 1511 1595 argumento
1540 1544 1649 1581 fami-

120 1623 274 1661 liaribus
311 1621 462 1659 solliciti
498 1621 662 1658 fuerunt.
716 1617 767 1655 Et
792 1616 949 1668 proinde
974 1615 1094 1666 ipsam
1121 1613 1233 1651 etiam
1262 1610 1493 1649 Sacramenti
1519 1622 1647 1647 vocem

123 1688 222 1726 varie
257 1690 497 1737 usurparunt,
529 1689 639 1735 atque
665 1683 758 1721 alias
786 1681 936 1732 quidem
965 1679 1033 1717 sub
1063 1676 1295 1716 Sacramenti
1323 1675 1474 1713 nomine
1502 1670 1650 1723 signum

121 1754 243 1804 ipsum
270 1756 476 1795 externum,
503 1750 595 1787 alias
623 1761 708 1786 vero
737 1747 938 1796 signatum,
965 1750 1005 1782 ut
1033 1747 1180 1787 vocant,
1207 1755 1271 1779 seu
1300 1741 1398 1790 signi
1420 1739 1650 1790 mysterium,

125 1830 395 1867 nonnunquam
423 1821 545 1853 autern
573 1818 760 1864 utrunque
788 1811 898 1849 simul
928 1809 1172 1847 coniunctum
1198 1807 1474 1845 intellexerunt.

176 1882 308 1932 Neque
336 1894 421 1918 vero
450 1880 522 1916 sibi
550 1892 625 1916 non
656 1877 878 1914 constabant
905 1876 1032 1912 Patres
1060 1873 1145 1924 ipsi,
1170 1872 1235 1910 sed
1261 1884 1391 1909 vocem
1420 1869 1651 1907 Sacramenti

124 1946 355 1997 usurpabant
392 1944 448 1981 vel
481 1956 547 1994 pro
584 1940 806 1991 argumenti,
832 1940 916 1988 (fol.
945 1940 1002 1986 6³)
1041 1937 1140 1988 quod
1169 1935 1381 1974 tractabant
1409 1934 1566 1979 ratione,
1592 1933 1650 1969 vel

124 2023 192 2061 pro
228 2009 419 2047 affectibus
454 2006 685 2051 auditorum3
724 2004 820 2042 unde
856 2003 1004 2040 demum
1041 2002 1181 2038 factum
1207 2003 1276 2044 est,
1301 2003 1341 2036 ut
1367 1998 1407 2035 in
1432 1998 1513 2048 ipso
1536 1996 1648 2033 etiam

126 2079 344 2124 argumento
383 2070 680 2109 Saciamentario
717 2082 791 2106 vox
825 2068 860 2105 h
852 2080 915 2105 nec
951 2067 1051 2104 varie
1091 2067 1344 2115 usurparetur,
1387 2066 1423 2100 et
1459 2061 1651 2099 doetrinae

128 2139 281 2176 dissidia
309 2138 491 2186 gigneret.

179 2202 291 2254 Apud
311 2200 553 2239 Ambrosium
579 2199 619 2236 in
646 2197 753 2235 libris
784 2214 801 2230 n
816 2196 861 2234 de
889 2193 1166 2233 Sac1·amentis”
1187 2192 1238 2241 (si
1253 2191 1364 2229 modo
1385 2193 1472 2228 sunt
1486 2189 1649 2227 Ambro-

127 2268 190 2316 sii)
227 2280 302 2304 non
340 2278 422 2302 ι·«·ιιο
461 2276 531 2300 xox
567 2259 798 2299 Sam-amenti
837 2272 904 2309 pro
933 2259 1041 2307 signo
1071 2257 1253 2294 duntaxat
1279 2258 1432 2292 externo
1460 2252 1653 2302 accipitur,

127 2329 438 2382 quemadmodum
485 2332 521 2364 ct
555 2325 654 2376 apud
689 2323 957 2372 Augustinum,
993 2321 1057 2372 qui
1095 2319 1242 2357 disertis
1279 2317 1401 2355 verbis
1436 2316 1536 2354 aliud
1573 2329 1651 2353 esse

128 2396 217 2434 dicit
238 2396 529 2436 s·101·a1ncutu111‚
556 2389 658 2428 aliud
688 2402 772 2426 xero
801 2401 878 2425 rem
905 2387 1035 2437 ipsam,
1064 2398 1128 2423 seu
1155 2384 1331 2421 virtutem
1360 2381 1590 2420 Sacramenti
1611 2383 1651 2428 ¹).

131 2464 255 2512 Atque
290 2473 435 2497 rursum
475 2458 594 2500 docet,
622 2454 758 2491 Judatn
796 2452 1025 2503 proditorem
1062 2464 1082 2487 a
1120 2448 1273 2486 Domini
1308 2447 1483 2485 manibus
1521 2448 1610 2484 Saci
1612 2460 1652 2483 ι-

130 2531 295 2564 mentum
335 2522 548 2573 sumpsisse,
581 2533 657 2557 rem
695 2531 794 2561 vero,
828 2531 892 2555 seu
929 2517 1116 2560 virtutem,
1154 2513 1385 2551 Sacramenti
1422 2525 1498 2550 non
1526 2525 1651 2562 sump-

132 2591 237 2628 sisse.

184 2654 345 2692 Rursum
375 2664 461 2689 vero
489 2648 585 2700 apud
614 2646 771 2685 eundem
799 2646 918 2696 ipsum
951 2642 1191 2681 Ambrosium
1219 2654 1296 2680 non
1323 2640 1451 2692 paucis
1469 2639 1561 2677 locis
1580 2651 1651 2676 vox

135 2717 364 2756 Sacramenti
390 2715 582 2766 accipitur,
610 2725 685 2750 non
713 2711 785 2748 iam
814 2723 880 2760 pro
901 2709 1016 2757 *signo
1045 2711 1198 2746 externo
1227 2706 1315 2754 ullo,
1343 2705 1404 2743 sed
1435 2718 1500 2758 pro
1519 2716 1654 2742 arcano

181 2846 206 2885 ¹)
229 2845 269 2877 In
291 2855 359 2888 cap.
383 2844 429 2876 Io.
452 2845 481 2880 6.
505 2843 610 2874 Tract.
633 2841 682 2873 26.
