1818 3178
643 108 759 136 runo.
789 108 877 136 Mla.
909 108 1100 137 raaxcor.
1561 102 1632 138 263

100 211 359 250 Catholicaeve
394 210 585 248 Ecclesiae
622 223 806 249 consensu
841 214 952 263 atque
988 212 1190 251 autoritate
1227 212 1365 260 dicam)
1402 216 1528 251 extare
1563 225 1625 250 us-

98 290 210 328 quam
247 276 400 314 omnino
436 275 617 314 videmus.
671 276 721 314 Et
756 277 935 327 quoniam
970 276 1042 314 hoc
1077 277 1160 314 loco
1196 277 1236 315 in
1272 277 1459 328 Apologia
1494 277 1624 315 Canon

100 341 264 379 Graecus
297 345 334 378 et
371 339 533 390 Cyrillus
568 340 829 393 producuntur
871 341 986 378 veluti
1021 345 1133 379 testes
1169 341 1247 379 eius
1284 342 1496 388 doctrinae,
1531 355 1627 393 quae

99 406 171 444 hoc
196 406 279 442 loco
307 406 347 442 in
374 405 561 455 Apologia
588 405 768 452 traditur,
794 406 1023 444 excutiemus
1052 411 1178 457 postea
1207 410 1243 444 et
1271 406 1436 444 canonis
1461 406 1623 457 produc-

96 470 127 508 ti
161 474 198 507 et
225 469 357 520 Cyrilli
384 469 594 508 doctrinam
623 470 692 507 hac
727 471 768 508 in
795 475 910 522 parte,
947 471 1013 508 ubi
1041 471 1085 509 de
1112 475 1245 522 quarto
1277 471 1468 509 doctrinae
1496 472 1626 522 capite,

97 546 140 571 ex
177 533 250 571 hoc
285 534 495 584 Apologiae
519 535 603 572 loco
633 535 821 580 collectae,
848 539 1017 574 nostram
1045 549 1191 587 quoque
1218 536 1441 575 sententiam
1468 536 1622 576 subiun-

96 598 281 644 xerimus,
308 598 410 650 quod
436 599 512 636 iam
538 599 680 650 alioqui
705 599 896 637 faciemus.
926 602 1012 648 (51)

149 663 211 700 Ad
247 669 434 714 quartum.
481 664 735 713 Agnoscimus
763 664 877 714 igitur
905 678 1119 716 semperque
1147 666 1380 715 agnovimus,
1415 680 1491 704 non
1519 668 1624 718 equi-

97 727 179 766 dem
216 727 317 765 aliud
355 728 483 775 ullum,
519 741 632 779 quam
667 728 792 766 vivum
827 728 934 773 illud,
971 741 1185 780 semperque
1212 730 1384 781 deinceps
1411 731 1450 768 in
1480 732 1627 770 caelesti

94 792 215 841 gloria
250 791 497 837 adorandum,
533 791 607 829 vivi
642 793 753 830 etiam
791 792 932 830 Christi
965 792 1013 831 D.
1052 805 1183 844 corpus
1219 794 1260 831 in
1298 807 1412 832 coena
1450 808 1514 832 sua
1543 809 1627 833 vere

96 856 276 900 exhiberi,
310 857 383 894 fide
417 856 699 907 percipiendum
735 859 794 905 (ut
831 857 905 894 iam
931 857 1071 907 pluries
1098 857 1239 895 dictum
1266 860 1339 905 est)
1367 871 1444 896 non
1473 873 1560 897 sane
1586 860 1626 897 in

92 921 201 959 terris
236 921 441 959 terrenisve
477 921 682 965 elementis,
718 921 781 958 sed
818 921 858 958 in
895 921 978 958 loco
1016 926 1165 958 nostrae
1200 935 1264 972 per
1291 923 1401 960 fidem
1431 936 1628 961 conversa-

94 987 221 1032 tionis,
248 999 358 1037 quem
386 986 496 1024 nobis
524 1000 544 1024 a
571 986 687 1024 Paulo
715 986 885 1037 apostolo
914 986 1040 1023 multis
1067 986 1159 1023 locis
1189 980 1412 1038 descriptum
1433 988 1624 1028 habemus.

96 1052 220 1101 Atque
256 1049 339 1088 ideo
382 1049 592 1087 doctrinam
630 1054 891 1087 accusatorum
919 1053 1135 1087 nostrorum
1162 1050 1267 1087 iuxta
1296 1051 1392 1088 hanc
1420 1052 1528 1089 huius
1555 1053 1630 1091 loci

95 1115 135 1153 in
163 1115 349 1166 Apologia
377 1114 588 1152 doctrinam
613 1114 909 1164 improbavimus
947 1126 1091 1164 semper
1118 1119 1227 1165 atque
1255 1115 1458 1153 etiamnum
1485 1116 1626 1167 impro-

96 1180 240 1226 bamus,
275 1192 387 1230 quam
421 1179 478 1216 illi
505 1178 550 1216 de
577 1178 652 1216 oris
681 1177 854 1223 carnalis,
881 1177 962 1215 sine
988 1177 1074 1223 fide,
1103 1179 1270 1229 corporis
1300 1179 1440 1217 Christi
1468 1181 1625 1218 mandu—

97 1244 242 1282 catione
276 1243 589 1294 propugnandam
626 1242 699 1280 sibi
735 1247 986 1293 sumpserunt.
1044 1242 1241 1281 Quatenus
1278 1244 1377 1281 enim
1413 1258 1513 1283 mors
1550 1260 1626 1284 noa

95 1308 253 1359 amplius
290 1307 440 1345 Christo
477 1306 640 1344 Domino
676 1307 717 1344 in
744 1307 822 1344 eius
852 1320 1007 1357 corpore
1035 1307 1261 1352 dominatur,
1290 1309 1366 1354 sed,
1394 1310 1495 1360 quod
1525 1311 1628 1357 vivit,

94 1375 170 1411 iam
210 1373 291 1411 Deo
327 1373 368 1410 in
405 1376 598 1410 aeternum
634 1372 715 1410 sine
749 1372 826 1410 ulla
862 1371 1135 1423 interruptione
1172 1373 1276 1420 vivit,
1312 1375 1626 1424 quemadmodum

97 1438 281 1489 Apologia
309 1450 354 1474 ex
380 1437 496 1474 Paulo
525 1439 608 1484 (52)
638 1436 758 1482 docet,
786 1445 896 1486 atque
924 1436 962 1473 in
991 1450 1032 1474 ea
1058 1437 1133 1473 iam
1162 1438 1312 1475 coelesti
1334 1438 1407 1475 vita
1435 1452 1626 1489 nunquam

94 1516 114 1540 a
143 1502 277 1553 spiritu
305 1514 371 1538 suo
400 1500 594 1551 gloriaque
622 1501 772 1538 coelesti
799 1514 865 1538 sua
896 1500 1049 1538 destitui
1064 1501 1224 1551 amplius
1241 1503 1626 1552 potest‚—hactenus

95 1570 194 1605 certe
228 1554 357 1604 vivens
385 1566 461 1603 iam
497 1565 544 1603 ad
581 1565 682 1603 hunc
717 1566 872 1603 modum
908 1565 987 1603 Deo
1033 1566 1204 1603 Christus
1233 1566 1418 1605 Dominus
1445 1581 1520 1605 non
1549 1582 1628 1606 am-

92 1632 191 1684 plius
228 1632 341 1670 etiam
375 1632 416 1669 in
445 1644 526 1675 suo,
561 1630 646 1668 vivo
674 1631 786 1668 etiam
814 1631 946 1681 procul
975 1631 1103 1677 dubio,
1132 1644 1287 1682 corpore
1313 1632 1361 1669 ab
1387 1633 1512 1683 impiis
1547 1634 1628 1672 sinc

95 1697 228 1748 spiritu
255 1710 298 1734 ac
325 1697 446 1745 gloria
475 1696 626 1734 coelesti
651 1695 768 1746 ipsius
795 1695 936 1746 percipi
965 1696 1118 1734 omnino
1147 1701 1282 1746 potest.
1327 1698 1425 1734 Nam
1454 1699 1625 1748 spiritum

97 1762 237 1800 Christi
265 1761 417 1799 Domini
444 1774 488 1798 ac
516 1762 710 1798 coelestem
738 1766 927 1811 praeterea
954 1761 1126 1810 gloriam,
1153 1761 1194 1798 iu
1222 1775 1294 1812 qua
1321 1768 1376 1799 est
1403 1769 1629 1814 assumptus,

95 1840 115 1864 a
144 1840 298 1878 corpore
324 1826 441 1877 ipsius
471 1826 656 1871 divellere,
686 1825 786 1863 aliud
815 1825 910 1862 nihil
936 1831 1004 1871 est,
1030 1838 1142 1876 quarn
1159 1827 1271 1863 morti
1288 1840 1416 1864 rursus
1436 1828 1625 1865 Christum

94 1891 217 1942 ipsum
246 1891 429 1929 subiicere
456 1890 562 1928 velle.
600 1889 714 1928 Quod
743 1889 913 1940 equidem
942 1894 1178 1927 accusatores
1205 1891 1325 1928 nostri
1352 1892 1508 1938 faciunt,
1535 1906 1625 1942 qua-

94 1962 203 1994 tenus
242 1956 383 1993 Christi
418 1955 573 1992 Domini
609 1967 743 2004 corpus
780 1954 828 1994 ab
862 1954 988 2005 impiis
1018 1955 1268 2003 omnigloria
1296 1956 1445 1993 coelesti
1473 1957 1625 2007 spiritu-

96 2035 167 2072 que
195 2034 261 2058 suo
290 2021 437 2058 vivifico
469 2020 689 2057 destitutum
724 2019 803 2056 sine
840 2019 914 2056 fide
941 2019 1000 2057 edi
1029 2019 1178 2058 docent.
1231 2020 1394 2058 Videant
1420 2022 1536 2070 igitur
1564 2036 1625 2060 ac-

97 2088 284 2123 cusatores
321 2085 453 2127 nostri,
490 2097 601 2134 quam
637 2083 711 2121 illis
748 2083 903 2134 pulchre
941 2083 1138 2121 conveniat
1167 2097 1248 2121 cum
1278 2086 1437 2134 August.
1467 2086 1623 2124 Confes-

96 2151 200 2188 sione
237 2154 271 2186 et
298 2149 375 2186 eius
403 2148 604 2199 Apologia,
633 2148 737 2185 cuius
767 2161 804 2185 se
832 2154 1127 2199 propugnatores
1156 2162 1235 2186 esse
1263 2150 1425 2196 iactant;
1463 2164 1507 2188 ne
1535 2152 1623 2202 quid

98 2215 155 2252 hic
183 2213 331 2261 gravius
360 2212 539 2249 dicamus.
569 2214 654 2259 (53)

149 2277 354 2316 Veniamus
389 2276 463 2313 iam
499 2276 546 2313 ad
585 2276 738 2313 citatum
776 2275 958 2313 Graecum
998 2277 1188 2314 Canonem
1226 2282 1260 2314 et
1298 2278 1428 2327 Cyrilli
1455 2279 1624 2317 testimo·

97 2344 214 2381 nium.
271 2341 459 2392 Quodque
494 2341 540 2378 ad
581 2341 770 2378 canonem
799 2341 945 2384 attinet,
975 2341 1140 2378 Niceuae
1169 2342 1312 2391 Synodi
1342 2343 1528 2381 Canouem
1560 2345 1622 2382 ‹lc-

96 2407 238 2457 signari
271 2411 457 2457 putamus,
490 2405 531 2442 iu
568 2417 642 2455 quo
670 2405 819 2455 quidem
847 2405 941 2443 nihil
969 2405 1140 2451 habetur,
1167 2406 1266 2456 quod
1294 2413 1527 2446 accusatores
1556 2422 1625 2446 no-

98 2472 165 2509 stri
192 2471 237 2508 ad
268 2483 399 2507 causae
427 2483 511 2506 suae
540 2469 789 2519 patrocinium
817 2469 962 2520 possint
990 2483 1129 2520 rapere,
1165 2476 1423 2522 praeterquam
1459 2474 1558 2523 quod
1586 2474 1625 2511 in

99 2536 226 2574 divina
261 2549 388 2573 mensa
427 2547 562 2571 coenae
590 2534 821 2578 Dominicae,
856 2534 1085 2571 considerari
1120 2536 1200 2572 vult
1238 2536 1367 2574 Canon
1404 2537 1478 2583 ille,
1514 2539 1624 2576 situm

97 2615 176 2638 esse
211 2614 350 2650 agnum
378 2599 484 2636 illurn
511 2598 594 2644 Dei,
621 2599 684 2649 qui
710 2599 810 2636 tollit
836 2604 1030 2649 peccatum
1060 2599 1200 2638 mundi.
1258 2600 1431 2651 Vultquc,
1459 2606 1512 2647 ut,
1542 2616 1624 2640 vere

98 2670 285 2704 sumentes
321 2663 529 2715 preciosum
566 2675 699 2713 corpus
727 2667 762 2699 et
791 2663 1010 2711 sanguinein
1039 2663 1168 2714 ipsius,
1196 2664 1401 2710 credamus,
1431 2666 1518 2703 hacc
1546 2667 1624 2716 ipsa

97 2744 175 2768 esse
204 2729 374 2780 symbola
404 2733 555 2766 nostrae
584 2727 879 2765 resurrectionis.
929 2726 978 2764 Et
1005 2727 1121 2772 addit,
1160 2741 1235 2765 non
1264 2730 1422 2767 multum
1451 2742 1518 2767 nos
1546 2730 1623 2767 illic

98 2808 239 2832 sumere
276 2794 340 2832 sed
367 2807 510 2844 parum,
547 2792 722 2830 nimirum
759 2805 835 2829 non
872 2792 918 2828 ad
953 2792 1160 2830 satietatem
1189 2793 1251 2831 sed
1280 2794 1327 2831 ad
1356 2794 1621 2831 sanctificatio-

97 2873 193 2899 nem.
248 2859 353 2897 Haec
391 2859 466 2897 fere
504 2857 615 2894 habet
653 2857 782 2894 Canon
817 2855 892 2894 ille.
948 2859 999 2894 At
1036 2869 1121 2895 vero
1159 2857 1190 2894 si
1226 2857 1310 2909 quis
1346 2864 1380 2895 ct
1408 2858 1556 2895 titulum
1585 2861 1621 2897 ist
