1818 3178
233 142 355 176 xxxn
875 143 1114 174 PRAEFATIO.

229 250 354 293 Lasci
383 251 550 306 scripta,
584 265 665 291 non
697 249 831 291 dicam
864 250 1065 306 colligere
1095 256 1135 291 et
1165 250 1207 292 in
1237 265 1361 293 suum
1393 250 1587 294 adhibere
1604 267 1742 304 usum,

228 322 298 364 sed
329 325 524 365 undenam
555 320 839 376 conquirenda
869 328 1004 364 essent
1034 322 1231 364 sciscitari
1261 323 1544 379 percontando
1574 324 1640 366 vel
1670 341 1743 381 po-

227 395 308 435 tius
331 392 553 435 divinando
576 392 796 434 coniicere.
829 392 988 435 Levius
1009 400 1147 435 tamen
1170 401 1260 435 erat
1277 395 1540 450 principium.
1576 395 1744 438 Etenim

225 464 267 505 in
301 463 449 518 quibus
480 463 580 505 locis
610 464 695 519 ipse
726 479 749 505 a
771 463 907 506 Lasco
929 464 1185 519 aliquamdiu
1207 465 1452 508 immoratus
1475 473 1578 517 erat,
1599 466 1742 522 quales

225 541 320 575 sunt
366 532 539 584 Embda,
582 532 840 586 Londinum,
878 533 1225 585 Francofurtum‚
1269 542 1382 577 certa
1428 535 1635 592 planaque
1675 537 1742 579 via

223 605 509 661 perquisitioni
550 604 717 661 patebat
747 612 787 648 et
817 605 972 648 stabilis
1004 613 1093 648 erat
1123 606 1248 648 Lasci
1279 623 1454 663 operum
1486 608 1741 666 indagando·

223 691 318 718 rum
359 677 478 728 ratio,
519 675 747 719 dummodo
788 686 981 720 accurate
1024 679 1112 720 eius
1143 679 1251 720 vitae
1286 680 1457 736 vestigia
1488 680 1735 737 relegerem.

222 747 401 790 Emdam
431 749 569 803 itaque
599 748 659 791 bis
690 749 765 791 visi
796 750 882 806 ipse
916 757 956 792 et
986 750 1257 793 Reformatae
1289 750 1500 794 Ecclesiae
1522 753 1736 805 scrinium,

219 820 329 876 quod
360 821 700 877 pretiosissimum
735 828 930 874 asservat,
961 821 1114 866 blanda
1134 830 1279 880 utpote
1303 822 1498 866 tabularii
1522 824 1732 880 praefecti,

217 893 295 936 viri
331 892 441 949 plur.
476 909 567 936 ven.
606 894 776 946 eroa,
812 895 1004 936 comitate
1034 895 1174 938 sedato
1206 896 1345 937 animo
1375 896 1631 952 perscrutari
1662 911 1733 952 po-

217 965 290 1009 tui.
356 964 550 1017 Arrecta,
599 965 744 1017 fateor,
791 982 863 1022 spe
906 974 1108 1010 vetustam
1141 966 1444 1018 bibliothecam,
1476 967 1575 1024 ipsis
1609 968 1735 1010 sacris

216 1035 385 1079 aedibus
415 1039 658 1094 appositam,
707 1038 919 1094 ingressus
966 1046 1106 1081 mente
1151 1041 1220 1081 vix
1265 1041 1469 1096 augurari
1515 1039 1733 1092 audebam,

215 1107 359 1161 quanti
390 1107 572 1150 thesauri
603 1108 654 1149 ab
685 1109 774 1164 ipso
806 1108 942 1150 Lasco
973 1109 1112 1150 eiusve
1144 1109 1387 1164 aequalibus
1417 1109 1503 1151 illic
1534 1109 1735 1152 reconditi

210 1179 377 1221 iamiam
411 1195 432 1221 e
466 1179 636 1236 pulvere
668 1181 776 1222 eruti
809 1181 944 1236 prisco
978 1181 1318 1237 splendescerent
1349 1197 1488 1224 coram
1523 1181 1655 1224 oculis
1671 1182 1732 1223 ni-

214 1259 315 1294 tore.
379 1249 495 1305 Quas
535 1267 618 1294 non
662 1252 900 1309 praeclaras
932 1252 1129 1307 reliquias
1161 1253 1284 1297 Lasci
1315 1254 1514 1296 MEINERS
1546 1261 1586 1296 et
1616 1253 1732 1296 GER-

212 1336 355 1364 DEans
396 1338 469 1364 suo
498 1323 579 1365 iam
614 1330 799 1379 tempore
832 1339 882 1365 ex
914 1323 991 1365 hoc
1023 1324 1135 1365 fonte
1165 1324 1433 1366 liausierantl
1496 1323 1614 1377 Quas
1646 1339 1729 1366 11011

212 1395 439 1450 quantique
486 1393 608 1450 pretii
656 1409 697 1436 se
730 1394 875 1436 vidisse
906 1394 1057 1437 ibidem
1090 1395 1242 1451 passim
1272 1395 1466 1452 indigitat
1499 1396 1730 1437 HARCKEN-

213 1467 345 1508 ROTH!
407 1465 581 1517 Quanta
619 1465 693 1508 lux
733 1481 783 1508 ex
815 1465 1072 1523 presbyterii,
1106 1467 1174 1508 cui
1206 1481 1280 1523 per
1310 1467 1555 1510 sexennium
1588 1467 1675 1523 ipse
1707 1483 1730 1510 a

210 1537 347 1580 Lasco
377 1537 572 1594 praefuit,
606 1538 706 1580 actis
737 1538 844 1580 vitae
874 1539 1001 1594 ipsius
1032 1538 1276 1596 affulgeret!
1342 1538 1512 1592 Quanta
1542 1546 1731 1583 maneret

211 1611 429 1667 congeries
474 1609 706 1652 litterarum
755 1611 1071 1667 exscriptarum,
1114 1625 1216 1666 quas
1263 1610 1475 1654 Ecclesiae
1506 1613 1674 1654 nomine
1704 1627 1729 1654 a

209 1682 347 1725 Lasco
392 1681 444 1723 ad
484 1682 585 1724 alias
626 1681 834 1724 Ecclesias
864 1682 1059 1725 misisset!
1119 1681 1260 1734 Quam
1293 1689 1407 1725 certa
1440 1683 1527 1725 fere
1559 1683 1729 1739 fallique

211 1754 349 1795 nescia
380 1754 643 1810 exspectatio,
675 1754 717 1796 in
749 1754 1065 1810 exquisitissima
1097 1753 1346 1797 bibliotheca
1377 1754 1463 1807 illa,
1489 1770 1593 1811 quae
1617 1755 1730 1798 Har-

211 1825 442 1883 denbergii,
484 1827 625 1868 eximii
656 1826 781 1869 Lasci
828 1827 968 1879 amici,
1015 1826 1218 1868 librorum
1252 1826 1540 1869 collectionem
1574 1842 1730 1884 magna

211 1907 329 1955 parte
368 1899 597 1941 etiamnum
644 1899 837 1956 possidet,
870 1899 1001 1955 ipsius
1031 1899 1157 1941 Lasci
1188 1913 1352 1953 quoque
1384 1897 1726 1941 lucubrationum

208 1971 366 2027 priscas
405 1970 812 2026 absolutissimasque
852 1970 1053 2013 editiones
1094 1985 1237 2012 omnes
1278 1977 1317 2012 et
1348 1970 1472 2026 plena
1503 1977 1615 2012 certe
1646 1969 1729 2013 col-

206 2042 385 2086 lectione
419 2043 649 2085 asservari!
697 2042 752 2085 Et
781 2050 920 2085 tamen
955 2042 1126 2084 minime
1157 2041 1329 2083 dubiam
1360 2049 1400 2084 et
1431 2042 1554 2098 plane
1584 2041 1726 2099 explo-

207 2122 340 2158 ratam
384 2115 504 2167 hanc,
554 2121 602 2157 ut
642 2114 858 2171 opinabar,
891 2130 1004 2171 spem
1037 2121 1125 2156 tum
1158 2114 1303 2156 scrinii
1334 2120 1423 2157 tum
1454 2113 1727 2157 bibliothecae

206 2187 398 2230 lustratio
438 2187 490 2230 ad
520 2187 689 2229 irritum
724 2187 846 2243 plane
878 2187 1060 2238 reduxit,
1096 2202 1171 2228 nec
1203 2185 1434 2229 debilitavit
1464 2193 1627 2229 tantum
1656 2185 1725 2229 sed

206 2259 382 2316 infregit
428 2274 599 2315 prorsus
631 2266 671 2301 et
701 2259 857 2315 eripuit
888 2274 1069 2302 omnem.
1129 2258 1194 2301 Ne
1225 2273 1310 2301 una
1341 2258 1506 2313 quidem
1541 2257 1727 2300 litterula

204 2329 332 2373 Lasci
377 2331 419 2372 in
468 2330 635 2380 scrinio,
681 2330 724 2372 in
764 2329 1016 2372 bibliotheca
1048 2330 1319 2373 refertissima
1350 2330 1517 2372 nonnisi
1549 2330 1629 2371 tria
1660 2345 1725 2372 ea-

206 2402 384 2457 demque
429 2403 471 2444 in
515 2418 590 2444 suo
633 2417 789 2459 genere
835 2402 1035 2445 vilissima
1081 2403 1169 2445 eius
1215 2402 1416 2459 opuscula
1461 2408 1724 2458 supererant.

204 2474 337 2517 Nulla
369 2489 546 2529 usquam
576 2474 617 2515 in
649 2474 750 2516 actis
781 2474 1031 2532 presbyterii
1063 2475 1153 2517 eius
1175 2474 1531 2525 commemoratio,
1555 2473 1723 2516 nullum

204 2548 293 2590 eius
325 2562 473 2590 manus
503 2547 545 2588 111
578 2547 742 2603 scriptis
773 2546 984 2589 Ecclesiae
1016 2546 1273 2590 documentis
1303 2547 1540 2603 vestigium.
1603 2546 1721 2598 Quin

202 2619 289 2660 imo
320 2624 579 2661 evanuerant
610 2632 780 2674 prorsus
811 2624 853 2659 et
884 2618 996 2660 furto
1027 2617 1163 2660 ablata
1183 2617 1438 2660 subductave
1459 2622 1594 2668 erant,
1617 2631 1724 2672 quae

202 2688 393 2732 Meiners
431 2696 471 2731 et
512 2688 812 2731 Harckenroth
844 2704 919 2731 suo
950 2705 992 2731 se
1023 2696 1211 2747 tempore
1242 2688 1374 2731 oculis
1405 2689 1489 2730 suis
1520 2702 1722 2745 conspex-

202 2762 281 2804 isse
311 2762 477 2818 scriptis
508 2761 593 2803 suis
622 2760 761 2817 palam
793 2760 1123 2804 affirmaverunt.
1173 2761 1265 2804 Nec
1296 2759 1465 2802 uberior
1494 2760 1637 2802 messis
1668 2774 1720 2802 ex

203 2833 383 2876 archivis
413 2832 627 2876 Ecclesiae
659 2832 907 2876 Gallicanae
939 2848 1075 2888 neque
1097 2833 1256 2891 largior
1272 2848 1323 2875 ex
1339 2831 1520 2874 archivis
1541 2830 1721 2889 politicis

202 2903 446 2950 Embdanae
496 2904 612 2947 urbis
656 2904 908 2962 reportanda
948 2912 1050 2957 erat,
1098 2903 1169 2947 ubi
1217 2910 1510 2947 testamentum
1557 2918 1722 2958 quoque
