1818 3178
645 147 831 175 EPISTOLA
863 148 915 174 ,an
944 146 1098 174 REGEM.
1563 135 1634 175 107

114 248 220 287 iuxta
263 248 419 286 verbum
455 247 537 293 Dei,
571 253 763 299 putarunt.
818 250 906 286 Huc
940 261 1024 286 vero
1062 247 1171 285 etiam
1208 249 1348 298 spectat
1384 249 1512 284 nostra
1549 246 1640 283 haec

115 312 415 356 tractatiuneula‚
449 325 561 362 quam
587 312 626 350 in
655 313 724 350 hoc
750 313 985 364 potissimum
1014 317 1221 363 susceptam
1248 316 1333 349 tuae
1361 311 1420 348 hic
1454 310 1640 348 Maiestati

114 376 226 414 offero
268 388 336 427 pro
380 388 461 413 mea
494 376 534 413 in
577 377 682 414 illam
729 377 979 422 observantia,
1022 388 1162 426 oroque
1198 379 1239 412 ut
1281 388 1362 413 eam
1399 374 1560 424 benigno
1596 387 1640 411 ae

115 441 288 479 clementi
315 440 438 477 animo
465 454 487 477 a
514 453 572 477 me
599 441 764 492 accipere
793 441 978 490 dignetur.
1031 440 1132 477 Deus
1160 443 1284 476 autem
1312 438 1401 489 Opt.
1432 438 1548 483 Max„
1574 438 1639 488 qui

114 509 151 544 te
186 506 342 543 afflictae
378 518 479 542 nunc
516 519 603 543 suae
640 506 829 543 Ecclesiae
867 505 1048 554 singulari
1085 517 1150 541 suo
1190 504 1370 541 beneficio
1408 503 1547 541 donare
1583 503 1640 540 di-

113 574 250 620 gnatus
285 574 352 615 est,
388 573 430 607 ut
464 570 503 607 in
540 569 604 608 illa
640 583 745 608 verae
781 569 972 619 religionis
1010 572 1134 606 custos
1172 581 1365 619 supremus
1401 569 1570 619 altorque
1597 582 1641 605 ac

114 633 229 672 veluti
264 638 368 685 pater
409 634 593 685 quispiam
630 648 739 679 esses,
774 635 813 672 in
849 639 973 671 tenera
1014 633 1136 670 adhuc
1171 636 1289 671 aetate
1324 634 1398 671 ista
1432 637 1509 679 tua,
1536 633 1641 671 iuxta

114 697 364 747 Euangelium
393 698 548 736 Christi:
579 720 629 727 —
656 699 721 749 qui
748 702 784 735 te
809 698 899 735 item
914 700 972 734 tot
988 697 1175 747 tantisque
1195 687 1347 734 dotibus
1365 697 1417 735 ita
1437 697 1642 740 exornavit,

113 765 155 800 ut
175 761 254 799 sine
273 774 408 811 magna
428 763 595 800 omnium
613 762 859 800 admiratione
878 760 1042 811 conspici
1060 760 1099 797 in
1117 765 1154 798 te
1171 773 1247 798 non
1258 761 1419 811 possint3
1431 753 1484 789 ”-
1495 766 1639 812 postre-

114 840 189 871 1110,
226 828 291 878 qui
338 831 374 865 te
402 828 614 865 admirabili
652 827 865 864 hauddubie
900 826 1068 877 potentia
1104 825 1203 863 inter
1229 831 1285 863 tot
1314 827 1472 863 Satanae
1500 830 1536 863 et
1563 826 1641 863 eius

116 891 328 929 satellitum
358 896 514 929 conatus
544 891 650 929 dolos
679 895 713 928 et
739 890 902 941 pericula
932 890 1111 927 hactenus
1143 890 1303 938 benigne
1330 890 1510 927 servavit:
1531 889 1642 933 idem,

113 955 280 1007 inquam,
316 956 394 1007 ipse
430 956 531 993 Deus
569 955 658 1006 Opt.
697 954 800 992 Max.
837 959 872 991 te
909 954 1080 1004 deinceps
1118 967 1266 1004 quoque
1294 958 1425 1000 servet,
1454 953 1639 1004 addatque

113 1020 186 1058 tibi
223 1020 405 1071 Spiritum
442 1034 562 1067 suum,
597 1025 638 1057 ut
675 1019 774 1070 quod
810 1019 850 1056 in
883 1022 919 1056 te
948 1019 1079 1069 coepit,
1107 1018 1152 1055 ad
1180 1019 1294 1055 finem
1320 1031 1438 1068 usque
1464 1019 1643 1069 perficiat,

115 1089 290 1135 regatque
326 1097 370 1122 ae
406 1085 588 1133 gubernet
625 1088 688 1122 tua
717 1083 874 1120 consilia
901 1082 1039 1126 omnia,
1066 1086 1101 1119 et
1129 1085 1277 1120 sanctos
1304 1085 1391 1119 tuos
1419 1085 1642 1131 tuorumque

117 1152 273 1186 conatus
325 1163 349 1187 n
388 1148 618 1187 restituenda
655 1161 739 1185 vera
775 1147 957 1195 religione
992 1147 1143 1185 adiuvet
1177 1147 1359 1198 provehat
1394 1152 1429 1184 et
1463 1147 1641 1186 fortunat.

116 1215 250 1252 Amen.
