1818 3178
756 146 983 176 PRAEFATIO
991 166 999 176 .
1508 149 1643 180 LXXIII

131 267 313 295 mannus·
346 253 423 293 An.
460 251 588 294 1551.
622 252 755 297 Mens.
789 253 926 307 April.
976 255 1070 295 Cum
1092 253 1309 308 privileqio
1339 256 1395 297 ad
1421 255 1645 309 imprimen-

133 326 224 366 dum
254 324 393 365 solum.

186 394 303 437 Misit
344 394 467 437 huius
508 393 638 437 libelli
682 394 897 451 exemplar
936 394 987 437 ad
1020 395 1410 453 Hardenbergium,
1442 397 1644 441 Iacobum

129 465 437 522 Praepositum,
472 465 692 508 Danielem
723 466 957 508 Burenium
991 472 1031 508 et
1065 466 1381 523 Bullingerum.
1440 468 1643 521 Litterae,

129 536 238 578 unde
280 536 359 578 hoc
389 536 593 589 novimus,
635 535 686 578 ad
718 535 1088 593 Hardenbergium
1122 537 1242 579 datae
1272 545 1371 581 sunt
1402 539 1549 583 ultima
1580 540 1646 583 die

127 606 234 648 Maii
264 622 300 649 a.
335 607 460 658 1551,
494 606 536 649 in
571 606 721 663 quibus
751 607 809 649 sic
839 613 997 649 noster:
1033 629 1054 655 ῃ
1067 607 1194 649 Mitto
1216 608 1287 650 tibi
1309 609 1498 653 libellum
1520 626 1645 668 quem

130 677 232 724 uhic
259 677 368 719 edidi
400 677 449 719 de
480 676 773 729 Sacramentis,
806 677 875 719 cui
906 684 966 720 est
997 692 1162 720 annexa
1193 694 1277 722 mea
1308 686 1422 723 vetus
1452 685 1646 738 quaedam

128 770 150 796 η
164 750 298 790 eadem
343 750 390 791 de
430 763 473 790 re
513 750 696 802 epistola,
729 763 856 803 quam
889 754 934 789 tu
965 748 1085 790 nosti.
1126 748 1252 791 Mitto
1284 758 1324 793 et
1354 752 1538 795 Domino
1567 753 1644 796 Ja-

128 817 269 866 ncobo
299 825 339 861 et
368 819 552 861 Domino
583 819 795 861 Danieli.''
822 818 852 876 ¹)
902 818 1105 862 Similiter
1136 820 1187 863 ad
1217 822 1514 880 Bullingerum
1547 827 1647 868 scri·

125 890 184 932 bit
213 890 386 947 epistola
417 891 456 934 d.
482 893 506 934 7
527 891 650 933 Junii
679 890 861 932 eiusdem
895 892 994 933 anni
1025 891 1141 935 data:
1177 915 1198 940 η
1212 894 1375 937 Deinde
1396 903 1436 939 et
1457 897 1645 942 libellum

127 985 149 1010 η
165 961 216 1004 ad
234 969 272 1003 te
293 968 412 1004 tuum
436 961 485 1004 de
504 958 798 1013 sacramentis,
822 976 945 1017 quem
970 970 1065 1005 ante
1097 963 1322 1006 triennium
1354 965 1404 1008 ad
1427 983 1494 1009 me
1525 969 1647 1011 mise-

127 1056 148 1082 η
163 1048 242 1084 ras,
396 1033 447 1075 ad
478 1038 520 1074 te
550 1033 657 1084 misi,
690 1033 757 1075 hic
785 1048 853 1075 me
883 1040 1042 1085 autore,
1076 1033 1147 1076 sed
1180 1034 1298 1077 valde
1320 1036 1553 1081 incorrecte
1574 1056 1644 1083 ex-

129 1126 151 1152 η·
165 1119 329 1149 cusum.
368 1103 465 1146 Non
497 1111 691 1160 putaram
723 1103 848 1153 enim,
881 1110 920 1146 te
950 1104 1040 1146 istic
1070 1104 1190 1148 illum
1212 1106 1426 1150 editurum
1447 1124 1611 1155 esse.,.
1632 1145 1642 1156 .

127 1176 305 1225 '‘Adieci
344 1176 413 1216 illi
455 1191 574 1217 unam
604 1191 625 1217 e
653 1176 748 1217 meis
779 1176 958 1230 epistolis
987 1178 1119 1219 eadem
1151 1179 1199 1219 cle
1226 1193 1270 1220 re
1300 1185 1395 1222 ante
1424 1195 1491 1222 sex
1521 1198 1644 1225 annos

128 1271 149 1296 η
165 1248 366 1300 scriptam,
399 1253 447 1288 ut
477 1245 689 1289 doctrinae
721 1261 970 1289 consensum
1003 1248 1268 1292 attestarer.'’
1293 1252 1324 1306 2)

180 1319 458 1361 Verissimum
489 1333 616 1374 porro
646 1334 746 1370 esse,
795 1318 906 1375 quod
938 1320 1145 1373 contendi,
1179 1322 1342 1364 nonnisi
1375 1338 1507 1368 unum
1539 1341 1642 1368 eun-

122 1390 301 1447 demque
340 1389 531 1432 libellum
561 1396 744 1446 utroque
781 1391 903 1433 titulo
944 1391 1119 1434 indicari
1150 1399 1191 1435 et
1220 1409 1315 1436 meo
1343 1395 1436 1437 iure
1467 1396 1517 1438 ad
1548 1399 1647 1451 Epi-

121 1465 262 1506 stolam
293 1464 339 1505 de
374 1464 515 1515 Coena,
539 1478 604 1504 me
635 1462 838 1516 retulisse,
870 1463 1070 1520 quicquid
1101 1463 1151 1506 de
1184 1465 1466 1510 moderatione
1497 1468 1646 1512 doctri-

125 1549 203 1576 nae
244 1533 524 1590 scriptitatum
555 1533 617 1585 sit,
651 1532 743 1576 luce
776 1533 930 1576 elarius
961 1535 1064 1577 haec
1094 1535 1221 1592 ipsius
1251 1535 1378 1579 Lasci
1408 1538 1459 1581 ad
1491 1539 1645 1583 Emda-

124 1620 200 1647 nos
247 1604 455 1647 ministros
496 1603 623 1646 verba
664 1605 884 1648 evincunt:
942 1605 1072 1652 ssNon
1113 1606 1258 1649 dubito
1289 1616 1427 1652 autem
1460 1626 1530 1652 vos
1561 1627 1644 1654 me·

126 1677 296 1726 umoria
335 1675 471 1718 adhuc
513 1682 655 1718 tenere
701 1678 907 1719 doetrinae
937 1683 1097 1720 nostrae
1125 1681 1440 1731 moderationem,
1471 1697 1549 1739 per
1578 1700 1646 1727 me

126 1770 148 1796 u
161 1755 305 1806 postea
335 1750 404 1790 sub
427 1750 573 1803 forma
604 1749 795 1801 epistolae
824 1750 1028 1792 cuiusdam
1059 1749 1101 1791 in
1135 1750 1297 1807 Anglia
1327 1753 1494 1803 editam,
1517 1769 1645 1811 quam

126 1843 148 1869 η
165 1820 373 1861 Dominus
404 1819 680 1861 Hei-mannus
700 1819 906 1871 Brassius‚
930 1819 1094 1877 collega
1124 1821 1190 1863 hic
1220 1829 1378 1875 noster,
1410 1824 1452 1867 in
1479 1826 1644 1882 publica

128 1914 148 1939 η
164 1891 362 1933 concione
406 1890 576 1932 Nordae
621 1897 719 1932 ante
769 1906 900 1933 annos
947 1892 1078 1934 ferme
1117 1899 1210 1934 octo
1240 1900 1312 1936 aut
1342 1896 1522 1952 amplius
1551 1913 1648 1955 pro-

130 1984 150 2010 η
171 1962 301 2003 fessus
332 1967 392 2002 est
423 1967 463 2002 et
494 1960 683 2017 plerique
721 1968 906 2004 vestrum
939 1963 1194 2019 exscriptum
1225 1963 1394 2008 demum
1427 1968 1547 2010 etiam
1583 1984 1645 2011 re·

128 2032 424 2082 minuerunt?
448 2033 494 2087 ³).
554 2031 620 2073 Ex
666 2047 749 2088 quo
779 2032 871 2075 loco
902 2033 1004 2075 haec
1035 2035 1114 2077 tria
1145 2035 1472 2081 luculentissime
1503 2047 1645 2096 patent

126 2106 185 2146 10.
219 2103 532 2146 Moderationem
575 2104 780 2145 doetrinae
819 2104 996 2146 eundem
1031 2104 1219 2148 libellum
1252 2123 1339 2149 esse
1371 2124 1495 2164 quem
1526 2111 1643 2154 Lon-

125 2175 211 2218 dini
255 2174 331 2217 sub
358 2173 478 2216 titulo
508 2175 586 2231 Ep.
617 2176 664 2216 de
698 2177 824 2216 Coena
854 2175 1038 2223 ediderit,
1089 2179 1148 2221 20.
1182 2178 1281 2220 Esse
1313 2180 1421 2222 hanc
1450 2182 1642 2227 modera—

124 2249 277 2290 tionem
318 2246 360 2288 in
401 2260 522 2287 usum
564 2251 772 2302 pastorem
804 2245 967 2290 Frisiae
998 2246 1230 2292 Orientalis
1262 2251 1475 2308 scriptam,
1509 2261 1549 2297 et
1580 2256 1642 2301 30.

167 2461 195 2500 ¹)
218 2462 320 2493 LAsct
345 2461 456 2502 Opera,
479 2461 549 2493 Vol.
571 2461 616 2494 II.
639 2461 710 2494 653.

166 2518 194 2557 Ξ)
217 2516 352 2554 Ibidem,
375 2516 444 2548 Vol.
467 2516 513 2549 11.
537 2516 608 2548 654.
652 2516 724 2548 Huc
755 2528 877 2560 quoque
905 2519 982 2550 facit
1012 2520 1095 2561 quod
1119 2520 1158 2552 ad
1175 2521 1452 2564 Hardenbergium
1477 2525 1589 2557 scribit
1612 2526 1643 2559 d.

126 2573 165 2604 28
194 2573 307 2604 Martii
330 2573 427 2604 1554:
458 2572 594 2614 „Neque
617 2583 691 2604 vero
715 2584 771 2614 ego
794 2575 916 2606 mutavi
939 2575 1015 2616 quid
1040 2575 1072 2607 in
1095 2575 1242 2608 doctrina
1264 2589 1334 2609 mea
1357 2579 1394 2610 ab
1419 2590 1466 2618 eo,
1489 2582 1573 2623 quod
1595 2584 1646 2614 vel

125 2628 269 2667 „nostris
290 2628 340 2659 liic
360 2627 506 2659 Ecclesiis
524 2629 597 2658 ante
618 2638 715 2658 meum
737 2627 810 2658 hinc
831 2629 947 2660 abitum
969 2629 1001 2660 in
1023 2630 1140 2671 scripto
1161 2642 1226 2662 meo
1248 2632 1400 2664 traditum
1422 2634 1642 2677 reliqueram,”

124 2685 155 2715 et
182 2682 289 2725 paullo
323 2682 471 2713 iuferius:
505 2682 598 2724 „Qui
629 2682 668 2713 iis
699 2682 815 2714 finibus
850 2683 1030 2716 doctrinam
1052 2685 1091 2717 de
1114 2686 1316 2719 Eucharistia
1340 2688 1501 2721 includere
1524 2690 1642 2729 volent,

125 2764 142 2777 ‚‚
158 2739 270 2781 quibus
300 2738 332 2769 in
354 2749 418 2769 meo
439 2737 565 2778 scripto,
588 2739 637 2769 vel
656 2737 726 2769 istis
747 2738 797 2770 hio
819 2739 956 2771 ecclesiis
971 2751 1030 2781 per
1052 2751 1097 2772 me
1119 2741 1192 2773 olim
1214 2742 1334 2781 relicto,
1357 2744 1408 2775 vel
1430 2745 1545 2776 vestris
1568 2746 1642 2779 istic

124 2794 307 2832 „ministris
329 2793 581 2833 (Bremensibus)
606 2793 689 2830 data,
713 2793 835 2825 inclusa
858 2797 915 2833 est,
939 2798 1049 2837 parata
1071 2798 1119 2828 est
1141 2797 1342 2830 concordia.''
1398 2798 1499 2831 LAsm
1531 2800 1643 2842 Opera.

129 2849 199 2881 Vol.
219 2849 264 2880 11.
286 2860 317 2891 p.
341 2849 412 2880 699.

169 2905 195 2944 ⁸)
219 2903 317 2935 Lism
346 2904 455 2945 Opera,
481 2903 549 2936 Vol.
578 2904 599 2935 1.
625 2915 654 2945 p.
677 2903 748 2937 237.
