1818 3178
171 116 215 152 16
625 120 675 145 DE
703 118 867 144 CHRISTI
894 117 1211 146 INCARNA'I'IONE.

170 228 279 274 atque
313 222 404 261 adeo
439 234 503 272 per
538 220 628 256 haec
662 212 720 266 (in
755 218 855 262 Ada)
892 231 1146 268 peccassemus
1172 219 1302 266 etiam3
1337 218 1519 269 particeps
1546 220 1582 256 et
1607 218 1685 268 ipse

170 290 289 326 sactus
322 291 376 325 est
410 285 607 324 eorundem
641 283 821 333 ipsorum,
853 287 894 320 ut
929 283 1024 320 mori
1051 287 1188 333 posset,
1214 297 1256 321 ac
1283 297 1347 334 per
1374 287 1528 321 mortem
1555 282 1686 330 (veluti

167 353 286 390 fidelis
327 350 515 395 Pontifex)
551 347 785 397 tyrannidem
820 347 897 385 eius
935 346 1111 392 aboleret,
1143 347 1207 398 qui
1244 349 1374 386 mortis
1409 347 1610 398 imperium
1645 347 1684 384 in

168 430 276 454 carne
302 419 427 453 nostra
455 412 627 455 habebat,
653 416 893 463 posteaquam
921 425 1013 455 eam,
1040 412 1135 449 nihil
1162 412 1240 462 ipse
1267 413 1515 458 commeritus,
1530 416 1566 450 et
1582 411 1686 449 iuxta

166 482 316 518 alteram
354 482 521 516 naturam
559 490 662 514 suam
699 476 932 521 immortalis,
960 480 1087 513 nostra
1117 476 1296 514 duntaxat
1324 490 1434 515 causa
1461 476 1686 528 pertulisset.

166 544 289 581 Verba
316 542 419 580 Pauli
447 541 563 592 (quod
590 541 742 591 quidem
770 540 816 577 ad
845 545 1053 591 assumptae
1082 540 1226 578 servilis
1254 541 1393 579 formae
1419 541 1571 578 modum
1598 540 1685 577 atti-

168 609 246 655 net)
291 606 344 643 sic
388 605 546 642 habent:
592 605 837 655 Posteaquam
893 604 1006 653 igitur
1058 604 1162 654 pueri
1213 605 1511 642 communionem
1549 603 1688 641 habent

167 673 292 710 carnis
335 674 372 708 et
412 669 618 717 sanguinis,
664 673 700 707 et
748 669 826 720 ipse
875 682 1021 720 quoque
1050 671 1247 718 particeps
1275 671 1439 707 similite}-
1472 671 1600 715 factus
1637 675 1689 706 est

168 737 362 774 eorundem
389 736 565 784 ipwrum,
592 741 629 771 vt
648 748 722 783 per
750 741 897 771 mortem
937 746 1079 771 cessare
1115 734 1263 778 faceret,
1299 733 1374 770 Sive
1401 733 1565 770 aboleret
1591 746 1688 778 eum,

167 799 230 848 qui
266 797 396 835 mortis
432 797 592 834 habebat
627 796 821 847 imperium
860 801 926 834 cet.
982 796 1058 833 Hic
1086 809 1172 833 vero
1200 801 1241 833 tu
1268 795 1442 844 agnoscis
1469 795 1618 845 quidem
1646 808 1687 832 ea

167 861 272 899 Pauli
300 860 422 904 verba,
457 864 492 897 et
528 859 666 904 fateris,
701 859 819 896 filium
856 859 926 896 Dei
963 859 1255 896 communicasse
1293 859 1395 896 carni
1422 863 1458 896 et
1495 859 1687 907 sanguini:

169 930 349 962 caeterum
377 937 456 961 eam
486 937 646 968 carnem,
673 923 732 960 cui
759 923 790 960 is
820 923 1139 968 communicasset,
1164 936 1279 972 negas
1306 936 1386 960 esse
1413 927 1591 960 nostram.
1638 923 1689 960 At

167 1002 252 1026 vero
279 988 416 1026 Paulus
441 987 479 1024 id
507 987 586 1036 agit
611 986 843 1037 potissimum
872 985 942 1024 11οο
969 988 1064 1032 1000,
1098 991 1138 1025 111
1156 987 1297 1031 doceat,
1315 987 1432 1024 filium
1452 986 1522 1024 Dei
1541 991 1691 1024 nostrae

168 1059 202 1090 et
231 1052 368 1090 nullius
395 1051 545 1088 alterius
574 1050 693 1088 carnis
724 1050 940 1101 participem
976 1052 1115 1088 factum
1143 1064 1232 1089 esse.
1270 1053 1393 1101 Atque
1420 1050 1496 1100 agit
1513 1050 1584 1087 hoc
1603 1063 1690 1087 sane

169 1122 205 1154 et
224 1116 345 1154 verbis
370 1116 422 1153 ita
442 1115 626 1159 dilucidis,
645 1119 679 1152 et
699 1115 1020 1164 argumentatione
1039 1115 1090 1152 ita
1110 1116 1270 1164 urgenti,
1289 1120 1328 1152 ut
1347 1128 1464 1165 neque
1482 1115 1552 1152 tibi
1572 1127 1691 1164 neque

170 1182 221 1229 (Β
238 1181 337 1228 viiib)
366 1180 548 1230 cuiquam,
566 1179 682 1216 ullum
706 1179 766 1216 hic
787 1192 937 1229 prorsus
958 1178 1155 1228 suffugium
1172 1180 1374 1229 permittat.
1405 1178 1689 1228 Argumentatio

168 1245 324 1282 Paulina
359 1245 443 1281 talis
480 1248 553 1281 est:
583 1243 730 1280 Adduei
757 1243 860 1293 pueri
886 1243 931 1280 ad
959 1243 1118 1292 gloriam
1145 1243 1267 1292 Regni
1295 1243 1463 1280 coelestis
1493 1243 1691 1289 debebant,

171 1315 211 1346 ut
247 1308 362 1345 Filius
399 1307 468 1345 Dei
494 1321 647 1356 regnum
675 1307 713 1343 in
741 1306 816 1343 illis
844 1320 950 1344 suum
979 1307 1145 1351 haberet,
1171 1320 1242 1357 quo
1271 1307 1391 1358 ipsum
1421 1307 1529 1344 Pater
1557 1307 1603 1344 ab
1631 1320 1688 1345 ae·

170 1377 276 1411 terno
304 1373 405 1410 iuxta
433 1371 834 1422 suamprovidentiam
860 1372 1082 1409 honorarat:
1110 1371 1156 1409 Id
1184 1385 1270 1409 vero
1299 1385 1381 1409 cum
1408 1371 1488 1409 fieri
1508 1384 1584 1409 non
1602 1384 1690 1422 pos-

173 1442 239 1482 set,
273 1437 345 1474 nisi
371 1437 510 1473 abolita
537 1436 637 1486 prius
666 1435 817 1473 Diaboli
843 1436 1052 1486 tyrannide,
1079 1436 1142 1486 qui
1170 1436 1208 1473 in
1235 1449 1369 1486 pueros
1397 1436 1496 1479 11103,
1523 1435 1594 1472 hoc
1622 1440 1689 1481 est,

172 1501 210 1538 in
248 1513 316 1538 nos
352 1500 492 1538 omneis
527 1502 609 1550 (per
646 1499 830 1537 decretum
868 1499 954 1547 Dei)
992 1500 1121 1536 mortis
1149 1499 1341 1550 imperium
1372 1499 1552 1537 habebat:
1580 1504 1690 1550 atque

175 1564 265 1602 haec
289 1564 368 1615 ipsa
398 1563 546 1601 Diaboli
575 1562 775 1613 Tyrannis‚
802 1563 943 1600 aboleri
970 1563 1072 1600 nullo
1102 1563 1174 1600 alio
1203 1563 1313 1600 modo
1342 1568 1478 1614 posset,
1506 1564 1581 1601 nisi
1606 1577 1689 1614 per-

174 1630 297 1667 soluto
332 1628 372 1666 in
407 1628 531 1666 eadem
570 1641 690 1673 carne,
726 1641 781 1674 eo,
817 1627 916 1678 quod
948 1627 1021 1665 iam
1059 1633 1187 1665 nostro
1222 1627 1260 1665 in
1290 1628 1373 1665 Ada
1400 1633 1551 1679 peccato
1580 1628 1692 1666 semel

174 1695 293 1731 fuerat
330 1693 584 1737 constitutum,
619 1705 750 1743 nempe
786 1696 903 1729 morte
938 1691 1101 1742 (impleri
1135 1692 1232 1729 enim
1272 1692 1466 1743 oportebat
1504 1692 1691 1730 decretum

176 1756 315 1794 aeterni
341 1755 448 1804 Dei);
476 1755 531 1792 Ut
558 1755 671 1804 igitur
699 1768 739 1792 ea
767 1755 846 1805 ipsa
876 1754 1027 1792 Diaboli
1055 1755 1224 1805 tyrannis
1253 1768 1336 1792 vere
1363 1754 1504 1792 aboleri
1523 1755 1562 1792 in
1583 1768 1693 1793 carne

176 1825 305 1858 nostra
332 1825 468 1870 posset,
494 1819 612 1857 Filius
639 1832 723 1857 ecce
753 1818 834 1863 Dei,
861 1819 926 1869 qui
953 1819 1053 1856 solus
1081 1819 1219 1856 efficere
1246 1819 1285 1856 id
1311 1819 1445 1870 potuit,
1471 1819 1549 1857 eius
1576 1818 1692 1870 ipsius

179 1885 299 1922 carnis
324 1884 505 1935 particeps
533 1898 611 1922 esse
638 1884 766 1925 voluit,
793 1897 886 1934 quae
912 1888 947 1921 et
973 1888 1123 1934 peccato
1151 1886 1351 1934 (quatenus
1371 1889 1426 1922 est
1442 1885 1637 1932 tentatus),
1657 1888 1693 1922 01

176 1949 287 1987 morti
313 1950 421 1987 etiam
451 1949 614 1986 obnoxia
641 1952 757 1995 esset3
786 1948 857 1985 hoc
884 1952 950 1993 est,
979 1952 1128 1986 nostrae
1154 1950 1290 1999 (neque
1307 1948 1405 1986 enim
1424 1952 1480 1986 est
1495 1948 1568 1986 alia
1586 1961 1692 1999 prae·

177 2018 232 2052 ter
258 2019 423 2052 nostram
451 2027 534 2051 caro
563 2014 636 2051 ulla
662 2017 812 2064 peccato
841 2026 884 2050 ac
910 2013 1021 2050 morti
1049 2013 1225 2058 obnoxia,
1253 1998 1345 2064 qbae
1372 2013 1521 2064 quidem
1548 2013 1595 2050 ad
1609 2014 1692 2062 glo-

177 2078 269 2115 riam
304 2078 452 2116 interim
479 2078 612 2115 adduci
640 2077 763 2115 adhuc
790 2077 958 2126 dcbeat);
987 2082 1026 2115 ut
1053 2078 1241 2128 persoluto
1269 2079 1309 2116 in
1336 2091 1377 2116 ea
1405 2079 1546 2129 peccati
1574 2079 1694 2116 nostri

178 2142 376 2192 stipendi0‚
395 2156 414 2179 a
435 2141 585 2179 Diaboli
604 2142 706 2179 illam
725 2141 923 2191 tyrannide
941 2141 1128 2187 liberaret,
1146 2143 1316 2193 atque(C
1335 2143 1382 2190 ia)
1396 2143 1447 2180 ita
1465 2156 1534 2179 nos
1546 2143 1693 2180 demum

179 2206 345 2256 (impleta
381 2206 419 2243 in
454 2206 563 2243 nobis
598 2219 661 2256 per
697 2210 850 2243 naturae
886 2207 1183 2244 communionem
1217 2207 1339 2244 Patris
1377 2207 1433 2244 sui
1458 2206 1618 2255 iustitia)
1645 2207 1691 2244 ad

179 2270 300 2318 Regni
327 2270 382 2306 sui
408 2270 563 2319 gloriam
592 2275 773 2308 evocaret.
810 2269 914 2308 Haec
941 2275 1007 2316 031,
1032 2271 1198 2322 inquam,
1225 2272 1379 2309 Paulina
1407 2272 1695 2320 argumentatio,

179 2347 250 2385 qua
277 2335 444 2384 equidem
472 2335 623 2385 planum
649 2336 703 2379 fit,
729 2334 867 2372 Filium
895 2335 965 2373 Dei
992 2340 1153 2382 nostrae,
1172 2349 1248 2374 non
1269 2336 1419 2374 alterius
1441 2337 1550 2374 ullius
1572 2335 1692 2373 earnis

179 2398 392 2448 participem
422 2399 557 2436 factum
584 2412 674 2437 0330.
719 2399 810 2436 Cum
837 2398 933 2436 enim
962 2399 1025 2445 ait,
1052 2399 1254 2438 Dominum
1282 2401 1366 2438 ideo
1395 2400 1516 2437 carnis
1543 2405 1579 2438 et
1607 2413 1691 2437 san-

180 2462 304 2511 guinis
340 2462 555 2512 participem
592 2463 729 2499 factum
767 2476 856 2508 esse,
890 2467 932 2501 ut
966 2477 1030 2514 per
1067 2469 1220 2502 mortem
1258 2464 1409 2502 Diaboli
1438 2464 1691 2515 Tyrannidem

181 2526 364 2572 aboleret3
392 2526 429 2563 id
458 2527 566 2564 simul
595 2527 700 2564 docet
726 2527 849 2574 etiam,
875 2528 978 2565 illum
1008 2542 1083 2566 non
1111 2529 1262 2567 alterius
1291 2530 1401 2567 ullius
1430 2530 1550 2567 carnis
1576 2529 1692 2580 parti·

181 2591 297 2641 cipcm
326 2591 465 2628 factum
491 2604 582 2635 esse,
608 2604 717 2642 quam
744 2605 838 2642 quae
864 2597 900 2630 01
926 2598 1075 2643 peccato
1104 2596 1162 2642 (ut
1189 2596 1422 2643 tentaretur),
1449 2599 1484 2632 01
1510 2594 1623 2632 morti
1642 2593 1691 2631 si-

181 2653 257 2689 mul
294 2652 456 2690 obnoxia
492 2657 599 2691 esset.
654 2653 708 2689 Ea
743 2666 852 2703 porro
893 2658 1019 2692 nostra
1054 2660 1122 2700 est,
1157 2670 1250 2706 quae
1287 2657 1366 2694 sola
1402 2670 1466 2707 per
1500 2660 1693 2707 peccatum

181 2716 290 2753 morti
327 2715 489 2753 obnoxia
525 2729 604 2753 0330
632 2716 763 2765 coepit.
817 2717 968 2768 Alioqui
996 2732 1042 2757 ne
1067 2720 1179 2757 morti
1206 2713 1353 2770 quidem
1383 2720 1587 2758 obnoxium
1615 2733 1694 2757 0330

182 2786 312 2833 potest,
348 2780 446 2831 quod
482 2784 632 2831 peceato
671 2780 875 2818 obnoxium
910 2795 985 2819 non
1022 2787 1089 2826 031,
1125 2787 1180 2821 031
1216 2783 1315 2821 0111111
1344 2783 1438 2822 1111111
1465 2783 1567 2821 aliud
1594 2795 1694 2821 mors

180 2859 289 2898 quam
317 2845 458 2896 peccati
486 2844 730 2894 stipendium3
767 2858 810 2882 ac
836 2851 1023 2896 peccatum
1053 2860 1179 2885 rursus
1205 2848 1337 2885 mortis
1363 2848 1532 2895 aculeus;
1561 2851 1596 2886 et
1622 2847 1695 2885 alia
