1818 3178
740 112 795 140 ΕΡ.
828 112 968 142 noc'rn.
1544 106 1616 142 4213

87 215 151 254 sed
189 215 232 253 ad
273 217 463 266 sperantes
490 212 531 252 in
558 213 681 265 ipsum
707 213 905 265 pertinere.
960 214 1118 252 Peccant
1145 213 1259 264 igitur
1296 214 1359 266 qui
1388 227 1516 253 ornnes
1546 215 1615 253 ho-

87 280 207 318 mines
249 284 358 330 atque
402 278 494 317 adeo
538 278 690 317 vixdum
736 282 844 316 natos
887 278 1051 317 infantes
1088 279 1199 317 etiam
1237 284 1471 331 contemptus
1507 286 1618 331 atquc

85 344 164 382 odii
192 344 312 382 divini
337 347 528 382 accusant.
571 343 836 382 Infirmitatem
864 344 962 382 enim
992 344 1053 381 hic
1081 347 1250 382 nostram
1278 344 1463 383 duntaxat
1492 345 1619 383 sanari

84 409 257 459 legimus,
298 413 551 459 contemptum
590 421 665 447 non
701 408 802 454 item,
829 412 865 447 et
893 408 985 447 adeo
1013 422 1090 447 non
1118 409 1277 458 legimus
1304 423 1462 460 usquam
1489 410 1617 448 sanari

87 478 338 524 contemptum
375 472 457 519 Dei,
492 477 531 511 ut
559 473 671 523 longe
706 473 895 512 diversum
923 474 1103 523 legamus.
1157 474 1363 512 Perituram
1392 488 1480 513 sane
1506 480 1617 527 atque

84 539 177 577 adeo
206 538 401 576 delendam
429 551 582 589 prorsus
609 552 688 577 esse
717 538 846 577 statuit
875 538 976 576 Deus
1004 539 1168 576 animam
1195 552 1356 586 omnem,
1384 552 1480 590 quae
1506 540 1616 578 audi-

85 607 164 641 tum
194 601 347 639 verbum
377 601 532 640 Domini
560 606 812 653 contempnat.
860 601 904 640 Id
933 602 1002 640 etsi
1029 602 1074 640 ad
1104 607 1264 640 mortem
1294 603 1460 654 corporis
1488 604 1618 642 referri

87 667 217 719 possit,
252 667 416 705 declarat
451 667 602 705 int-erim
631 671 768 714 tamen,
796 667 870 704 alio
899 667 982 704 loco
1011 667 1110 718 apud
1139 667 1259 706 Deum
1288 667 1416 706 haberi
1444 668 1617 718 infir-(8)

86 732 252 770 mitatem
281 745 391 783 quam
421 736 689 783 contemptum,
716 736 752 770 et
778 731 1037 770 infirmitatem
1064 732 1206 783 expiari
1220 745 1341 784 posse,
1362 737 1617 785 contemptum

86 813 162 839 non
198 801 300 839 item.
355 800 462 838 Certe
499 799 654 851 Sapiens
683 800 918 850 repentinum
955 799 1149 837 interitum
1177 799 1359 839 adscribit
1388 800 1618 852 contemptui

86 877 262 915 spemque
288 864 419 902 salutis
447 877 595 902 omnem
622 864 670 901 ab
697 876 741 902 eo
770 863 948 904 excludit.
978 864 1028 902 Et
1058 864 1230 903 Christus
1259 865 1465 904 desertores
1496 866 1543 903 ab
1559 865 1620 904 in-

85 930 203 967 firmis
241 929 431 976 discernit,
467 934 579 980 atque
607 929 675 967 hos
702 929 749 966 ad
785 942 823 967 se
852 934 973 974 vocat,
1001 929 1087 966 illos
1115 929 1213 968 filios
1242 929 1382 968 diaboli
1411 935 1446 969 et
1474 930 1621 982 viperae

85 995 303 1047 progeniem
340 995 514 1046 appellat.
567 994 731 1033 Proinde
768 1008 837 1032 nos
866 994 912 1032 ab
941 1007 983 1032 eo
1011 994 1135 1032 adhuc
1162 995 1367 1046 impietatis
1394 1009 1529 1046 genere
1556 1009 1621 1047 per

87 1060 158 1099 Dei
192 1060 353 1110 gratiam
392 1060 519 1105 alieni,
556 1072 807 1109 agnoscamus
844 1059 1102 1098 infirmitatem
1140 1064 1308 1098 nostram
1339 1065 1376 1099 et
1403 1073 1620 1099 accusemus

87 1125 190 1163 illam
217 1125 316 1177 apud
343 1124 548 1163 Dominum
577 1124 698 1162 Deum
725 1128 896 1162 nostrum
923 1128 1033 1175 atque
1059 1124 1163 1162 illius
1192 1125 1344 1162 nomine
1371 1125 1418 1163 ab
1445 1139 1489 1164 eo
1508 1125 1621 1164 nobis

86 1194 266 1240 tanquam
300 1202 322 1226 a
357 1188 521 1227 Domino
558 1192 599 1226 et
634 1188 757 1226 iudice
793 1191 1004 1226 metuamus
1033 1188 1160 1233 etiam,
1188 1188 1252 1226 sed
1280 1189 1432 1228 interim
1459 1189 1507 1228 ad
1535 1202 1620 1228 eum

86 1258 211 1293 tamen
249 1258 288 1291 ut
325 1253 374 1291 ad
410 1257 637 1291 servatorem
674 1256 845 1290 nostrum
873 1252 1041 1290 omnium
1069 1265 1112 1290 ac
1138 1259 1282 1303 patrem
1310 1253 1479 1291 omnium
1506 1253 1621 1303 longe

84 1318 283 1370 optimum,
310 1318 476 1355 omnium
515 1317 897 1355 beneficentissimum
925 1317 1109 1367 longeque
1137 1317 1304 1355 omnium
1333 1317 1620 1367 indulgentissi-

91 1397 192 1422 mum
217 1383 468 1427 decurramus,
494 1382 597 1420 illius
624 1382 868 1433 imploremus
887 1381 1200 1428 misericordiam,
1217 1395 1282 1434 per
1300 1396 1396 1428 eum,
1415 1382 1475 1421 cui
1493 1383 1622 1432 negari

87 1449 184 1488 nihil
217 1452 352 1500 potest,
388 1447 579 1486 Christum
615 1447 756 1493 Iesum,
792 1447 840 1485 ab
875 1447 942 1484 1110
979 1447 1059 1485 solo
1089 1460 1237 1486 omnem
1267 1453 1435 1486 nostram
1462 1448 1621 1486 salutem

86 1517 123 1552 et
159 1513 339 1565 quicquid
377 1512 533 1551 omnino
569 1512 713 1550 bonum
747 1516 803 1550 est
839 1515 1009 1563 petamus
1045 1515 1158 1563 atque
1184 1511 1296 1550 etiam
1324 1525 1388 1564 spe
1416 1511 1622 1550 certissima

89 1583 358 1631 exspectemus.
410 1578 471 1616 Ita
506 1578 571 1616 fiet
608 1577 709 1616 enim
744 1580 784 1615 ut
811 1589 932 1628 neque
957 1576 1021 1615 ille
1048 1589 1117 1615 nos
1146 1576 1293 1614 deserat
1319 1581 1355 1614 et
1382 1589 1452 1614 nos
1480 1577 1515 1615 ei
1542 1576 1623 1623 fini,

85 1643 133 1682 ad
160 1656 271 1694 quem
299 1642 444 1681 conditi
472 1655 612 1688 sumus,
640 1645 827 1693 quatenus
856 1641 894 1679 id
922 1641 1106 1693 praestari
1133 1654 1154 1679 a
1182 1640 1294 1679 nobis
1313 1645 1449 1692 potest,
1465 1653 1621 1692 respon·

87 1707 254 1753 deamus,
287 1708 325 1747 h.
363 1721 408 1754 0.,
440 1707 552 1746 nobis
587 1706 681 1758 ipsis
718 1706 870 1745 deiectis
898 1706 1123 1745 extollamus
1150 1705 1449 1745 misericordiam
1478 1705 1548 1744 Dei
1575 1718 1619 1744 ac

85 1773 251 1812 nominis
287 1773 409 1811 sancti
445 1771 503 1810 sui
539 1772 709 1822 gloriam,
739 1772 799 1810 cui
827 1771 949 1810 omnis
977 1784 1224 1823 quaecunque
1251 1785 1411 1823 usquam
1438 1775 1494 1810 est
1517 1784 1619 1810 crea-

86 1842 173 1877 tura
200 1837 413 1876 subservire
441 1836 565 1877 debet.

550 1966 565 2015 §
595 1967 630 2007 7.
683 1967 741 2005 De
768 1965 896 2005 nostri
921 1966 1148 2016 coqnitione.

138 2098 315 2137 Proxima
343 2096 494 2134 divinae
522 2095 734 2146 cognitioni
761 2095 884 2134 nostri
913 2095 1082 2145 cognitio
1112 2109 1192 2135 esse
1221 2095 1344 2142 debet,
1371 2109 1492 2147 neque
1519 2096 1619 2135 enim

86 2176 155 2202 nos
191 2163 327 2201 melius
361 2174 565 2211 agnoscere
603 2174 767 2212 unquam
796 2173 1007 2212 possumus,
1036 2174 1148 2212 quam
1187 2160 1216 2199 si
1255 2173 1325 2199 nos
1361 2160 1464 2212 ipsos
1500 2174 1520 2199 e
1548 2161 1619 2200 Dei

85 2227 325 2280 potissimum
352 2226 529 2276 imagine,
555 2226 669 2264 verbo
699 2238 766 2263 suo
796 2224 922 2263 divino
951 2237 1139 2276 expressa,
1164 2224 1375 2266 metiamur.
1403 2225 1503 2264 Nam
1531 2225 1620 2265 siin

86 2292 202 2336 hunc,
238 2292 303 2343 qui
337 2295 489 2342 propter
524 2303 563 2328 se
599 2289 772 2327 condidit
808 2289 947 2335 omnia,
981 2289 1163 2341 pupillam
1191 2289 1327 2327 mentis
1355 2294 1505 2328 nostrae
1532 2289 1620 2328 dili-

85 2360 216 2406 genter
252 2354 546 2401 intenderemus,
581 2354 692 2392 facile
727 2353 768 2392 in
801 2354 945 2405 pupilla
974 2367 1062 2392 suae
1090 2353 1301 2392 divinitatis
1329 2358 1481 2392 nostrae
1507 2355 1621 2393 etiam

85 2421 250 2473 pupillae
287 2421 447 2458 formam
484 2424 597 2471 atque
633 2418 840 2469 ingenium,
867 2418 1182 2471 quemadmodum
1211 2419 1319 2457 Plato
1347 2419 1470 2466 docet,
1495 2419 1620 2459 intue-

85 2487 210 2525 bimur
246 2498 404 2536 vereque
441 2497 509 2522 nos
548 2484 650 2535 ipsos
685 2496 943 2533 agnoscemus.
999 2483 1067 2522 Est
1102 2488 1226 2522 autem
1263 2484 1471 2523 necessaria
1499 2485 1620 2524 nostri

87 2550 256 2601 cognitio
283 2549 330 2588 ad
359 2548 660 2599 magnitudinem
689 2548 956 2587 beneficiorum
983 2548 1052 2587 Dei
1082 2562 1167 2587 vere
1193 2549 1305 2588 etiam
1326 2550 1618 2599 agnoscendam.

89 2616 170 2656 Qui
211 2615 311 2654 enim
349 2615 420 2654 Dei
452 2614 638 2652 ‘beneficia
673 2626 759 2652 vere
794 2613 992 2652 nobiscum
1026 2619 1200 2665 reputare
1233 2628 1441 2666 possemus,
1474 2616 1506 2653 si
1542 2628 1618 2654 non

86 2679 236 2730 penitus
271 2679 363 2732 quid
400 2679 512 2718 nobis
547 2679 643 2717 desit
679 2678 845 2730 quidque
871 2678 1098 2730 impendeat,
1126 2679 1319 2729 cognitum
1345 2680 1419 2732 ipsi
1445 2692 1618 2731 perspec-

85 2747 239 2795 tumque
267 2744 503 2784 haberemus.
542 2744 624 2782 Iam
653 2743 738 2782 vero
766 2757 812 2782 ex
840 2743 899 2782 his
927 2757 1021 2795 quae
1050 2743 1096 2782 de
1122 2743 1203 2782 Deo
1233 2745 1331 2784 dicta
1360 2750 1462 2790 sunt,
1490 2743 1618 2794 colligi

87 2808 204 2846 multa
231 2813 403 2860 possunt,
430 2821 525 2859 quae
552 2808 597 2846 ad
628 2808 749 2846 nostri
778 2808 1030 2858 cognitionem
1059 2809 1283 2860 pertineant.
1336 2809 1411 2847 Sed
1437 2821 1482 2846 ex
1509 2821 1617 2847 man-

89 2872 263 2912 datorum
300 2879 337 2912 et
372 2873 666 2926 promissionum
704 2873 874 2912 doctrina
911 2873 1112 2926 plurimum
1139 2874 1235 2913 lucis
1263 2874 1310 2912 ad
1338 2887 1418 2915 eam
1446 2885 1521 2915 rem
1550 2873 1617 2931 aq·
