1818 3178
177 150 334 184 LXXXIV
807 144 854 172 PR
863 142 1048 172 AEFATIO.

183 255 368 300 Ecclesia
408 251 571 295 nullum
619 247 870 291 Catechismi
915 246 1182 302 explicationi
1231 245 1355 289 fuisse
1401 246 1552 294 locum,
1585 245 1697 289 clare

178 326 427 385 perspicitur
456 338 506 365 ex
537 321 599 371 iis,
633 334 740 375 quae
770 319 858 374 ipse
890 324 1030 359 noster
1059 316 1108 359 de
1139 332 1186 359 ea
1218 316 1430 359 Ecclesiae
1461 315 1704 359 conditione

178 396 227 439 ad
273 396 434 437 Ducem
480 391 676 435 Prussiae
720 388 881 431 scribit:
939 410 960 436 ῃ
983 387 1052 430 Ad
1095 394 1329 429 extremum
1380 387 1493 429 missi
1534 395 1630 430 sunt
1675 403 1701 430 a

180 492 202 517 ῃ
225 466 432 523 Principe,
476 463 548 520 qui
590 461 795 518 templum
840 466 1026 502 nostrum
1061 459 1236 515 collegis
1268 459 1370 501 meis
1403 458 1623 515 praecludi·
1651 459 1699 502 il-

181 561 202 587 η
224 538 368 592 losque
412 551 436 577 a.
476 533 655 591 publicis
694 531 963 574 concionibus
995 529 1202 572 abstinere
1231 530 1470 572 iuberent.”
1506 530 1538 587 ¹)
1599 529 1701 573 Post

178 623 332 651 annum
374 621 472 649 vero
506 605 613 647 1551
649 603 981 660 redintegratam
1013 617 1098 643 esse
1130 601 1218 643 eius
1250 616 1327 657 pro
1357 601 1557 643 concione
1587 602 1698 644 insti-

178 680 390 728 tutionem,
425 677 499 733 ipsi
531 675 746 718 Emdanae
777 673 988 716 Ecclesiae
1020 679 1208 729 pastores
1240 673 1281 714 in
1315 674 1558 716 recentioris
1580 673 1702 717 Cate-

178 751 318 793 chismi
356 749 611 806 praefatione
652 747 715 789 his
756 746 856 788 mihi
887 744 1069 786 indicare
1100 744 1296 787 videntur
1326 745 1491 789 verbis:
1533 748 1608 789 den
1639 763 1696 803 wy

179 825 259 866 nhu
295 822 336 879 (i.
369 837 404 862 e.
438 836 472 864 a.
508 820 634 874 1554)
670 819 815 861 etliclce
847 818 965 859 Iaren
996 819 1066 859 laer
1091 818 1303 870 yebruelcet
1326 818 1466 860 hebben
1499 819 1552 874 Ξ).

235 891 418 935 Londini
450 905 484 933 a.
521 891 627 932 1551
662 888 951 932 Utenhovium
983 887 1161 930 eundem
1197 887 1510 931 Catechismum
1545 889 1586 931 in
1610 888 1700 931 bel-

180 965 319 1021 gicum
352 963 504 1005 idioma
535 959 809 1011 transtulisse,
842 959 1012 1002 totidem
1045 958 1182 1002 verbis
1214 959 1332 1002 nobis
1363 960 1451 1017 ipse
1480 965 1627 1003 narrat
1655 960 1697 1002 in

181 1035 433 1092 praefatione
479 1049 602 1091 quam
644 1032 821 1075 versioni
868 1047 967 1074 suae
1009 1032 1235 1087 praemisit.
1299 1032 1422 1075 Haec
1451 1032 1541 1075 eius
1571 1032 1706 1075 verba·

180 1108 295 1150 volo:
362 1129 383 1155 n
407 1106 496 1148 Iam
553 1121 605 1147 ne
669 1105 838 1147 tertium
901 1119 1082 1160 quoque,
1142 1104 1351 1147 institutio
1407 1105 1699 1161 parvulorum,

183 1202 204 1228 η
229 1178 438 1221 Ecclesiae
483 1184 646 1220 nostrae
687 1176 801 1225 desit,
843 1177 1041 1218 ministris
1082 1191 1168 1219 una
1209 1192 1304 1220 cum
1346 1177 1700 1235 presbyteris-ae-

184 1275 205 1300 ῃ
230 1266 357 1308 quum
391 1252 523 1292 visum
558 1256 620 1292 est
650 1256 774 1306 atque
805 1249 1082 1291 necessarium
1214 1256 1262 1292 ut
1293 1249 1584 1293 Cateohismus
1613 1251 1698 1293 sive

185 1345 206 1371 η
228 1322 427 1364 institutio
473 1320 745 1378 parvulorum
794 1319 1007 1362 Ecclesiae
1056 1321 1295 1372 offerretur,
1342 1321 1541 1364 nimirum
1588 1321 1699 1364 idem

186 1415 206 1441 η
230 1393 300 1435 ille
331 1392 630 1442 Catechismus,
663 1407 745 1448 quo
775 1392 903 1435 Frisii
935 1391 1176 1435 Orientales
1209 1399 1402 1443 utuntur,
1439 1408 1627 1450 quemque
1650 1394 1703 1435 iis

187 1488 206 1514 ῃ
226 1466 454 1522 petentibus
485 1466 567 1518 ipse
597 1465 741 1518 belyz‘ee
772 1465 1014 1507 transtuli?
1048 1466 1079 1519 ³)
1141 1465 1206 1506 De
1232 1464 1310 1507 hac
1341 1466 1531 1507 versione
1561 1466 1648 1522 ipse
1677 1466 1700 1508 ὲ

184 1536 319 1579 Lasco
349 1536 535 1591 loquitur
564 1535 605 1577 in
638 1551 712 1578 sua
743 1535 793 1578 ad
829 1535 1045 1579 Hardenb.
1079 1535 1275 1592 epistola:
1312 1559 1333 1585 ῃ
1360 1535 1491 1579 Mitto
1522 1535 1594 1578 tibi
1631 1539 1703 1580 Ca-

187 1628 207 1654 η
233 1608 456 1649 ίεσῆἰεφητωη
487 1607 749 1648 Flandrieum
779 1614 934 1649 nostrae
965 1607 1030 1648 bic
1060 1608 1278 1650 Ecclesiae.
1310 1607 1407 1649 Non
1440 1607 1603 1649 vacavit
1634 1622 1701 1649 ex-

188 1700 208 1726 η
233 1678 433 1735 emplaria
464 1678 619 1735 legere,
651 1678 805 1720 nedum
838 1679 1110 1735 compingere
1141 1678 1353 1732 libellum3
1378 1685 1516 1721 tamen
1541 1680 1595 1723 D.
1620 1679 1719 1725 Da·.

191 1771 211 1796 η
235 1749 333 1791 nieli
376 1750 618 1806 inscriptum
659 1750 836 1801 correxi,
884 1765 935 1792 ex
971 1749 1051 1792 hoc
1081 1750 1304 1807 corrigetis
1333 1750 1510 1806 reliqua.
1569 1750 1702 1793 Hunc

193 1845 212 1869 η
235 1822 409 1864 alterum
444 1822 686 1864 fasciculum
719 1838 824 1879 rogo
855 1822 1035 1865 Emdam
1067 1823 1325 1866 transmittas
1346 1823 1398 1866 ad
1421 1824 1475 1867 D.
1499 1822 1703 1877 Quaesto—

191 1918 212 1943 η
237 1893 379 1946 rem;’'
402 1894 434 1951 ⁴)
470 1909 552 1950 quo
583 1893 778 1936 fasciculo
808 1893 989 1937 eiusdem
1023 1894 1262 1937 hauddubie
1289 1894 1542 1938 Catechismi
1563 1907 1703 1938 exem·

189 1967 320 2023 plaria
370 1965 573 2022 quaedam
624 1966 959 2010 continebantur.
1022 1967 1216 2010 Eundem
1271 1967 1424 2011 librum
1477 1968 1706 2024 respiciunt

189 2039 313 2080 etiam
344 2053 450 2094 quae
482 2036 743 2080 catechismo
773 2038 971 2080 Micronii
1003 2039 1217 2095 praefatus
1248 2045 1328 2082 est:
1393 2061 1414 2086 n
1435 2039 1596 2081 Minori
1628 2039 1707 2081 hoc

196 2133 216 2159 η
242 2108 599 2153 Catecl1ismohoc
615 2125 696 2151 non
721 2111 897 2167 agimus,
921 2116 966 2153 ut
988 2127 1008 2154 e
1024 2113 1204 2154 manibus
1220 2112 1364 2155 vestris
1384 2113 1570 2154 maiorem
1591 2112 1707 2154 illum

195 2204 214 2229 ῃ
239 2182 454 2235 deponatis,
500 2181 570 2236 qui
609 2181 652 2223 in
683 2180 870 2224 Ecclesia
903 2189 1044 2225 nostra
1076 2183 1222 2239 quavis
1253 2183 1318 2226 die
1348 2183 1575 2226 Dominica
1603 2183 1708 2225 serie

197 2276 218 2301 ῃ
242 2253 342 2295 solet
370 2253 614 2309 explicari.”
650 2253 681 2310 ⁵)
743 2253 907 2296 Prodiit
936 2255 1038 2298 haec
1070 2255 1206 2298 versio
1237 2254 1314 2298 sub
1346 2254 1422 2298 hoc
1452 2255 1600 2298 titulo:

255 2328 316 2367 De
360 2325 640 2377 Cateelzismus,
682 2327 752 2381 oft
796 2327 1069 2379 Kinderleere,
1115 2329 1268 2370 diemen
1311 2333 1349 2369 te
1383 2328 1558 2378 Londen,
1588 2329 1633 2370 in
1663 2329 1710 2369 de

197 2398 402 2454 Duytscke
438 2399 681 2452 qhemeysnte,
722 2398 758 2438 is
797 2398 1102 2453 qebruysckende.
1148 2423 1205 2432 —
1251 2401 1364 2443 Psal.
1399 2400 1497 2442 119.
1529 2399 1620 2442 Hoe
1648 2400 1714 2441 sal

240 2573 265 2611 ‘)
287 2571 387 2603 Lnsm
413 2571 523 2612 Opera,
547 2571 617 2604 Vol.
640 2572 684 2603 ΙΙ.
707 2584 737 2614 p.
760 2574 832 2605 6:30.

238 2628 266 2668 ²)
288 2627 390 2659 Liscr
416 2628 526 2668 Opera,
550 2627 619 2659 Vol.
647 2628 688 2660 [Ι.
711 2639 741 2670 p.
763 2628 835 2661 497.

238 2683 263 2722 ⁸)
287 2683 388 2714 Lasm
415 2683 523 2722 Opera,
547 2682 617 2714 Vol.
640 2683 682 2715 II.
705 2694 735 2724 p.
758 2684 829 2715 346.

236 2740 264 2778 ⁴)
288 2739 420 2776 Ibidem,
444 2738 514 2770 Vol.
537 2738 578 2769 ΙΙ.
602 2749 632 2779 p.
656 2739 725 2770 653.

239 2795 265 2832 ⁵)
288 2794 421 2831 Ibidem,
446 2793 513 2824 vol.
536 2793 578 2824 11.
602 2804 633 2834 p.
656 2792 726 2825 671.
749 2793 1021 2824 Commemoratur
1045 2795 1139 2826 ctiam
1164 2795 1195 2825 in
1221 2820 1236 2831 ‚,
1249 2795 1368 2827 Christ.
1391 2795 1717 2828 Ordin.‹le1·Nederl.

199 2848 362 2878 Gemeintn
396 2848 516 2878 Christi
625 2850 656 2879 te
679 2847 819 2879 Londen.
853 2849 934 2880 Ibid.
967 2850 1075 2881 l554.'’
1107 2861 1135 2891 p.
1160 2850 1208 2886 62,
1234 2853 1265 2880 ct
1292 2851 1402 2881 Forma
1425 2861 1463 2881 ac
1484 2851 1569 2882 ratio
1592 2851 1717 2892 (LAsci‚

205 2904 314 2945 Opera,
338 2903 407 2933 Vol.
432 2903 474 2933 ll.
499 2914 527 2946 p.
551 2903 615 2942 97).
639 2903 687 2934 Cf.
713 2903 871 2939 Vonrms,
897 2904 963 2934 Pol.
988 2903 1071 2936 Eccl.
1096 2905 1131 2936 P.
1156 2905 1181 2935 Ι.
1206 2916 1235 2946 p.
1259 2905 1329 2938 350.
