1818 3178
429 134 479 160 DE
510 132 794 160 SACRAMEN'MS
828 133 1044 160 ecetesiam
1071 133 1250 161 CHRISTI.
1284 146 1288 151 ·
1535 123 1605 162 179

72 235 246 271 euliarem
281 235 386 271 iuxta
412 234 589 271 traditam
620 235 715 272 hanc
744 236 953 272 doctrinam
983 240 1147 272 nostram
1178 239 1397 280 statuamus,
1424 234 1471 271 ad
1499 234 1600 272 hunc

74 297 221 335 modum
251 299 351 334 illam
382 298 612 336 diffiniemus.

123 361 171 399 Et
209 362 384 402 dicemus,
420 361 751 400 Circumcisionem
787 363 825 399 in
864 368 982 400 vetere
1011 363 1159 400 Israelis
1198 363 1365 401 Ecclesia
1394 363 1509 400 fuisse
1537 375 1599 400 01·-

71 426 302 463 dinationem
338 425 419 470 Dei,
453 439 545 476 quae
578 426 617 462 in
644 426 852 463 ministerio
882 426 1070 463 Ecclesiae
1099 428 1231 477 posita,
1259 427 1312 464 sic
1341 431 1380 464 ut
1407 427 1453 464 ad
1480 431 1600 464 totam

71 492 277 529 Ecclesiam
305 491 406 527 ill'am
433 491 645 540 pertineret,
672 497 854 541 quatenus
883 491 1032 541 quidem
1060 491 1099 528 id
1127 492 1296 541 mysterii
1324 493 1379 529 sui
1398 492 1600 529 illustratio

70 555 319 606 permittebat,
335 555 566 592 ——habebat
594 568 699 592 suum
727 556 875 603 signum
907 554 1063 600 visibile,
1090 558 1281 592 externam
1303 555 1473 593 videlieet
1493 569 1600 606 prae-

67 619 162 668 putii
190 618 413 655 accisionem
442 618 550 655 certis
578 619 724 667 legibus
753 618 888 655 divinis
913 619 1193 669 praescriptam,
1211 642 1259 648 —-
1275 625 1309 656 et
1331 619 1493 656 habebat
1513 620 1602 656 item

68 682 257 720 invisibile
294 696 401 719 suum
438 683 666 732 mysterium,
695 688 859 719 nostram
888 694 971 718 cum
1002 683 1151 719 Christo
1183 682 1344 720 Domino
1374 684 1442 721 sub
1472 683 1600 720 foede-

68 748 119 784 ris
155 753 191 785 et
232 748 394 785 iustitiae
429 748 515 785 fidei
551 748 702 784 nomine
738 747 1037 784 communionem
1075 747 1114 783 in
1153 759 1307 797 corpore
1347 753 1382 784 et
1422 747 1603 795 sang-uine

67 812 196 863 ipsius,
233 818 272 849 ut
310 812 419 849 fidem
454 813 554 849 illius
590 813 725 849 animis
761 812 911 861 piorum
941 811 980 848 in
1017 812 1081 848 illa
1121 811 1286 848 Ecclesia
1333 812 1384 849 ita
1421 813 1605 860 infigeret,

70 882 259 927 totamque
296 877 385 914 adeo
425 876 631 914 Ecclesiam
667 876 706 912 in
744 881 918 926 perpetua
950 875 1051 912 illius
1080 875 1257 912 fruitione
1285 876 1335 912 ita
1365 876 1603 924 obsignaret,

68 946 110 979 ut
139 955 222 979 vere
248 947 284 979 et
310 955 353 979 ex
383 942 506 978 animo
534 942 573 978 in
602 954 642 978 ea
664 941 941 991 conquiesceret
960 940 1210 977 eonscientiae
1230 953 1315 977 suae
1333 940 1407 976 iam
1427 941 1599 991 pacifica-

67 1011 127 1044 tae
161 1006 374 1044 testimonio
410 1010 445 1043 et
473 1006 668 1042 affectuum
695 1005 938 1042 innovatione
964 1005 1065 1041 illam
1096 1005 1374 1055 officiorumque
1406 1005 1602 1042 sedulitate

67 1072 288 1122 exprimeret
315 1084 358 1108 ae
385 1074 668 1108 contestaretur.

118 1137 297 1173 Videmus
332 1136 447 1184 igitur
482 1147 610 1171 omnes
647 1134 879 1171 diffinitionis
908 1134 1064 1181 uo-(fol.
1095 1135 1278 1180 7721)strae
1306 1138 1441 1183 partes,
1476 1134 1528 1171 ita
1555 1137 1596 1170 ut

67 1214 126 1237 cas
163 1200 419 1250 explicuimus,
452 1198 493 1235 in
530 1198 811 1235 circumcisione
846 1197 921 1234 iam
951 1202 1260 1234 commonstratas
1289 1211 1379 1236 esse.
1435 1197 1596 1235 Proinde

66 1265 112 1301 ad
151 1277 302 1302 coenam
330 1276 477 1314 quoque
513 1263 604 1312 agni
629 1262 819 1300 Paschalis
846 1262 1130 1312 progrediemur
1157 1267 1268 1312 atque
1295 1262 1450 1299 eandem
1479 1262 1595 1312 ipsam

68 1329 338 1375 diffinitionem,
363 1329 467 1365 iuxta
495 1340 624 1365 vocum
654 1327 771 1378 ipsius
793 1327 1125 1376 significationem,
1151 1326 1197 1363 ad
1224 1339 1341 1363 unum
1361 1326 1595 1376 eundemque

67 1392 217 1430 modum
248 1396 539 1429 commonstrare
565 1404 774 1441 pergemus.

116 1458 164 1495 In
213 1471 327 1494 coena
377 1457 547 1494 Paschali
584 1456 700 1505 igitur
745 1457 816 1493 hoc
859 1455 1020 1506 primum
1059 1455 1249 1500 habemus,
1294 1468 1446 1491 coenam
1480 1454 1598 1499 illam,

65 1523 180 1559 fuisse
214 1522 301 1559 olim
339 1522 378 1558 in
413 1526 533 1558 vetere
563 1520 728 1557 Ecclesia
759 1519 826 1556 Dei
854 1520 968 1570 ipsius
997 1519 1284 1563 ordinationem,
1325 1531 1417 1569 quae
1445 1517 1514 1554 Dei
1540 1518 1599 1567 ip-

66 1588 141 1624 sius
168 1587 345 1624 mandato
373 1586 476 1623 iussa
506 1590 583 1622 erat
611 1585 815 1629 observari,
844 1584 964 1622 Exod.
997 1586 1054 1622 12.
1085 1583 1280 1620 Habemus
1308 1584 1410 1628 item,
1437 1582 1597 1632 positam

65 1652 178 1688 fuisse
204 1651 244 1688 in
274 1651 461 1687 Ecclesiae
488 1649 710 1693 ministerio,
740 1649 792 1686 sic
819 1652 860 1686 ut
886 1648 932 1685 ad
961 1652 1080 1685 totam
1108 1647 1261 1684 omnino
1288 1647 1467 1697 temporis
1495 1646 1597 1683 illius

63 1716 271 1753 Ecclesiam
298 1715 511 1765 pertineret,
539 1713 626 1751 dum
656 1714 766 1750 verba
795 1713 962 1750 mandati
991 1713 1117 1749 Divini
1143 1712 1333 1749 audi-mus:
1386 1711 1592 1749 Universus

65 1784 190 1817 coctus
219 1779 369 1816 Israelis
395 1778 551 1815 faciet
579 1777 711 1828 ipsum.

116 1845 247 1894 Neque
283 1845 397 1881 refert
432 1842 596 1880 infantes
633 1856 652 1879 a
692 1855 827 1879 coenae
860 1841 962 1878 illius
997 1854 1066 1878 usu
1096 1841 1264 1878 exclusos
1293 1840 1406 1877 fuisse
1433 1853 1497 1890 per
1525 1839 1592 1876 ad-

64 1915 188 1947 uatam
225 1909 298 1945 illis
326 1912 478 1945 naturae
506 1907 776 1944 infirmitatem.
836 1906 947 1943 Hanc
975 1905 1071 1943 enim
1100 1905 1354 1955 exceptionem
1383 1905 1455 1940 iam
1484 1910 1592 1940 antea

62 1975 329 2024 scripturarum
365 1972 562 2009 autoritate
598 1957 907 2022 approlmvimus,
943 1971 1127 2020 simulque
1163 1975 1199 2007 ct
1234 1970 1345 2006 alium
1378 1969 1480 2005 illam
1508 1969 1586 2005 evi-

63 2039 185 2076 dentis
213 2038 368 2074 alicuius
398 2036 637 2074 necessitatis.
675 2035 863 2073 Nimirum
893 2035 1004 2081 Deus,
1033 2047 1116 2072 cum
1145 2035 1192 2072 sit
1221 2040 1373 2071 naturae
1401 2035 1479 2084 ipse
1506 2033 1585 2082 pla-

63 2107 149 2146 stes,
187 2102 282 2139 nibil
319 2104 448 2138 eontra
486 2105 639 2137 naturae
666 2100 764 2149 leges
793 2113 812 2136 a
842 2100 950 2136 nobis
980 2100 1108 2148 exigit,
1137 2099 1405 2149 constituitque
1434 2110 1502 2135 nos
1529 2096 1587 2146 ip-

10 2166 17 2172 ’
64 2167 141 2203 sius
177 2165 288 2203 etiam
327 2163 482 2210 Sabbati
519 2163 710 2210 dominos3
749 2163 861 2200 modo
900 2177 945 2200 ne
982 2163 1053 2200 hoc
1092 2163 1159 2200 Dei
1197 2163 1374 2199 beneficio
1412 2162 1458 2199 acl
1487 2161 1589 2197 alen-

66 2230 152 2278 (fol.
192 2226 365 2276 77¹³)dum
403 2228 680 2265 institutionum
725 2241 871 2264 suarum
902 2230 1155 2277 contemptum
1182 2227 1310 2264 illasve
1337 2226 1507 2264 mutandi
1534 2231 1590 2273 ty-

68 2294 263 2331 rannidem
291 2292 556 2343 quoquomodo
585 2292 794 2330 abutamur.
851 2292 1055 2328 Sabbatum
1084 2291 1183 2328 cuim
1209 2295 1361 2341 propter
1389 2291 1588 2339 hominem,

64 2372 137 2396 non
171 2359 281 2395 homo
310 2362 458 2407 propter
487 2356 705 2394 Sabbatum.

117 2423 252 2471 Igitur,
280 2422 349 2460 etsi
375 2422 539 2458 infantes
567 2434 587 2458 a
616 2434 751 2458 coenae
779 2421 864 2458 olim
896 2421 1084 2458 Paschalis
1114 2434 1184 2457 usu
1211 2421 1505 2470 excluderentur,
1525 2421 1589 2463 aut

67 2488 130 2538 qui
166 2501 228 2538 per
269 2487 438 2523 morbum
478 2486 534 2522 illi
571 2485 791 2536 participare
819 2499 895 2522 non
917 2490 1106 2535 poterant,
1144 2499 1217 2522 non
1246 2485 1328 2523 ideo
1355 2490 1479 2525 tamen
1510 2491 1588 2527 cui-

65 2566 177 2603 qnam
215 2552 321 2589 alteri
356 2551 396 2588 in
423 2555 502 2588 toto
533 2555 639 2588 coetu
668 2550 817 2587 Israelis
844 2563 863 2587 a
893 2563 1030 2587 coenae
1056 2544 1157 2587 illius
1186 2564 1255 2587 usu
1283 2551 1471 2590 abstinere
1497 2553 1585 2592 liee-

66 2617 141 2663 bat,
176 2617 240 2667 qui
268 2630 343 2654 non
373 2616 516 2653 duabus
543 2616 626 2652 istis
655 2615 936 2665 exceptionibus
973 2615 1239 2653 includeretur.
1295 2617 1458 2654 Additur
1486 2620 1582 2656 enim

62 2682 282 2729 gravissima
319 2680 559 2718 comminatio
596 2679 783 2723 omnibus,
820 2679 883 2729 qui
910 2679 1053 2716 Pascha
1081 2679 1184 2716 iuxta
1211 2681 1478 2731 praescriptum
1511 2684 1585 2719 l)o-

64 2746 158 2783 mini
192 2759 267 2783 non
306 2746 563 2790 celebrassent,
590 2749 632 2781 ut
659 2744 717 2781 vel
741 2743 830 2780 inde
857 2747 1014 2789 constet,
1041 2744 1129 2792 agni
1159 2744 1345 2782 Paschalis
1367 2747 1585 2784 Sacramen-

63 2815 143 2848 tum
171 2811 216 2848 ad
244 2816 360 2848 totam
390 2810 541 2847 omnino
571 2808 721 2846 Israelis
750 2808 954 2845 Ecclesiam
982 2813 1017 2846 et
1045 2809 1170 2846 onmia
1196 2809 1361 2846 membra
1388 2810 1498 2855 illius,
1522 2825 1584 2849 ex-

62 2877 120 2912 tra
149 2879 482 2926 supramemoratas
510 2874 759 2924 exceptiones,
786 2872 1020 2924 pertinuisse.

1368 2938 1437 2976 12*
