1818 3178
572 134 623 161 nr:
651 135 816 164 cams‘ri
847 135 1166 163 INCARNATIONE.
1583 126 1629 160 35

101 235 288 270 tentatum
325 236 433 273 esset,
469 236 659 272 mortuum
686 240 722 274 et
751 237 818 274 sub
848 249 984 274 noxam
1010 237 1154 288 peceati
1180 236 1302 275 nostri
1329 235 1632 273 condemnatum.

101 294 229 333 Quare
255 308 404 346 quoquo
431 298 469 333 te
497 295 557 333 1116
584 302 717 343 vertas,
743 300 901 337 alterum
928 300 1078 338 fatearis
1106 312 1254 338 necesse
1280 302 1356 337 est:
1384 301 1448 336 aut
1475 297 1628 335 verbum

99 359 264 397 eiusdem
306 373 385 397 esse
421 372 505 397 cum
540 361 650 400 Patre
684 364 901 401 existentiae
938 364 1079 410 Deum,
1116 363 1432 414 quemadmodum
1468 362 1630 399 Ioannes

99 422 219 468 docet,
257 426 292 460 et
336 426 418 460 tum
454 424 655 463 subsistere
690 440 766 464 non
801 430 924 477 potest
961 427 1052 465 haec
1090 428 1134 465 (16
1172 427 1413 465 conversione
1450 426 1554 464 verbi
1589 426 1629 463 in

98 498 245 524 carnem
272 486 543 537 interpretatio,
570 511 620 518 —
646 494 710 528 aut
738 491 840 533 haec,
859 505 953 541 quae
974 505 1018 529 ex
1037 492 1238 542 Scripturis
1259 492 1303 529 de
1322 491 1401 529 Deo
1423 491 1629 535 attulimus,

96 549 190 586 falsa
226 550 351 588 omnia
386 564 477 595 esse,
506 553 537 590 si
564 553 660 591 hanc
686 555 1032 605 interpretationem
1057 556 1154 592 tueri
1186 556 1289 593 velis.
1338 555 1420 592 Nos
1448 557 1545 591 certe
1571 554 1627 591 fa-

97 625 177 650 cere
214 626 290 651 non
319 627 530 664 possumus,
557 621 599 654 ut
627 631 704 655 11011
734 612 946 668 Scripturae
974 619 1168 663 maiorem,
1196 632 1307 669 quam
1334 618 1422 654 huic
1447 617 1629 667 interpre-

95 677 244 724 tationi,
279 678 391 716 fidem
427 680 648 720 tribuamus.
687 682 768 719 Iam
804 686 840 719 et
879 683 974 719 circa
1010 682 1194 720 humanae
1227 683 1263 719 in
1296 682 1446 719 Christo
1475 685 1629 719 naturae

95 741 431 780 considerationem
466 744 713 790 manifestam,
747 748 789 782 ut
827 749 936 782 antea
964 759 1112 795 quoque
1141 746 1396 796 exposuimus,
1424 746 1530 783 Pauli
1558 745 1625 782 do-

95 806 253 843 ctrinam
281 807 481 846 habemus:
510 809 648 846 Filium
675 809 757 853 Dei,
786 810 850 859 qui
876 810 916 847 in
942 810 1127 860 principio
1157 810 1312 848 verbum
1339 814 1429 854 erat,
1458 823 1626 860 assump-

95 868 186 906 sisse
212 870 371 908 formam
400 872 496 909 servi
517 876 559 919 1),
588 886 710 911 semen
739 873 925 918 Abrahae,
951 873 1170 923 participem
1197 874 1338 911 factum
1366 887 1445 911 esse
1463 874 1627 911 ciusdem

93 935 291 974 nobiscum
320 938 441 974 carnis
468 942 504 975 et
532 938 725 987 sanguinis
753 939 798 985 ²),
825 942 1020 988 propterea
1049 939 1149 988 quod
1166 939 1287 976 nostri
1314 939 1457 984 similis,
1474 942 1626 989 excepto

94 999 276 1038 duntaxat
320 1005 483 1051 peccato,
528 1015 608 1039 esse
659 1016 723 1052 per
761 1003 885 1039 omnia
930 1002 1100 1040 debebat.
1155 1003 1237 1039 Iam
1278 1015 1363 1039 vero
1401 1016 1476 1039 non
1504 1003 1627 1053 potuit

92 1064 277 1114 particeps
303 1066 384 1102 fieri
410 1066 510 1103 filius
537 1066 619 1110 Dei,
646 1066 751 1103 iuxta
779 1066 949 1111 Paulum,
977 1066 1052 1103 nisi
1078 1079 1217 1111 eorum,
1246 1079 1339 1116 quae
1366 1067 1628 1103 etmultorum

94 1127 204 1164 simul
246 1130 456 1166 communia
503 1133 637 1173 essent,
671 1134 707 1167 et
733 1129 836 1179 prius
873 1130 1018 1178 alio-(F
1046 1130 1163 1180 i¹³)qui
1201 1130 1425 1173 extitissent,
1451 1144 1561 1180 quam
1588 1130 1627 1167 in

92 1204 219 1229 eorum
254 1193 579 1243 participationem
617 1194 791 1231 venisset.
848 1194 935 1231 Hoc
971 1195 1071 1231 enim
1107 1195 1268 1245 proprie,
1296 1198 1338 1232 ut
1367 1196 1457 1232 alias
1485 1195 1626 1232 dictum

92 1261 160 1301 est,
188 1257 401 1305 significant
429 1257 465 1294 et
493 1258 648 1294 verbum
677 1263 884 1308 μετέχειν,
913 1272 986 1309 quo
1015 1260 1154 1296 Paulus
1181 1273 1271 1297 usus
1300 1264 1366 1304 cst,
1382 1264 1423 1297 ut
1437 1260 1546 1297 nobis
1566 1272 1627 1296 5οκ

94 1321 264 1358 cietatem
301 1321 440 1358 Christi
480 1321 519 1359 in
558 1335 668 1359 carne
703 1326 829 1379 11951111
860 1324 1098 1372 significaret,
1133 1345 1183 1351 —
1211 1324 1247 1361 et
1274 1325 1505 1375 reciprocum
1531 1324 1626 1361 illud

97 1393 171 1426 τῶν
200 1389 340 1429 αὐτῶν,
356 1387 427 1423 1106
446 1391 514 1431 651,
531 1387 735 1424 eorundem
753 1387 932 1437 ipsorum,
952 1388 1127 1425 nimirmn
1147 1389 1225 1426 eius
1247 1389 1368 1426 carnis
1387 1393 1422 1426 et
1442 1390 1520 1426 eius
1535 1389 1625 1426 item

93 1451 300 1499 sanguinis,
328 1452 464 1502 quibus
493 1451 532 1488 hi
559 1455 668 1489 antea
698 1453 1048 1497 communicassent,
1077 1466 1237 1503 quorum
1262 1453 1326 1490 ille
1354 1453 1485 1491 similis
1512 1454 1625 1491 adeo-

93 1529 164 1566 que
191 1520 226 1553 et
254 1516 370 1554 frater
396 1529 474 1553 6556
503 1516 674 1554 debebat.
704 1516 803 1554 Fieri
830 1521 954 1554 autem
982 1531 1057 1554 non
1085 1521 1221 1568 potest,
1248 1522 1291 1555 ut
1318 1518 1418 1554 filius
1446 1518 1528 1561 Dei,
1547 1519 1624 1556 sive

91 1580 259 1625 verbum,
295 1580 404 1617 simul
441 1584 478 1618 61
513 1580 699 1631 particeps
738 1581 785 1617 sit
822 1581 964 1618 factum
1001 1581 1166 1619 eiusdem
1205 1582 1326 1619 carnis
1353 1586 1391 1619 et
1419 1583 1627 1631 sanguinis,

92 1657 186 1694 quae
211 1644 382 1695 pluribus
410 1645 484 1682 iam
511 1645 672 1682 fuissent
701 1646 923 1689 communia,
950 1659 992 1682 116
1014 1646 1116 1696 prius
1134 1647 1253 1684 multo
1273 1647 1496 1693 extitissent,
1512 1661 1623 1697 quam

90 1708 130 1745 in
158 1721 286 1746 eorum
320 1709 644 1759 participationem
666 1709 838 1754 venisset,
855 1732 905 1738 —
924 1714 960 1748 et
981 1711 1224 1749 conversione
1244 1712 1301 1749 sui
1317 1712 1356 1749 in
1375 1726 1454 1750 cam
1475 1726 1622 1750 carnem

90 1773 294 1816 transierit,
330 1787 423 1823 quae
457 1777 539 1810 tum
575 1774 737 1824 primum
765 1778 891 1812 extare
918 1775 957 1812 in
987 1775 1135 1813 Christo
1167 1776 1358 1826 coepisset,
1387 1780 1422 1814 et
1451 1774 1550 1814 esset
1574 1777 1621 1813 il-

90 1837 164 1874 11115
192 1837 306 1874 5011115
335 1838 517 1876 duntaxat
544 1839 708 1889 propria,
737 1853 867 1889 nempe
888 1853 962 1877 non
984 1853 1030 1878 ex
1046 1840 1208 1878 hominis
1228 1842 1354 1887 ullius,
1373 1842 1433 1879 sed
1457 1855 1475 1879 e
1493 1842 1622 1879 Sancti

92 1902 252 1952 Spiritus
280 1902 489 1940 substantia
517 1903 689 1941 deducta.
718 1904 895 1953 Pugnant
923 1918 1011 1942 sane
1038 1905 1129 1943 haec
1144 1906 1242 1943 inter
1262 1919 1351 1949 sese,
1371 1920 1487 1956 neque
1509 1907 1620 1944 simul

91 1966 294 2004 consistere
320 1967 397 2003 ullo
424 1967 535 2004 modo
563 1972 734 2018 possunt.
765 1968 868 2006 Quid
887 1971 894 2006 1
912 1970 1012 2019 quod
1038 1970 1192 2020 ipsemet
1211 1970 1374 2008 Ioannes
1389 1971 1518 2008 eodem
1538 1971 1619 2022 ipso

88 2030 172 2067 loco
208 2031 591 2080 in.subsequentibus
620 2045 711 2068 mox
740 2033 861 2069 verbis
890 2033 1086 2083 impugnat
1113 2038 1217 2071 tuam
1243 2034 1621 2085 interpretationem?

90 2095 156 2132 Ait
193 2096 304 2140 enim,
341 2095 412 2132 hoc
446 2095 569 2146 ipsum
605 2096 771 2140 verbum,
808 2097 908 2147 quod
938 2097 1038 2135 Deus
1067 2103 1134 2143 est,
1162 2099 1336 2150 quodque
1365 2112 1449 2136 caro
1478 2100 1618 2136 sactum

89 2164 157 2203 est,
186 2160 424 2198 constituisse
451 2161 524 2197 sibi
551 2161 783 2198 domicilium
810 2162 849 2200 in
879 2163 1000 2201 nobis.
1031 2164 1080 2211 (F
1108 2164 1170 2212 iia)
1224 2164 1293 2202 Est
1321 2165 1420 2202 enim
1449 2168 1537 2202 nota
1566 2165 1616 2202 si·

88 2225 279 2273 gnificatio
309 2224 413 2262 verbi
440 2230 574 2271 σκηνῶ,
601 2238 675 2275 quo
705 2225 764 2262 hic
790 2226 952 2264 Ioannes
978 2227 1110 2273 utitur,
1134 2227 1284 2265 deducti
1302 2241 1322 2265 a
1345 2228 1616 2266 constituendis

88 2289 354 2334 tabernaculis,
388 2289 488 2326 unde
523 2292 559 2326 et
596 2289 693 2339 apud
742 2289 1032 2340 Xenophontem
1068 2305 1134 2342 pro
1173 2296 1379 2329 castrorum
1415 2292 1618 2330 metatione

88 2358 303 2404 usurpatur,
341 2356 377 2390 61
404 2353 502 2403 apud
531 2366 660 2390 omnes
689 2353 950 2402 Euangelistas
978 2356 1144 2393 aviculae
1170 2356 1256 2393 illae
1283 2356 1460 2394 dicuntur
1488 2374 1617 2397 ‚cm-2-

90 2422 263 2462 σκηνοῦν,
289 2429 382 2466 quac
409 2416 482 2453 sibi
510 2416 740 2453 domicilium
768 2430 832 2454 seu
859 2417 968 2455 nidos
995 2418 1033 2455 in
1064 2419 1202 2468 sinapis
1229 2419 1451 2456 ramusculis
1473 2419 1613 2456 consti·

87 2485 213 2520 tuunt.
252 2482 345 2518 Cum
372 2481 487 2529 igitur
514 2480 632 2517 Filius
661 2480 742 2526 Dei,
778 2495 842 2518 seu
869 2482 1048 2526 Verbum,
1077 2483 1306 2520 domicilium
1335 2484 1407 2521 sibi
1434 2485 1473 2521 in
1502 2484 1611 2521 nobis

89 2546 315 2583 constituere
352 2545 483 2583 statuit
518 2558 582 2595 per
610 2558 714 2582 suam
742 2545 1049 2593 incarnationem,
1076 2551 1119 2584 ut
1147 2561 1229 2585 vere
1256 2547 1477 2585 Emmanuel
1505 2550 1615 2592 esset,

87 2609 401 2660 quemadmodum
428 2609 466 2645 id
494 2612 530 2646 et
556 2622 622 2659 per
648 2608 873 2659 Prophetam
900 2614 935 2647 et
962 2624 1026 2660 per
1053 2612 1242 2659 Angelum
1268 2612 1493 2662 promissum
1520 2614 1611 2657 erat,

85 2673 166 2710 fieri
192 2673 363 2723 equidem
391 2685 466 2709 non
500 2672 635 2722 potuit,
668 2675 710 2708 ut
738 2672 795 2709 vel
823 2674 1064 2711 conversione
1092 2674 1148 2712 sui
1177 2674 1359 2712 desineret
1386 2688 1477 2719 csse,
1504 2674 1603 2724 quod

85 2740 176 2782 erat,
211 2750 342 2786 nempe
379 2736 551 2781 verbum3
589 2735 644 2773 vcl
680 2735 718 2772 in
747 2749 827 2773 eam
856 2749 1003 2774 carnem
1031 2738 1218 2783 transiret,
1246 2752 1340 2789 quac
1369 2751 1452 2775 cum
1480 2741 1608 2775 nostra

133 2877 156 2916 ¹)
179 2875 297 2918 Philip.
321 2876 349 2908 2.
456 2876 484 2916 Ξ>
508 2875 604 2907 chr.
629 2874 657 2908 2.

1413 2938 1459 2973 3*
