1818 3178
183 121 253 158 196
531 126 582 153 DE
611 120 892 151 sAanMaNrIs
921 119 1135 149 necisum:
1163 121 1344 150 cniusrl.

184 235 240 268 est
275 229 314 267 in
348 227 478 266 mediis
513 225 687 264 ecclesiae
713 223 979 274 penetralibus,
1006 223 1053 260 ad
1080 236 1190 274 quem
1218 224 1371 262 modum
1399 224 1520 261 clerus
1545 223 1610 262 ille
1637 238 1705 262 na-

186 295 300 332 scitur
335 293 375 330 in
410 289 539 328 mediis
572 301 684 338 apum
711 287 933 332 alvearibus,
959 286 1125 337 adeoque
1152 287 1192 324 in
1219 288 1310 338 ipsis
1340 287 1435 326 favis
1462 287 1597 333 mellis,
1632 288 1706 325 hoc

187 362 254 404 est,
279 357 319 394 in
346 356 460 406 partis
486 352 646 391 aliorum
670 352 800 389 labore
827 352 960 402 opibus
988 364 1032 389 ac
1057 351 1233 391 fortunis.
1274 352 1419 391 Deinde
1445 352 1552 390 favos
1579 365 1708 391 omnes

186 422 248 459 lue
282 433 348 457 sua
381 416 512 462 inficit,
543 416 663 466 ipsam
696 415 851 466 inquam
887 414 1095 453 doctrinam
1122 415 1322 465 Euangelii
1357 416 1569 461 salutarem,
1597 429 1710 467 quam

185 483 369 534 Propheta
387 480 482 518 favis
502 480 621 517 mellis
641 482 831 530 comparat
851 482 961 529 atque
980 478 1091 517 etiam
1112 479 1306 530 anteponit
1321 479 1362 528 ¹).
1389 479 1522 531 Neque
1541 480 1612 518 hoc
1625 483 1711 518 tan·

186 553 278 591 tum,
314 546 378 584 sed
404 546 444 583 in
478 545 600 595 ipsum
627 544 738 582 etiam
765 543 981 581 universum
1008 556 1119 594 apum
1146 557 1312 590 examen,
1345 544 1386 582 in
1414 545 1625 583 universam
1652 544 1712 582 in-

186 624 299 662 quam
326 609 465 648 Christi
493 608 699 646 Ecclesiam
728 608 988 657 contagionem
1016 620 1104 645 suae
1125 608 1400 659 superstitionis
1419 623 1462 647 ac
1479 609 1713 647 idololatriae

183 675 356 713 invehere
390 673 512 711 modis
548 672 722 710 omnibus
760 676 928 710 conatur.
981 672 1175 710 Praeterea
1214 672 1253 710 in
1282 673 1353 710 hoc
1379 674 1461 724 ipso
1491 674 1711 712 clericorum

183 737 312 775 ordine
347 741 543 787 pyraustae
570 736 762 785 ingenium
797 737 975 782 referunt,
1010 735 1073 786 qui
1109 735 1186 774 alas
1214 735 1287 774 sibi
1315 738 1592 789 qualescunque
1619 738 1711 776 arti·

182 803 251 840 bus
285 802 361 840 suis
389 802 632 850 collegerunt,
657 805 711 846 ut,
738 800 1053 851 quemadmodum
1078 805 1257 851 pyrausta
1284 806 1400 840 noctu
1428 802 1613 841 duntaxat
1640 816 1706 841 vo·

181 867 275 910 litat.
308 869 550 916 posteaquam
587 864 711 902 volare
748 865 890 915 coepit,
925 869 961 902 et
998 864 1166 903 oblatum
1204 866 1380 916 quodque
1415 866 1542 904 lumen
1569 879 1714 917 semper

177 931 346 976 infectat,
381 929 500 967 donec
527 929 596 967 alis
623 929 768 967 adustis
797 929 982 975 concidat,
1008 929 1061 967 ita
1089 934 1125 968 et
1153 929 1278 968 clerici
1304 930 1368 968 isti
1394 943 1415 969 e
1440 930 1573 969 mediis
1600 931 1710 980 igno·

179 994 322 1032 tantiae
347 992 510 1031 tenebris
537 992 714 1043 impetere
741 1006 819 1030 non
847 995 992 1031 cessant
1019 993 1188 1030 oblatum
1215 993 1326 1030 nobis
1352 993 1394 1030 in
1422 993 1564 1032 Christi
1581 993 1711 1032 Euan-

176 1058 287 1108 gelio,
333 1058 432 1096 velut
473 1057 513 1094 in
559 1057 712 1095 lucerna
748 1057 922 1108 quadam,
957 1056 1105 1094 divinae
1141 1057 1369 1107 cognitionis
1412 1057 1550 1102 lumen,
1593 1072 1712 1110 neque

176 1125 279 1174 prius
317 1123 516 1161 cessabunt
551 1122 742 1173 impetere,
768 1135 881 1173 quam
916 1122 1006 1171 igne
1033 1122 1080 1160 ad
1107 1125 1316 1160 extremum
1341 1122 1408 1160 illo
1437 1123 1557 1161 divini
1581 1123 1713 1162 iudicii

182 1185 304 1224 adusti
340 1186 488 1223 tandem
517 1185 730 1233 couci-(fol.
760 1186 952 1234 97b)dant‚
988 1191 1027 1225 ut
1065 1200 1141 1225 non
1177 1188 1334 1239 amplius
1362 1202 1529 1240 unquam
1556 1189 1710 1227 omnino

180 1255 388 1300 resurgant.
432 1250 557 1288 Huius
584 1250 731 1299 generis
757 1250 874 1300 igitur
902 1252 1026 1290 clerici
1054 1257 1153 1299 sunt,
1179 1252 1227 1291 ad
1254 1266 1348 1304 quos
1377 1254 1477 1292 solos
1503 1254 1604 1306 Papa
1632 1254 1710 1292 Ro-

180 1327 312 1352 manus
355 1327 489 1365 panem
526 1314 637 1352 simul
673 1327 716 1352 ac
751 1315 927 1365 poculum
972 1329 1109 1355 coenae
1144 1315 1353 1356 dominicae
1398 1318 1477 1356 vult
1511 1318 1711 1369 pertinere,

178 1381 316 1419 violata
349 1380 468 1431 prima
514 1379 614 1429 signi
647 1383 753 1430 parte
787 1380 827 1417 in
866 1393 1002 1419 coenae
1045 1380 1255 1420 dominicae
1291 1381 1544 1429 institutione,
1578 1396 1710 1434 nempe

176 1445 258 1496 ipsa
299 1443 407 1496 panis
450 1456 494 1482 ac
536 1443 661 1495 poculi
703 1455 841 1482 coenae
883 1444 924 1482 in
966 1457 1100 1483 manus
1142 1444 1190 1483 ad
1234 1446 1459 1496 pascendam
1501 1446 1710 1485 Ecclesiam

180 1508 403 1559 sumptione.
1137 1502 1140 1507 ¹

232 1572 558 1611 Quemadmodum
593 1575 718 1610 autem
745 1584 820 1609 non
857 1571 910 1609 ita
936 1572 976 1610 in
1004 1586 1139 1611 manus
1169 1579 1319 1611 sumunt
1346 1587 1481 1625 panem
1510 1587 1553 1612 ac
1580 1575 1709 1613 vinum

181 1650 316 1675 coenae
357 1636 565 1674 dominicae
600 1627 762 1674 ministri
796 1636 982 1687 papistici,
1016 1641 1058 1675 ut
1095 1637 1264 1676 Christus
1300 1637 1488 1676 Dominus
1524 1638 1712 1684 instituit,

181 1715 312 1753 nempe
338 1702 378 1739 in
406 1714 527 1739 escam
551 1714 595 1739 ac
612 1701 804 1752 potionem
821 1701 1017 1751 mysticam
1035 1702 1224 1740 Ecclesiae
1243 1703 1371 1754 ipsius,
1387 1725 1438 1733 —
1454 1704 1508 1742 ita
1523 1717 1644 1755 neque
1662 1704 1709 1742 ad

182 1780 265 1804 eum
300 1766 454 1804 modum
485 1770 601 1815 agunt
637 1764 715 1803 Deo
742 1764 841 1816 patri
865 1765 1018 1815 gratias,
1044 1766 1093 1804 ad
1119 1779 1230 1817 quem
1255 1766 1410 1805 modum
1439 1767 1612 1806 Christus
1639 1768 1707 1806 do·

181 1830 304 1868 minus
340 1834 491 1879 accepto
526 1829 567 1867 in
592 1842 726 1867 manus
755 1842 839 1867 suas
868 1842 962 1880 pane
989 1833 1026 1867 et
1050 1831 1186 1881 poculo
1204 1843 1353 1874 *coenae
1379 1835 1415 1869 et
1439 1831 1596 1883 ipsemet
1621 1845 1707 1881 gra-

180 1894 253 1932 tias
289 1894 364 1943 egit
399 1897 435 1932 et
472 1907 578 1932 suum
605 1906 675 1931 nos
702 1893 913 1944 exemplum
938 1893 1079 1932 imitari
1105 1895 1298 1946 praecipit.
1353 1895 1484 1947 Neque
1511 1896 1611 1935 enim
1639 1896 1708 1935 du-

183 1958 286 1996 bium
321 1963 388 2004 est,
425 1958 616 1997 Christum
652 1957 859 1996 Dominum
899 1971 965 2010 pro
1002 1960 1135 1997 veteris
1162 1961 1376 1999 testamenti
1401 1960 1442 1998 in
1469 1975 1607 2000 novum
1633 1962 1709 2001 iam

186 2023 475 2061 commutatione
510 2022 649 2072 gratias
683 2023 781 2073 patri
810 2035 875 2060 suo
905 2023 1045 2072 egisse,
1080 2024 1184 2062 cuius
1218 2024 1298 2076 ipse
1322 2030 1608 2064 monumentum
1634 2026 1710 2065 iam

185 2087 357 2138 deinceps
392 2087 431 2125 in
459 2087 627 2125 Ecclesia
654 2086 928 2125 observandum
956 2087 1187 2135 instituebat,
1215 2102 1298 2127 cum
1324 2089 1471 2128 ardenti
1497 2091 1711 2142 precatione

184 2149 397 2187 hauddubie
423 2163 489 2201 pro
518 2162 693 2188 successu
719 2148 917 2199 Euangelii
954 2150 1023 2189 sui.
1077 2151 1150 2190 Isti
1178 2165 1262 2190 vero
1290 2157 1436 2191 tantum
1463 2153 1569 2192 abest
1595 2158 1637 2192 ut
1664 2154 1710 2193 de

186 2214 339 2263 agendis
365 2214 445 2253 Deo
471 2214 569 2266 patri
594 2214 726 2264 gratiis
755 2214 920 2264 cogitent
947 2228 1012 2266 pro
1042 2216 1256 2255 testamenti
1281 2217 1322 2255 in
1350 2217 1499 2257 Christo
1518 2218 1566 2257 D.
1595 2219 1706 2257 inno-

186 2277 332 2316 vatione
367 2283 476 2329 atque
510 2278 780 2325 illustratione,
815 2282 856 2317 ut
891 2279 1012 2317 lucem
1048 2280 1300 2330 Euangelicae
1336 2281 1526 2320 doctrinae
1560 2283 1601 2321 in
1628 2283 1708 2335 ipsa

188 2341 372 2380 dominica
397 2343 633 2381 institutione
660 2343 708 2381 ad
735 2344 885 2382 umbras
912 2358 1060 2383 rursum
1089 2346 1170 2397 plus
1189 2360 1300 2397 quam
1318 2347 1504 2394 Iudaicas,
1521 2360 1569 2385 ne
1587 2347 1708 2387 dicam

187 2406 357 2443 tenebras
395 2406 506 2457 ipsas,
541 2421 715 2446 revocare
753 2413 946 2456 conentur,
982 2410 1070 2448 dum
1106 2411 1280 2450 instituto
1309 2411 1471 2462 quodam
1499 2412 1709 2460 sacerdotii,

189 2468 337 2506 Christo
372 2469 479 2519 plane
514 2471 597 2519 (fol.
628 2474 710 2520 982)
747 2472 960 2519 adversarii,
998 2487 1145 2523 genere,
1183 2488 1336 2513 coenam
1363 2475 1518 2514 Domini
1543 2476 1584 2515 in
1612 2476 1707 2515 Mis-

188 2545 314 2569 sarum
340 2545 489 2570 suarum
516 2547 733 2586 cauponam,
769 2537 870 2587 quod
895 2537 937 2575 in
962 2538 1054 2589 ipsis
1069 2543 1149 2586 lest,
1184 2540 1452 2579 transformant
1461 2556 1471 2588 3
1506 2544 1544 2579 at
1571 2554 1707 2580 novam

186 2597 351 2634 formant
386 2598 510 2635 nescio
549 2612 657 2649 quam
695 2601 922 2640 oblationem
957 2603 1268 2654 propitiatoriam,
1303 2618 1380 2651 seu,
1407 2608 1448 2644 ut
1474 2605 1549 2644 iam
1575 2619 1709 2645 vocare

186 2661 288 2699 illam
323 2661 492 2711 argutius
520 2663 659 2702 scilicet
687 2671 899 2717 coeperunt,
934 2668 1238 2718 applicatoriam,
1274 2683 1321 2708 ne
1358 2669 1548 2709 Christum
1584 2670 1706 2709 denuo

186 2725 399 2774 crucifigere
426 2725 666 2777 occidereque
694 2729 900 2770 videantur.
941 2731 1025 2769 Imo
1055 2745 1140 2771 vero
1167 2733 1374 2783 gratiarum
1401 2735 1580 2773 actoriam
1608 2734 1706 2774 hanc
1754 2743 1756 2746 ’

225 2865 248 2903 ¹)
273 2863 357 2896 Psal.
384 2864 432 2896 19.
