1818 3178
215 119 286 156 478
695 125 837 151 snMMA
864 123 1007 150 coN'rR.
1036 125 1088 150 DE
1116 124 1258 152 COENA.

213 228 297 278 pius
342 227 385 263 ad
433 229 593 262 mentem
636 230 748 274 atquc
781 223 1058 261 institutionem
1096 224 1235 261 Christi
1271 225 1456 268 accedere,
1491 226 1610 274 magis
1647 239 1735 262 sane

213 303 427 339 germanam
455 302 535 326 6556
563 288 659 325 116116
685 289 853 338 ipsorum
880 287 919 324 in
951 287 1071 324 verbis
1101 300 1235 324 coenae
1264 289 1428 338 corporis
1456 289 1734 339 intcrpretatio-

214 367 309 397 nem,
354 356 393 389 ut
430 365 565 388 nomen
603 351 770 400 corporis
807 364 873 400 pro
912 354 1146 387 sacramento
1185 351 1352 401 corporis
1389 351 1586 401 accipiant,
1624 365 1732 401 quam

211 419 375 468 priorum
412 417 575 459 illorum,
612 415 676 465 qui
705 415 866 464 simplici
894 415 1092 452 verborum
1121 414 1420 465 interpretationi
1455 416 1587 461 innixi,
1624 429 1736 466 quam

212 488 334 518 tamen
376 481 518 517 nullam
555 479 747 520 haetenus,
782 492 875 528 (11166
911 479 1028 528 tropis
1065 491 1218 528 prorsus
1261 484 1393 525 carcat,
1435 480 1579 518 adferre
1615 480 1736 517 adhuc

212 550 424 597 potuerunt,
470 544 636 594 corporis
669 557 806 581 nomen
841 556 908 593 pro
948 543 1025 594 ipsa
1061 544 1191 590 (1211))
1229 544 1408 581 naturalis
1445 545 1610 595 corporis
1647 545 1737 582 sub-

213 610 349 648 stantia
384 609 502 658 accipi
531 608 674 651 volunt,
711 611 749 644 ut
787 607 846 643 hic
884 607 932 644 sit
966 607 1165 644 verborum
1202 620 1338 645 coenae
1367 621 1514 646 sensus:
1569 609 1656 646 Hoc
1683 613 1738 646 est

214 687 347 724 corpus
384 685 520 715 meum,
557 672 593 708 id
630 675 698 717 est,
728 672 797 708 1106
825 676 878 708 est
907 675 1181 709 sacramentum
1211 671 1377 722 corporis
1405 673 1488 710 mei.
1518 674 1736 711 Sacramen-

213 745 292 777 tum
329 750 415 775 vero
450 737 679 785 intelligunt,
713 749 788 773 non
826 736 1006 773 elementa
1043 741 1190 774 tantum
1237 737 1471 779 sacramenti,
1508 738 1570 774 sed
1606 738 1739 788 ipsum,

214 804 245 841 si
280 803 331 839 ita
369 801 490 838 dicere
524 801 645 844 liceat,
681 800 945 849 mysteriorum
975 813 1057 836 611111
1086 801 1277 838 clementis
1305 801 1344 837 in
1373 814 1475 838 sacra
1506 802 1652 839 actione
1680 802 1738 839 in·

215 868 421 909 volucrum,
462 870 616 915 utraque
653 865 742 902 haec
779 865 1029 914 complectens
1066 878 1130 915 per
1167 866 1470 903 sacramentalem
1498 866 1602 903 illam
1631 867 1741 903 unio-

218 947 313 977 nem,
357 945 467 983 quam
503 935 632 968 autore
670 929 811 980 Spiritu
849 930 986 966 Sancto
1024 928 1158 966 animis
1194 929 1333 965 nostris
1372 929 1663 979 complectimur,
1700 933 1743 966 ut

216 997 357 1034 dictum
387 1001 453 1039 est,
483 995 579 1032 circa
607 997 926 1031 sacramentorum
955 993 1331 1031 administrationem.

267 1062 392 1110 Atque
420 1060 489 1096 1166
517 1063 604 1096 sunt
629 1062 704 1095 tres
741 1070 841 1094 nunc
869 1057 1064 1094 doctorum
1092 1057 1138 1105 de
1166 1069 1300 1094 coenae
1329 1060 1561 1094 sacramento
1593 1060 1742 1094 sentcn-

216 1126 300 1171 tiae,
329 1138 422 1175 quae
449 1123 598 1161 interim
624 1123 663 1159 in
692 1135 730 1159 rc
758 1122 837 1172 ipsa
858 1121 1080 1158 sacramenti
1098 1121 1324 1158 unanimiter
1344 1121 1597 1166 consentiunt,
1615 1134 1745 1171 nempe

217 1191 255 1227 in
302 1202 386 1226 vera
434 1188 509 1225 veri
553 1187 719 1237 corporis
766 1192 800 1223 et
838 1185 1032 1234 sanguinis
1069 1185 1207 1222 Christi
1242 1185 1281 1222 in
1320 1198 1434 1222 coena
1472 1185 1746 1230 communione,

219 1253 366 1291 etiamsi
403 1253 446 1290 de
479 1251 580 1288 illius
618 1250 743 1295 modo,
780 1262 912 1300 nempe
938 1262 983 1286 an
1013 1249 1117 1286 iuxta
1143 1250 1261 1299 ipsam
1291 1249 1458 1299 corporis
1486 1253 1523 1286 et
1550 1249 1745 1298 sanguinis

220 1316 481 1361 substantiam,
517 1329 564 1352 611
601 1327 686 1351 vero
716 1313 1033 1361 sacramentaliter
1060 1314 1137 1355 fiat,
1165 1313 1339 1350 nonnihil
1366 1313 1563 1351 dissentire
1592 1313 1745 1350 videan-

219 1386 290 1418 tur.
344 1380 476 1430 Neque
503 1383 558 1416 est
584 1378 655 1415 alia
684 1378 722 1415 in
751 1391 789 1414 re
817 1378 891 1414 ulla
918 1377 1014 1414 inter
1043 1377 1109 1414 has
1137 1377 1341 1415 sententias
1371 1391 1499 1415 omnes
1527 1382 1745 1415 controver-

221 1445 287 1488 sia,
315 1457 424 1495 quam
453 1443 553 1493 quod
581 1442 758 1479 unionem
786 1442 1103 1486 sacramentalem,
1130 1455 1240 1492 quam
1277 1442 1423 1480 interim
1454 1456 1581 1480 omnes
1609 1456 1747 1492 agnos-

222 1512 323 1553 cunt,
358 1520 434 1544 non
467 1507 513 1544 ad
550 1506 710 1544 eundem
747 1505 898 1542 modum
936 1510 1136 1556 exponant,
1173 1506 1233 1543 sed
1271 1507 1336 1543 alii
1372 1507 1475 1544 illam
1511 1507 1550 1543 in
1587 1507 1676 1544 reali
1705 1521 1748 1544 ac

222 1572 460 1611 substantiali
487 1571 748 1621 mysteriorum
777 1583 860 1607 curn
888 1571 1091 1615 elementis,
1120 1571 1184 1608 alii
1210 1571 1250 1608 in
1278 1571 1477 1609 ministerii
1497 1585 1562 1622 per
1584 1573 1749 1610 ministri

221 1652 313 1689 opus
350 1637 521 1681 efficacia,
557 1637 621 1674 alii
658 1649 743 1674 vero
780 1636 820 1673 in
855 1636 1053 1673 ministerii
1090 1636 1240 1686 quidem
1277 1639 1404 1684 (122³)
1440 1637 1599 1674 efficacia
1626 1638 1750 1682 etiam,

223 1703 286 1741 scd
312 1716 378 1754 per
403 1702 520 1752 ipsius
550 1701 711 1751 Spiritus
740 1701 872 1745 sancti,
899 1714 976 1738 non
1004 1704 1128 1738 autem
1154 1714 1218 1750 per
1244 1700 1412 1737 ministri
1440 1713 1530 1751 opus
1561 1702 1745 1739 constitu-

221 1771 297 1805 tam
326 1779 405 1804 esse
432 1769 576 1816 putant.
632 1766 713 1802 Iam
742 1778 829 1802 vero
857 1765 887 1802 si
915 1765 1192 1802 sacramentalis
1221 1765 1331 1802 huius
1358 1765 1511 1802 unionis
1539 1779 1584 1802 ne
1611 1766 1750 1803 mentio

223 1832 375 1883 quidem
402 1832 501 1868 facta
528 1844 694 1881 unquam
724 1830 868 1871 fuisset,
896 1830 1032 1867 nedum
1060 1834 1101 1867 ut
1128 1830 1230 1867 illius
1258 1834 1360 1867 tanta
1385 1830 1638 1867 controversia
1659 1830 1752 1867 fuis-

224 1900 280 1934 sct
316 1900 458 1939 exorta,
495 1908 541 1932 an
579 1895 651 1931 iam
682 1894 726 1932 de
754 1895 790 1931 vi
817 1907 859 1931 ac
889 1894 1070 1942 dignitate
1099 1900 1416 1931 sacramentorum
1446 1897 1569 1930 actum
1597 1894 1751 1931 omnino

224 1962 380 2000 fuisset?
410 1960 592 2012 Equidem
622 1960 660 1997 in
679 1959 797 1996 literis
817 1959 1047 2009 Apostolicis
1067 1960 1208 1996 nullam
1228 1959 1330 1996 illius
1350 1959 1575 1996 mentionem
1594 1973 1751 2009 usquam

225 2027 407 2068 videmus,
434 2031 470 2063 et
497 2030 622 2063 tamen
651 2025 695 2062 de
724 2028 1039 2062 sacramentorum
1071 2024 1266 2071 dignitate,
1295 2024 1430 2060 virtute
1457 2028 1567 2073 atque
1595 2025 1753 2061 efficacia

225 2093 272 2131 ab
312 2092 506 2143 Apostolis
544 2090 756 2127 dubitatum
793 2089 948 2126 minime
976 2102 1055 2126 esse
1082 2093 1267 2140 putamus.
1322 2088 1471 2126 Quodsi
1499 2093 1577 2125 tum
1606 2089 1753 2127 illibata

225 2170 378 2206 prorsus
415 2160 494 2193 erat
529 2155 627 2192 inter
656 2153 860 2204 Apostolos
888 2153 990 2204 ipsos
1019 2152 1137 2190 virtus
1168 2157 1202 2190 et
1231 2152 1395 2202 dignitas
1425 2158 1755 2197 sacramentorum,

227 2234 311 2258 cum
348 2234 394 2258 116
430 2233 565 2258 11016611
603 2218 752 2269 (1111(1661
790 2217 1068 2255 sacramentalis
1096 2217 1204 2255 istius
1239 2217 1388 2254 unionis
1418 2231 1573 2268 usquam
1601 2222 1755 2264 extaret,

227 2286 364 2323 nedum
411 2288 450 2322 ut
495 2287 600 2320 tanta
646 2283 748 2320 illius
795 2282 947 2319 nomine
995 2282 1247 2319 controversia
1284 2286 1410 2319 exorta
1449 2286 1557 2326 esset,
1594 2296 1681 2320 sane
1720 2287 1755 2319 et

227 2362 329 2386 nunc
375 2361 477 2386 suam
513 2346 610 2398 apud
648 2359 718 2384 nos
754 2349 986 2384 sacramenta
1022 2346 1103 2396 ipsa
1138 2341 1356 2395 dignitatem
1396 2346 1556 2384 retinere
1591 2351 1755 2397 possent,

227 2412 373 2450 etiamsi
407 2413 454 2449 ab
491 2411 603 2449 anxia
640 2415 888 2461 accurataque
923 2410 1074 2447 unionis
1112 2410 1222 2447 huius
1251 2410 1503 2448 controversia
1532 2410 1640 2447 nobis
1668 2410 1754 2447 reli-

227 2477 332 2526 giose
372 2481 674 2527 temperaremus.
729 2475 778 2512 Et
804 2479 1047 2525 posteaquam
1079 2474 1122 2511 de
1149 2474 1229 2525 ipso
1259 2474 1480 2512 sacramenti
1510 2487 1644 2511 coenae
1672 2488 1753 2523 my-

229 2541 340 2579 sterio
378 2553 455 2577 non
493 2544 548 2577 est
584 2540 658 2576 ulla
684 2539 782 2576 inter
817 2539 947 2576 doctos
976 2551 1103 2576 omnes
1133 2538 1397 2581 controversia,
1424 2559 1473 2566 —
1502 2550 1627 2574 01111165
1656 2538 1753 2575 enim

228 2608 440 2654 agnoscunt
479 2605 641 2641 Coenam
679 2603 832 2640 Domini
867 2616 946 2639 6556
975 2603 1275 2640 communionem
1305 2602 1470 2652 corporis
1499 2606 1534 2638 et
1562 2602 1755 2649 sanguinis

230 2669 383 2713 Christi,
420 2668 491 2719 piis
528 2681 613 2704 vero
653 2667 826 2705 omnibus
862 2680 939 2704 rem
975 2668 1095 2718 ipsam
1133 2667 1354 2704 sacramenti
1392 2667 1526 2703 habere
1562 2667 1650 2703 satis
1687 2670 1754 2711 est,

228 2733 373 2773 etiamsi
401 2734 531 2781 (1221))
561 2732 712 2769 modum
739 2732 841 2770 illius
869 2745 944 2769 606
972 2745 1125 2783 prorsus
1154 2736 1280 2769 exacte
1307 2735 1563 2781 assequantur,
1589 2752 1639 2759 —
1668 2732 1756 2769 satis

230 2804 266 2836 et
301 2811 368 2847 ego
407 2797 478 2833 hoc
513 2796 729 2846 praesertim
765 2800 930 2847 tempore
967 2810 1045 2834 6556
1089 2800 1270 2846 putarem,
1305 2796 1349 2832 (16
1384 2808 1422 2831 re
1459 2795 1641 2832 duntaxat
1676 2795 1757 2846 ipsa

231 2864 548 2902 sacramei'itorum
576 2861 752 2911 populum
783 2862 924 2906 docere,
955 2861 1025 2898 hoe
1053 2865 1108 2898 est
1135 2862 1178 2897 de
1207 2861 1298 2914 ipsa!
1316 2859 1482 2909 corporis
1509 2862 1544 2896 ct
1561 2860 1755 2908 sanguinis
