1818 3178
165 75 238 110 324

165 197 374 235 negareque
402 196 477 222 non
493 196 561 234 po·
614 185 807 230 ducamus,
824 197 890 222 nos
906 196 1028 222 omnes
1039 198 1151 223 unum
1161 198 1297 236 corpus
1309 187 1479 235 effici,—
1486 192 1686 235 propterea

164 255 236 288 test
316 249 565 299 Westphalus,
617 262 684 286 nos
712 261 788 287 esse
816 261 952 298 corpus
979 255 1012 286 et
1037 250 1200 288 membra
1232 251 1380 296 Christi,
1395 251 1483 299 quia
1500 262 1572 298 per
1589 251 1688 288 hanc

169 315 349 364 Cyrillum
382 317 463 350 toto
501 313 567 350 illo
621 314 904 352 benedictionem
933 310 1097 361 mysterii
1122 315 1240 364 ipsum
1267 316 1381 360 filium
1409 316 1484 352 Dei
1508 314 1594 362 (fol.
1623 315 1689 361 90)

164 377 247 414 loco
286 377 357 414 hoc
383 376 567 427 imprimis
618 378 853 426 suscipimus,
880 398 930 405 —
956 378 992 415 sz‘
1017 379 1100 426 quis
1127 391 1279 416 carnem
1309 378 1449 417 Christi
1466 380 1609 427 recipit.
1627 391 1690 416 ne-

162 454 284 490 agere,
300 445 341 479 ut
358 454 487 479 eorum
502 454 560 479 er·
613 454 712 480 cesse
748 455 837 487 esse,
872 449 911 479 ut
946 455 1030 480 cum
1059 443 1142 491 ipso
1170 444 1431 492 coniunyatur,
1456 450 1496 481 ut
1526 444 1692 481 Christus

160 519 285 544 rorem
320 506 467 553 refutet,
495 506 559 557 qui
611 508 649 544 in
675 508 756 556 ipso
784 513 816 545 et
842 508 920 556 ipse
947 509 986 545 in
1015 506 1160 545 Christo
1187 509 1411 557 reperiatur.

165 569 235 607 hac
261 569 347 608 vitis
375 572 411 607 et
427 561 578 621 palmi-⁶

163 638 243 672 tum
319 634 566 673 similitudine

164 699 401 738 abuntuntur
427 699 475 737 ad
502 713 567 738 ne-

164 763 328 812 gandam
362 764 570 802 naturalem

165 828 307 866 Christi
368 828 567 867 nobiscum

167 890 207 928 in
269 903 379 929 carne
438 894 569 929 nostra

170 955 471 993 communionem
499 968 563 994 seu

168 1018 395 1058 societatem.
462 1019 571 1058 Quae

168 1095 256 1121 vero
285 1083 330 1121 de
363 1083 474 1121 unius
501 1097 567 1134 pa-

166 1146 226 1184 nis
261 1146 302 1184 in
329 1147 454 1185 Coena
479 1160 565 1199 par·

167 1209 400 1261 ticipatione,
453 1211 571 1263 deque

167 1275 347 1325 mysticae
390 1276 567 1314 benedic-

166 1339 281 1377 tionis
322 1339 460 1378 virtute
502 1340 593 1378 ad-'

169 1402 236 1449 dit,
264 1403 354 1442 haec
387 1418 465 1443 non
493 1405 566 1442 alio

167 1468 241 1505 fine
276 1468 417 1513 induci,
453 1482 563 1519 quam
601 1469 649 1506 ad
683 1469 841 1507 traditae
877 1470 952 1507 iam
989 1469 1180 1508 doctrinae
1207 1470 1294 1519 (sub
1324 1470 1409 1508 vitis
1438 1475 1473 1509 et
1499 1470 1697 1522 palmitum

169 1531 433 1580 similitudine)
472 1533 796 1571 confirmationem
830 1534 875 1571 de
910 1534 1074 1571 naturali
1110 1534 1251 1572 Christi
1290 1534 1487 1572 nobiscum
1522 1535 1563 1572 in
1592 1548 1701 1572 carne

169 1601 299 1633 nostra
328 1597 601 1643 communione,
637 1597 746 1635 facile
772 1597 811 1635 id
837 1598 1046 1649 perspiciet,
1073 1599 1243 1649 quisquis
1279 1599 1404 1636 locum
1433 1598 1563 1649 Cyrilli
1591 1598 1698 1636 illum

168 1664 291 1698 totum
314 1661 445 1710 legerit
470 1675 513 1700 ac
530 1663 683 1713 propius
709 1662 926 1713 inspexerit.
956 1663 1060 1701 Quid
1070 1663 1214 1712 igitur?
1243 1663 1387 1713 Egone,
1405 1677 1499 1714 quae
1523 1677 1544 1701 a
1559 1663 1698 1714 cyrillo

175 1725 218 1762 de
247 1726 484 1764 Eucharistia
513 1726 650 1777 scripta
677 1730 778 1771 sunt,
803 1727 876 1764 alio
897 1740 1009 1778 quam
1029 1732 1174 1778 oportet
1196 1727 1410 1779 detorqueo,
1430 1728 1518 1766 dum
1537 1728 1701 1766 additam

173 1789 363 1827 doctrinae
400 1791 721 1828 confirmationem
756 1803 802 1828 ex
840 1791 985 1829 Coenae
1012 1792 1189 1842 mysterio
1226 1792 1271 1830 de
1305 1792 1468 1830 naturali
1502 1792 1702 1830 nobiscum

174 1853 315 1891 Christi
341 1853 497 1891 Domini
521 1854 561 1891 in
591 1867 701 1892 carne
728 1859 856 1892 nostra
885 1855 1147 1893 communione
1174 1856 1302 1894 eodem
1330 1857 1464 1900 refero,
1492 1869 1565 1907 quo
1593 1859 1703 1894 autor

173 1917 328 1968 ipsemet
371 1918 580 1956 doctrinam
626 1933 731 1956 suam
765 1920 999 1958 referendam
1034 1933 1114 1958 esse
1141 1920 1260 1967 docet,
1297 1933 1429 1971 nempe
1464 1921 1510 1957 ad
1549 1924 1703 1959 naturae

174 1986 324 2019 nostrae
352 1982 534 2020 humanae
561 1982 807 2029 identitatem,
830 1997 924 2034 quae
951 1985 1094 2022 sontem
1120 1984 1244 2035 ipsum
1272 1988 1383 2035 atque
1400 1984 1584 2034 originem
1598 1998 1702 2023 suam

176 2046 289 2084 habet
316 2047 564 2098 proculdubio
592 2047 631 2086 in
657 2047 738 2098 ipsa
765 2049 903 2086 verbi
929 2048 1216 2087 incarnatione?
1253 2063 1301 2087 an
1339 2062 1424 2087 vero
1463 2049 1702 2101 Westphalus

174 2109 311 2159 potius,
347 2101 497 2160 quisin
532 2109 698 2161 Erinnys
740 2124 826 2148 suae
861 2111 1034 2160 gratiam,
1069 2111 1236 2149 additam
1272 2124 1317 2149 ex
1355 2112 1501 2150 Coenae
1526 2113 1703 2163 mysterio

176 2173 367 2212 doctrinae
413 2175 734 2213 confirmationem
777 2176 850 2213 alio
899 2176 1092 2214 deflectere
1139 2181 1309 2223 conatur,
1344 2190 1456 2228 quam
1492 2181 1600 2215 autor
1625 2177 1704 2228 ipse

174 2238 300 2284 faciat,
325 2252 456 2290 nempe
484 2253 559 2277 non
587 2239 633 2277 ad
662 2243 829 2290 coeptam
856 2240 895 2278 in
923 2240 1062 2278 verbi
1089 2241 1348 2278 incarnatione
1375 2242 1580 2279 naturalem
1599 2241 1701 2278 illius

179 2303 377 2341 nobiscum
404 2305 442 2341 in
471 2318 580 2343 carne
607 2308 736 2342 nostra
757 2304 1000 2352 identitatem,
1020 2305 1083 2343 sed
1101 2306 1146 2343 ad
1165 2319 1300 2344 novam
1322 2306 1511 2356 quandam
1526 2306 1705 2355 mysticae

178 2368 448 2407 benedictionis
493 2370 822 2408 coniunctionem?
868 2370 975 2421 quasi
1020 2370 1085 2408 illa
1119 2370 1329 2408 benedictio
1366 2370 1404 2408 id
1438 2374 1518 2408 tum
1555 2366 1701 2408 demum

176 2431 319 2477 efficiat,
353 2439 394 2471 ut
429 2434 539 2471 nobis
577 2434 745 2472 Christus
785 2438 940 2472 naturae
975 2434 1171 2473 identitate
1214 2435 1255 2472 in
1292 2448 1400 2472 carne
1434 2438 1562 2472 nostra
1612 2447 1703 2472 con-

178 2497 366 2546 iungatur,
401 2511 442 2535 ac
478 2512 553 2536 non
590 2499 714 2549 potius
750 2498 826 2537 vim
853 2499 1016 2537 fructum
1044 2512 1088 2537 ac
1123 2499 1355 2549 dignitatem,
1391 2498 1529 2536 dudum
1563 2499 1703 2549 alioqui

180 2564 341 2610 coeptae,
379 2561 518 2598 Christi
557 2561 754 2598 nobiscum
793 2565 828 2599 et
873 2565 1024 2599 nostrae
1061 2574 1145 2598 cum
1182 2561 1342 2606 Christo,
1376 2564 1453 2598 tam
1489 2560 1705 2611 spiritualis,

179 2638 291 2675 quani
318 2624 498 2661 naturalis
527 2625 800 2663 communionis
827 2625 1022 2675 exprimat,
1049 2625 1257 2676 animisque
1291 2624 1429 2662 nostris
1457 2624 1588 2674 spiritu
1617 2625 1723 2672 (fol.·

182 2691 248 2737 91)
285 2693 414 2726 sancto
450 2693 580 2726 autore
607 2689 751 2737 infigat,
780 2690 828 2727 ob
857 2690 986 2728 oculos
1012 2690 1116 2727 illam
1142 2689 1245 2728 iuxta
1273 2690 1453 2727 rationem
1484 2690 1703 2728 Sacramen-

179 2759 302 2790 torum
330 2757 446 2804 ponat
473 2756 508 2790 et
535 2753 607 2789 toti
635 2753 823 2791 Ecclesiae
850 2767 893 2791 ex
925 2754 1064 2792 Christi
1092 2753 1328 2791 institutione
1356 2754 1601 2792 commendet.

233 2817 304 2855 Sed
332 2818 404 2855 iam
435 2816 677 2866 Westphalici
705 2818 856 2866 spiritus
885 2830 1038 2856 acumen
1066 2818 1104 2856 in
1133 2817 1211 2856 eius
1238 2817 1623 2866 argumentationibus
1643 2817 1702 2856 in-
