1818 3178
193 95 267 130 424
695 104 914 132 RESPONSIO
942 106 1037 135 ADv.
1068 108 1231 135 HosmM.

199 203 414 254 Scripturae
448 203 542 240 locis
581 202 734 241 docetur
770 209 805 242 et
833 209 953 244 sonat.
1007 206 1063 245 Ut
1090 221 1180 258 ergo
1208 208 1245 246 id
1275 210 1450 248 omnibus
1479 213 1721 262 conspicuum

195 268 271 313 fiat,
299 268 369 306 etsi
394 267 513 305 multa
541 267 603 305 hic
632 268 706 306 dici
731 274 897 320 possent,
923 274 1061 317 tamen,
1087 276 1127 310 ut
1149 286 1227 312 rem
1247 274 1286 312 in
1305 288 1423 326 pauca
1445 277 1721 324 contrahamus,

194 331 343 369 abunde
371 331 460 369 satis
495 333 576 370 fore
610 337 787 384 putamus
816 334 885 373 hac
910 335 948 374 in
977 341 1095 388 parte,
1123 338 1165 385 si,
1193 353 1287 390 quae
1314 340 1456 380 Hosius
1482 341 1720 393 potissimum

195 396 343 433 obstare
370 395 490 443 docet,
517 398 718 448 quominus
746 398 896 437 dilectio
925 400 1138 440 Christiana
1164 402 1261 442 inter
1288 408 1438 444 nostros
1464 407 1616 444 retineri
1639 420 1720 445 om-

192 460 282 498 nino
319 461 449 511 possit,
484 474 527 499 ea
560 462 641 513 ipsa
676 463 774 514 apud
811 464 972 502 Hosium
1008 465 1208 516 ipsummet
1243 471 1278 505 et
1305 482 1392 508 suos
1427 470 1719 509 familiarissima

192 537 272 562 esse
307 524 474 575 adeoque
509 528 543 563 et
577 539 733 576 regnare
770 529 868 580 apud
904 529 1018 580 ipsos,
1054 543 1074 568 a
1109 531 1220 570 nobis
1248 546 1333 572 vero
1370 547 1412 572 ac
1439 535 1579 573 nostris
1606 549 1718 587 quam

191 588 412 637 longissime
440 589 560 628 aliena
587 603 668 629 esse
696 591 909 632 doceamus,
961 593 1046 632 Duo
1073 598 1198 634 autem
1226 599 1421 637 constituit
1448 599 1594 637 Hosius
1619 601 1719 651 ipse-

194 656 283 698 met,
316 666 411 704 quae
439 668 459 691 a
487 654 627 693 nostris
654 657 889 707 propulerint
931 658 1073 697 scilicet
1100 673 1224 698 veram
1263 662 1513 710 dilectionem,
1539 677 1659 716 neque
1686 665 1721 703 ei

192 716 318 755 locum
353 718 451 769 apud
487 732 557 757 nos
592 720 710 758 ullum
744 721 983 772 permittant:
1021 725 1376 775 secessio-(85)nem
1403 728 1451 765 ab
1487 728 1656 767 Ecclesia
1684 733 1720 767 et

190 786 318 820 mutua
352 783 452 821 inter
488 798 557 823 nos
594 784 761 833 dissidia,
800 787 912 825 etiam
947 788 1047 839 quod
1086 789 1133 827 ad
1170 790 1379 830 doctrinam
1413 793 1534 844 ipsam
1570 795 1718 834 attinet.

191 847 273 885 Iam
311 848 342 885 si
370 853 528 896 constet,
556 863 634 888 non
663 851 832 903 equidem
862 865 932 890 nos
961 866 1004 891 ac
1032 859 1194 902 nostros,
1223 856 1290 905 sed·
1313 857 1513 909 ipsummet
1540 858 1718 905 Hosium‚

188 924 263 949 una
299 925 383 950 cum
422 926 490 951 suo
528 919 693 953 creatore
729 916 829 967 Papa
874 921 910 955 et
952 919 1128 957 universo
1165 920 1284 972 ipsius
1320 936 1432 972 grege
1464 937 1485 961 a
1522 923 1719 963 Catholica

192 974 331 1013 Christi
370 976 524 1015 Domini
551 978 728 1027 ,Ecclesia
766 993 804 1018 se
842 981 1063 1021 subduxisse
1099 997 1309 1037 novamque
1346 987 1431 1034 sibi,
1461 987 1610 1026 Christo
1639 988 1718 1027 Do-

189 1038 292 1077 mino
311 1040 576 1089 adversariam,
604 1043 813 1082 Ecclesiam
840 1045 1061 1094 instituisse,
1077 1070 1122 1078 —
1148 1049 1179 1087 si
1207 1050 1343 1089 iterum
1373 1057 1530 1100 constet,
1555 1054 1719 1106 Papisti-

191 1115 252 1141 cos
289 1103 472 1144 Doctores
500 1120 642 1155 omnes,
669 1122 744 1147 non
775 1110 943 1161 equidem
972 1112 1056 1151 ideo
1084 1118 1280 1166 tantopere
1306 1117 1404 1155 inter
1431 1131 1510 1157 sese
1536 1132 1613 1158 non
1641 1120 1718 1158 dis-

189 1167 320 1216 sidere,
348 1175 579 1223 quantopere
607 1186 675 1211 nos
703 1174 779 1212 illis
808 1175 988 1214 dissidere
1013 1177 1112 1216 inter
1140 1193 1209 1218 nos
1236 1181 1397 1219 invicem
1416 1182 1596 1228 videmur,
1616 1184 1718 1235 quod

188 1233 241 1271 eis
269 1233 367 1272 inter
385 1235 488 1287 ipsos
516 1237 561 1275 de
580 1251 666 1276 vera
695 1239 879 1289 religione
907 1241 1152 1295 doctrinaque
1179 1245 1334 1284 salutari
1360 1247 1560 1298 Euangelii
1580 1248 1721 1288 Christi

189 1298 336 1344 melius,
369 1314 482 1351 quam
517 1302 629 1341 nobis
655 1303 754 1342 inter
780 1318 850 1343 nos
880 1307 1090 1355 conveniat,
1110 1309 1174 1347 sed
1202 1310 1316 1361 quod,
1343 1311 1488 1351 abiecta
1507 1313 1611 1352 omni
1631 1327 1718 1352 cura

189 1375 232 1399 ac
252 1364 422 1402 custodia
440 1366 584 1415 gloriae
611 1367 682 1406 Dei
710 1369 905 1421 cultusque
932 1372 1011 1411 veri
1037 1377 1073 1411 et
1101 1374 1275 1413 salutaris
1305 1376 1499 1416 doctrinae
1525 1378 1565 1416 in
1583 1378 1715 1417 Eccle-

188 1426 255 1473 sia,
274 1427 440 1466 animum
460 1433 580 1468 totum
604 1431 650 1469 ad
670 1433 889 1483 erigendum
910 1436 1250 1491 stabiliendumque
1269 1453 1313 1478 ac
1332 1441 1479 1480 demum
1499 1443 1607 1482 etiam
1626 1457 1715 1496 pro-

126 1526 130 1533 ,
187 1493 433 1542 pugnandum
453 1494 625 1544 Regnum
654 1510 774 1543 suum,
801 1499 938 1538 laxatis
967 1503 1144 1542 omnihus
1172 1504 1406 1545 idololatriae
1427 1520 1470 1545 ac
1487 1507 1717 1560 blasphemi-

187 1569 292 1594 arum
322 1558 451 1605 frenis,
478 1559 712 1609 adiecerunt,
737 1584 789 1592 —
820 1576 867 1602 an
896 1578 973 1604 non
1000 1566 1195 1618 ipsiusmet
1225 1569 1339 1608 Hosii
1367 1574 1640 1621 argumentatio
1677 1574 1716 1612 in

187 1620 309 1671 ipsum
339 1636 499 1674 suosque
527 1637 656 1664 omnes
695 1629 932 1680 sua-(86)pte
969 1636 1102 1682 sponte
1128 1633 1280 1682 recidet,
1307 1648 1438 1688 nempe
1465 1638 1611 1676 nullum
1631 1652 1713 1677 om·

188 1686 280 1724 nino
309 1687 435 1726 locum
472 1702 551 1728 esse
577 1690 764 1743 reliquum
790 1693 888 1732 inter
914 1695 1016 1746 ipsos
1045 1710 1152 1736 verae
1181 1699 1375 1739 dilectioni
1410 1714 1452 1739 ac
1487 1703 1645 1754 proinde
1671 1717 1718 1743 ne

187 1766 295 1791 verae
322 1754 473 1805 quidem
502 1757 606 1794 verbi
634 1756 763 1796 Divini
793 1759 997 1808 doctrinae,
1024 1767 1208 1813 quatenus
1228 1778 1316 1804 sane
1335 1779 1396 1805 eos
1425 1767 1462 1806 et
1480 1782 1500 1806 a
1522 1768 1715 1807 Catholica

188 1821 300 1869 atque
336 1820 556 1871 Apostolica
593 1822 735 1861 Christi
772 1824 940 1863 Ecclesia
976 1828 1115 1878 perfide
1160 1830 1360 1870 descivisse
1400 1832 1436 1871 et
1482 1835 1716 1873 coniuratam

186 1882 364 1921 adversus
394 1885 583 1924 Christum
612 1887 766 1939 eiusque
796 1889 1005 1930 doctrinam
1036 1894 1353 1945 conspirationem
1380 1897 1478 1936 inter
1515 1912 1594 1938 sese
1620 1900 1715 1938 alere

186 1949 361 1986 constat?
391 1951 539 1988 tametsi
565 1951 604 1989 in
633 1965 675 1990 ea
703 1966 850 2005 quoque
876 1956 944 1993 tali
963 1957 1124 1995 istorum
1146 1961 1423 2011 conspiratione
1438 1962 1549 2014 plena
1570 1963 1715 2002 dissen-

187 2010 334 2048 sionum
372 2012 522 2063 odiique
556 2014 665 2064 plane
707 2016 957 2067 implacabilis
994 2032 1038 2057 ac
1073 2020 1238 2060 rixarum
1276 2023 1417 2075 ubique
1459 2025 1583 2064 omnia
1622 2039 1715 2073 esse,

187 2075 252 2125 qui
288 2076 416 2114 oculos
451 2077 564 2115 modo
606 2078 757 2127 habent,
793 2081 919 2120 videre
954 2085 1202 2134 proculdubio
1240 2087 1413 2138 possint?
1448 2102 1518 2128 nos
1554 2103 1641 2129 vero
1679 2097 1715 2129 et

188 2143 337 2178 nostros
365 2154 494 2180 omnes
522 2143 650 2180 eadem
677 2143 758 2195 ipsa
787 2144 901 2184 Hosii
928 2150 1203 2197 argumentatio
1232 2151 1336 2190 omni
1364 2165 1491 2191 eorum
1522 2154 1631 2205 culpa
1667 2154 1714 2192 li-

188 2205 346 2253 berabit,
384 2220 541 2258 quorum
571 2208 617 2246 ab
646 2209 713 2247 illo
742 2211 836 2249 falso
866 2226 909 2250 ac
936 2214 1124 2253 malitiose
1152 2218 1398 2255 accusamur?
1452 2218 1642 2271 Quodque
1668 2220 1715 2258 ad

188 2270 432 2310 defectionem
478 2274 640 2325 primum
677 2289 697 2313 a
735 2276 929 2316 Catholica
967 2279 1108 2318 Christi
1150 2281 1319 2320 Ecclesia
1361 2283 1509 2330 attinet,
1551 2285 1714 2323 diximus

187 2334 225 2373 in
261 2336 404 2386 primae
439 2337 634 2377 Hosianae
669 2342 1007 2390 argumentationis
1034 2346 1291 2396 responsione,
1320 2347 1554 2387 Catholicam
1582 2349 1714 2387 Eccle-

188 2399 279 2437 siam
315 2414 394 2439 non
429 2414 507 2440 esse
544 2403 667 2451 aliam,
694 2419 806 2456 quam
835 2420 930 2457 quae
957 2408 1174 2448 universum
1203 2411 1407 2461 Mysticum
1435 2413 1503 2450 filii
1531 2413 1601 2451 Dei
1629 2426 1712 2451 cor·

186 2475 256 2513 pus
293 2476 377 2502 cum
410 2467 588 2505 omnibus
622 2469 764 2520 ubique
799 2471 978 2510 membris
1014 2473 1133 2525 ipsius
1170 2475 1217 2512 ab
1244 2476 1356 2514 initio
1383 2476 1429 2515 ad
1456 2478 1567 2515 finem
1597 2467 1712 2529 usque

188 2528 291 2567 orbis
327 2529 426 2568 intra
463 2545 501 2569 se
539 2534 930 2584 complecta-(87)tur‚
967 2541 1079 2589 atque
1115 2539 1155 2577 in
1192 2553 1233 2577 ea
1274 2541 1356 2592 ipsa
1392 2541 1559 2580 Ecclesia
1588 2546 1711 2581 certos

186 2605 266 2631 esse
301 2595 537 2634 vocationum
565 2598 716 2647 gradus,
742 2599 843 2650 quod
871 2601 916 2638 ad
944 2602 1138 2652 publicum
1165 2604 1350 2655 imprimis
1376 2605 1627 2644 ministerium
1654 2610 1711 2645 at-

188 2657 296 2703 tinet,
332 2671 464 2710 nempe
501 2661 593 2699 alios
629 2662 737 2701 datos
775 2677 867 2711 esse,
903 2665 966 2716 qui
1001 2667 1166 2705 eiusdem
1203 2668 1319 2719 ipsius
1355 2669 1544 2708 Ecclesiae
1572 2669 1711 2708 funda-

187 2727 356 2761 mentum
383 2723 423 2761 in
451 2724 627 2776 doctrina,
649 2741 739 2766 sana
768 2729 944 2780 cultuque
972 2744 1058 2769 vero
1086 2732 1189 2770 iuxta
1218 2733 1348 2784 capitis
1377 2734 1512 2772 summi
1541 2736 1598 2774 sui
1624 2749 1711 2788 pro·

187 2787 397 2837 portionem
437 2789 677 2839 collocarent,
701 2814 753 2821 —
778 2793 872 2831 alios
899 2798 1034 2842 autem,
1060 2796 1126 2848 qui
1160 2797 1283 2848 posito
1320 2797 1433 2835 semel
1468 2798 1712 2839 fundamento

194 2865 298 2893 suam
337 2859 646 2906 superstruerent,
690 2871 766 2897 non
805 2865 928 2898 antem
964 2861 1057 2899 fines
1094 2862 1328 2902 fundamenti
1364 2862 1466 2901 illius
1501 2866 1722 2906 excederent
