1818 3178
721 88 779 118 nr.
810 86 952 116 noc'rn.
1537 77 1610 114 ὅδε)

76 194 179 232 tibus
217 191 357 230 nostris
393 190 583 233 omnibus,
613 189 805 228 Christum
835 190 970 233 solum,
999 188 1151 226 unicum
1181 186 1387 230 doctorem,
1415 198 1535 235 regem
1565 198 1609 223 ac

78 258 292 309 pontificem
322 260 494 294 nostrum
522 258 715 292 aeternum
742 255 955 292 intueamur
983 258 1018 290 et
1048 264 1260 302 sequamur,
1285 250 1466 300 illumque
1487 249 1607 287 solum

80 322 247 360 omnium
284 323 498 357 nostrarum
534 319 725 357 actionum
762 325 797 356 et
833 317 1001 356 omnium
1039 316 1127 353 item
1165 315 1406 353 consiliorum
1444 313 1610 359 modum,

80 398 292 425 mensuram
338 397 381 421 ac
421 397 589 434 scopum,
626 389 665 421 ut
703 383 870 421 Platonis
908 381 1012 420 verbi
1048 387 1144 426 utar,
1180 385 1401 418 statuamus.
1455 378 1543 416 Huc
1578 377 1609 415 si

80 457 288 502 spectemus
318 448 427 486 facile
465 462 550 486 mox
578 448 833 497 intelligemus
859 459 1012 498 peccare
1041 459 1116 490 eOS,
1143 445 1208 496 qui
1237 445 1293 482 vel
1322 457 1425 482 suam
1444 444 1610 494 ipsorum

78 514 226 552 laudem
254 513 310 551 vel
338 513 557 564 applausum
584 513 781 563 quemdam
808 511 1025 562 popularem
1053 510 1091 548 in
1121 509 1236 548 sacris
1265 508 1398 547 studiis
1427 511 1612 559 quaerunt

80 578 218 629 potius,
245 591 356 628 quam
384 577 452 615 Dei
480 577 652 626 gloriam.
705 577 864 614 Peecare
889 575 979 613 item
1006 575 1070 625 qui
1098 574 1260 611 humana
1289 573 1426 611 divinis
1455 585 1613 624 aequare

82 647 277 685 conantur,
305 641 370 680 sed
399 654 477 679 non
505 641 644 686 minus,
671 654 717 678 ne
745 640 913 677 dicamus
940 640 1104 688 gravius,
1132 651 1283 689 peccare
1311 651 1386 683 eos,
1412 638 1477 687 qui
1494 637 1613 688 Spiri-

79 712 140 745 tus
169 706 296 744 Sancti
326 705 499 743 virtutem
526 718 590 755 per
619 705 788 742 homines
817 716 895 741 sese
922 708 1146 748 exerentem,
1173 715 1248 739 non
1278 705 1523 739 contemnunt
1551 713 1613 737 so-

81 772 170 815 lum,
200 772 262 809 sed
293 770 501 808 maledictis
529 771 641 808 etiam
670 769 874 814 incessunt,
903 769 934 805 si
962 781 1093 819 parum
1122 767 1233 804 modo
1262 780 1282 804 a
1311 767 1467 817 receptis
1497 766 1607 814 vulgo

82 835 283 884 dogmatis,
310 834 516 884 scripturae
544 834 747 871 autoritate
775 833 880 877 moti,
901 832 1098 870 dissentire
1117 831 1383 894 qupquomodo
1403 830 1613 869 videantur.

83 899 136 938 Hi
173 912 334 949 namque
369 912 498 937 omnes
535 899 581 936 ab
619 911 662 935 eo
698 899 812 947 longe
847 897 971 936 adhuc
1006 897 1136 934 abesse
1173 895 1411 933 existimandi
1437 897 1546 945 fisum,
1572 898 1615 932 ut

82 963 234 1001 consilii
271 963 327 1000 sui
355 963 523 1006 modum,
549 975 761 1000 mensuram
791 974 834 999 ac
862 974 1016 1012 scopum
1044 961 1164 998 Deum
1193 961 1313 1011 ipsum
1343 964 1522 1005 statuant,
1550 959 1613 997 sed

83 1027 278 1065 affectibus
321 1028 397 1065 suis
433 1027 632 1075 indulgent
669 1026 804 1077 potins,
833 1039 926 1077 quos
955 1031 1079 1063 tamen
1107 1025 1205 1062 intra
1235 1038 1303 1062 nos
1331 1037 1482 1075 prorsus
1511 1037 1614 1061 com-

81 1092 286 1143 primamus
315 1104 465 1129 necesse
491 1096 560 1136 est,
587 1091 618 1128 si
647 1090 809 1128 solidum
836 1090 997 1141 aliquem
1025 1103 1044 1128 e
1073 1089 1188 1127 sacris
1217 1089 1351 1127 studiis
1373 1089 1536 1127 fructum
1556 1102 1614 1126 re-

82 1161 229 1207 portare
259 1155 427 1199 velimus,
456 1160 495 1193 ut
523 1155 671 1192 interim
700 1159 858 1198 taceam,
886 1158 1059 1191 nostrum
1087 1167 1162 1191 non
1191 1166 1271 1190 esse
1300 1153 1480 1203 Spiritum
1498 1153 1616 1190 Sanc-

83 1226 162 1258 tum
190 1219 228 1256 in
259 1219 491 1257 restituenda
519 1218 721 1267 Euangelii
749 1217 806 1255 sui
831 1218 926 1263 luce,
954 1231 1065 1268 quam
1093 1217 1222 1254 multis
1250 1216 1391 1267 alioqui
1419 1217 1528 1254 annis
1552 1228 1616 1267 per

84 1285 372 1322 Pharisaeorum
408 1283 647 1333 tyrannidem
683 1282 933 1320 adulteratam
969 1295 1049 1319 esse
1077 1281 1259 1328 videmus,
1287 1283 1379 1319 velle
1407 1282 1460 1319 ita
1487 1281 1612 1332 palmo

82 1348 360 1398 quodammodo
390 1354 522 1386 nostro
552 1347 789 1394 concludere,
816 1351 857 1384 ut
885 1346 1042 1384 revelari
1069 1347 1154 1384 aliis
1184 1360 1259 1384 non
1279 1360 1388 1397 posse
1409 1347 1617 1391 credamus,

82 1413 182 1463 quod
210 1412 321 1450 nobis
350 1412 520 1450 nondum
547 1412 751 1450 revelatum
779 1416 887 1450 esset.
940 1411 1097 1449 Perinde
1126 1424 1194 1460 ego
1222 1411 1436 1449 institutum
1464 1412 1616 1449 illorum

84 1478 243 1529 probare
271 1478 358 1526 (56)
387 1489 591 1527 numquam
619 1475 737 1526 potui,
766 1476 830 1526 qui
859 1476 915 1513 vel
944 1475 1072 1513 divina
1101 1489 1146 1513 ex
1174 1476 1347 1514 humanis
1367 1476 1553 1514 metienda
1574 1489 1617 1513 ac

83 1543 287 1592 scripturae
314 1541 553 1579 autoritatem
583 1554 602 1578 e
629 1540 781 1578 Patrum
808 1548 871 1578 aut
900 1540 1155 1578 Conciliorum
1178 1553 1332 1578 numero
1352 1553 1395 1577 ac
1415 1540 1616 1577 concordia

89 1604 361 1643 aestimandam
398 1618 478 1642 esse
513 1609 687 1655 putarent
723 1604 780 1642 vel
808 1608 960 1655 propter
997 1608 1236 1642 controversa
1264 1617 1411 1642 rursum
1441 1605 1617 1653 dogmata

81 1669 263 1720 quaedam
300 1668 381 1719 pios
419 1668 559 1719 alioqui
595 1668 799 1719 scripturae
826 1669 1062 1719 interpretes,
1098 1673 1179 1706 tum
1213 1673 1354 1706 veteres
1385 1674 1463 1706 tum
1492 1682 1611 1708 novos

84 1734 262 1770 damnent
290 1732 394 1770 illico
420 1738 456 1770 et
485 1732 666 1770 conviciis
693 1732 953 1783 proscindant.
986 1733 1026 1770 Si
1055 1746 1124 1770 nos
1149 1733 1317 1771 homines
1346 1747 1425 1771 esse
1454 1735 1615 1771 fatemur

82 1797 330 1846 intelligimus
367 1787 496 1835 omnes
535 1810 731 1835 commune
767 1797 805 1835 id
843 1798 953 1835 nobis
983 1797 1161 1835 omnibus
1190 1811 1282 1843 esse,
1313 1804 1350 1836 ut
1378 1804 1414 1836 et
1442 1798 1616 1836 fallamur

81 1867 116 1899 et
154 1875 332 1908 erremus,
368 1870 404 1899 et
439 1861 598 1912 proinde
628 1875 748 1912 neque
777 1875 796 1899 a
827 1862 1224 1913 summis'quibusque
1250 1863 1422 1914 patribus
1450 1864 1615 1902 alienum

82 1927 119 1965 id
159 1941 239 1965 esse
277 1927 543 1976 cogitabimus,
579 1940 697 1977 neque
724 1927 898 1977 protinus
927 1926 1015 1964 item
1044 1926 1308 1965 damnabimus
1336 1928 1493 1973 omneis,
1520 1942 1614 1979 quos

82 1993 223 2031 alicubi
260 1992 386 2042 lapsos
415 2004 495 2029 esse
525 1991 707 2036 videmus,
736 1991 798 2028 sed
829 2003 984 2042 scopum
1013 1996 1181 2029 nostrum
1211 2004 1354 2042 semper
1381 1992 1615 2030 intuebimur

85 2059 202 2096 Deum
229 2058 362 2108 ipsum,
391 2056 454 2107 qui
483 2069 520 2093 se
549 2056 659 2093 nobis
687 2056 727 2093 in
755 2056 824 2093 filii
852 2056 910 2093 sui
938 2056 1123 2100 doctrina,
1143 2056 1372 2107 propheticis
1392 2061 1427 2094 et
1447 2058 1614 2108 Aposto-

82 2123 164 2160 licis
191 2122 325 2160 litteris
355 2121 464 2158 nobis
492 2120 654 2171 prodita,
681 2119 869 2171 patefecit.
901 2120 986 2158 Hac
1013 2121 1077 2172 qui
1105 2134 1169 2158 sua
1193 2121 1418 2159 confirmant
1437 2121 1615 2171 dogmata

83 2193 195 2238 atque
230 2199 275 2224 ex
313 2199 354 2223 ea
383 2184 574 2222 aestimari
600 2185 665 2222 illa
696 2184 838 2231 volunt,
867 2184 1060 2222 Christum
1089 2184 1294 2222 Dominum
1322 2184 1360 2223 in
1387 2185 1463 2223 illis
1490 2186 1614 2223 intue-

85 2253 210 2290 bimur
239 2255 275 2288 et
304 2263 515 2300 sequemur,
544 2249 620 2287 sive
649 2254 790 2287 veteres
820 2249 908 2295 sint,
937 2249 1014 2287 sire
1042 2250 1142 2296 novi,
1172 2250 1249 2287 sive
1276 2250 1367 2288 item
1395 2263 1462 2300 pro
1490 2251 1617 2297 nobis,

83 2320 160 2357 sive
220 2322 351 2355 contra
398 2329 465 2354 nos
510 2315 664 2353 faciant.
728 2316 900 2352 Ceterum
945 2314 1009 2365 qui
1057 2327 1169 2365 scopo
1217 2314 1287 2351 hoc
1332 2316 1503 2363 neglecto
1549 2329 1615 2353 sua

81 2386 216 2432 urgent
243 2394 287 2419 ae
313 2393 381 2431 pro
411 2379 550 2417 divinis
581 2378 708 2417 haberi
737 2379 882 2423 volunt,
909 2378 948 2416 in
979 2379 1037 2416 his
1057 2392 1174 2429 quum
1196 2378 1388 2417 Christum
1410 2379 1614 2418 Dominum

82 2460 237 2497 scopum
273 2450 443 2483 nostrum
481 2443 605 2480 videre
643 2456 720 2481 non
758 2456 971 2494 possumus,
1003 2443 1139 2480 mirum
1179 2443 1295 2486 videri
1331 2457 1405 2481 non
1435 2443 1556 2491 debet,
1584 2444 1616 2482 si

82 2513 181 2557 illos,
207 2516 391 2561 quatenus
420 2508 493 2546 hoc
522 2508 677 2554 faciunt,
706 2520 780 2545 non
801 2507 1011 2553 audiamus,
1033 2507 1179 2545 etiamsi
1195 2507 1417 2554 eruditione,
1436 2509 1616 2560 eloquen-

80 2577 132 2615 tia
160 2590 202 2614 ac
232 2575 395 2613 nominis
426 2573 640 2611 celebritate
669 2572 764 2610 alios
793 2572 936 2609 omneis
965 2572 1206 2612 antecellant.
1243 2573 1381 2612 Itidem
1411 2574 1508 2612 etde
1526 2588 1615 2613 voce

85 2640 274 2679 Ecclesiae
312 2638 505 2677 sentimus.
545 2637 672 2675 Habet
712 2637 801 2675 haec
839 2650 981 2687 semper
1017 2641 1137 2675 errata
1166 2650 1244 2682 sua,
1272 2651 1366 2689 quae
1394 2639 1467 2676 sibi
1493 2639 1614 2678 indies

84 2705 224 2744 remitti
250 2703 428 2755 postulat,
455 2702 565 2740 habet
595 2706 630 2739 et
657 2701 815 2751 zyzania
841 2701 940 2739 inter
966 2701 1134 2740 triticum
1162 2703 1455 2753 suppululantia,
1473 2708 1509 2741 et
1527 2707 1614 2742 sunt

85 2770 151 2819 qui
187 2769 289 2807 illius
329 2768 479 2806 titulum
508 2765 702 2817 tyrannidi
731 2779 818 2804 suae
845 2765 1170 2816 impudentissime
1198 2771 1432 2817 praetexunt.
1486 2767 1615 2806 Quare

87 2835 146 2872 hie
182 2846 330 2885 quoque
368 2847 388 2871 a
423 2845 536 2883 scopo
567 2837 698 2870 nostro
729 2831 898 2870 recedere
927 2843 1004 2870 non
1034 2831 1225 2879 debemus,
1253 2831 1315 2869 sed
1346 2831 1523 2870 memoria
1550 2833 1615 2876 fir·
