1818 3178
514 132 564 158 DE
594 131 876 159 SACRAMEN'ris
908 130 1121 158 necti-:snm
1149 131 1328 159 efflus'rl.
1612 124 1684 159 203

151 236 274 280 datur,
302 236 386 273 Hoc
410 238 466 272 est
483 234 635 283 sanguis
655 247 771 276 meus,
791 247 854 271 seu
874 236 1136 271 testamentum
1157 232 1194 270 in
1215 233 1397 282 sanguine
1417 245 1512 277 meo,
1535 232 1599 282 qui
1618 245 1684 282 pro

155 302 275 345 vobis,
301 304 365 338 aut
391 312 459 351 pro
488 299 568 349 ipsa
595 299 835 336 multitudine
855 297 1055 336 effunditur
1073 298 1110 334 in
1131 298 1388 335 remissionem
1410 297 1686 348 peecatorum.''

205 366 306 404 Quia
335 377 420 402 vero
450 364 562 401 verba
591 363 680 401 haec
708 364 808 401 varie
834 362 970 413 exponi
997 366 1108 412 atque
1126 362 1164 398 in
1184 362 1231 399 iis
1264 362 1378 411 totius
1411 361 1687 401 controversiae

154 430 302 481 pondus
341 429 543 465 consistere
571 428 750 471 videmus,
777 427 986 464 adferemus
1014 427 1175 476 primum
1204 431 1370 463 nostram
1397 425 1437 463 in
1464 426 1539 462 illis
1566 426 1686 476 expli-

155 494 286 532 candis
315 493 564 536 seutentiam„
595 505 748 543 eamque
776 492 980 541 scripturae
1008 503 1076 527 usu
1103 494 1214 540 atque
1241 491 1439 528 autoritate
1468 491 1688 541 comproba-

157 560 291 597 bimus.
322 560 407 607 (fol.
431 560 541 605 10:3¹³)
571 558 713 595 Deinde
742 570 826 594 vero
856 560 891 594 et
918 556 1076 593 aliorum
1103 555 1431 606 interpretationes
1447 556 1689 606 proferemus,

153 627 188 661 et
233 622 405 660 adductis
444 622 653 659 rationibus
690 620 940 663 ostendemus,
977 631 1042 656 eur
1080 624 1247 655 nostram
1279 619 1362 656 aliis
1399 623 1683 669 anteponamus.

155 686 323 724 Tandem
371 699 456 723 vero
502 687 540 723 in
578 686 678 723 hisee
715 685 837 722 verbis
875 683 1251 721 commonstrabimus
1290 683 1506 731 mysterium
1544 695 1680 720 coenae

157 751 376 788 Dominicae
404 750 504 787 aliud
532 763 607 787 non
636 762 727 792 esse,
764 760 875 798 quam
903 752 1071 784 nostram
1101 759 1185 783 eum
1213 747 1363 784 Christo
1391 746 1555 784 Domino
1586 760 1690 784 eom-

156 815 374 852 munionem
401 814 440 852 in
469 827 623 865 corpore
651 818 686 850 et
713 812 892 861 sanguine
917 811 1047 861 ipsius.
1074 811 1388 861 quemadmodum
1417 816 1451 848 et
1471 812 1511 848 in
1530 811 1611 848 aliis
1632 825 1690 848 sa-

156 880 356 917 cramentis
386 880 483 916 clare
513 878 622 916 nobis
651 877 858 915 ostendisse
885 876 1066 913 videmur.

209 942 402 980 Habemus
438 946 560 979 autem
596 941 718 991 plures
754 939 916 977 eiusdem
955 938 1101 986 generis
1139 938 1377 988 loquutiones
1413 939 1452 975 in
1481 938 1686 989 seripturis,

158 1006 262 1043 cuius
298 1005 446 1054 generis
484 1005 574 1041 haee
600 1003 769 1053 loquutio
798 1007 875 1039 est:
905 1002 976 1038 hoe
1003 1005 1059 1038 est
1087 1013 1220 1050 corpus
1247 1014 1383 1043 meum,
1411 1005 1446 1038 et
1473 1002 1624 1051 quidem
1651 1002 1691 1038 in

158 1070 288 1107 eodem
330 1070 412 1119 ipso
456 1073 677 1117 argumento
715 1065 1024 1103 sacramentario.
1063 1065 1112 1102 Et
1139 1064 1298 1114 proinde
1324 1077 1400 1101 non
1428 1065 1551 1114 inepte
1581 1065 1690 1102 nobis

159 1134 294 1172 facturi
331 1133 519 1176 videmur,
558 1132 589 1169 si
624 1132 671 1169 ad
708 1144 817 1181 quem
855 1130 1005 1166 modum
1045 1129 1183 1166 similes
1209 1129 1295 1165 iilae
1324 1128 1562 1178 loquutiones
1591 1129 1692 1173 alibi,

158 1200 198 1237 in
235 1199 364 1236 eodem
392 1199 473 1248 ipsa
501 1197 651 1235 interim
679 1195 967 1233 sacramentario
998 1199 1217 1242 argumento
1246 1196 1498 1244 exponuntur,
1524 1193 1570 1230 ad
1599 1207 1692 1230 eun-

161 1264 244 1301 dem
280 1276 428 1314 quoque
463 1262 615 1299 modum
653 1261 741 1297 haec
769 1273 837 1297 nos
867 1272 1002 1296 coenae
1029 1259 1142 1295 etiam
1171 1259 1282 1295 verba
1310 1271 1550 1308 exponamus.
1599 1259 1691 1295 Cum

160 1328 257 1366 enim
296 1341 407 1364 unum
446 1326 494 1364 sit
531 1329 643 1375 atque
676 1325 774 1362 idem
803 1328 1121 1361 sacramentorum
1147 1323 1377 1372 mysterium,
1405 1335 1523 1372 neque
1552 1322 1693 1359 variare

162 1394 236 1430 ullo
264 1392 374 1429 modo
403 1391 533 1442 possit,
570 1389 885 1440 quemadmodum
911 1389 950 1426 id
978 1389 1051 1425 iam
1079 1392 1189 1425 antea
1218 1394 1408 1424 ostensum
1437 1391 1503 1430 est,
1533 1400 1620 1424 sane
1646 1387 1692 1424 ad

160 1470 271 1508 quem
297 1456 449 1493 modum
477 1455 516 1492 in
545 1455 628 1492 aliis
657 1453 898 1491 sacramentis
927 1452 1144 1502 mysterium
1170 1451 1338 1502 ipsorum
1365 1451 1499 1488 iisdem
1526 1464 1693 1501 praeser-

161 1523 227 1560 tim
266 1522 388 1559 verbis
417 1520 645 1569 designatur,
680 1531 757 1556 non
787 1518 906 1562 video,
934 1531 997 1555 cur
1026 1530 1103 1554 non
1130 1517 1175 1554 ad
1204 1516 1362 1554 eundem
1390 1515 1541 1553 modum
1570 1515 1692 1554 verbis

162 1600 298 1625 coenae
326 1586 542 1636 mysterium
570 1585 688 1635 ipsius
717 1583 906 1631 designari
933 1583 1043 1620 etiam
1072 1582 1249 1619 dicamus.
1280 1581 1362 1629 (fol.
1394 1583 1502 1627 1062)

213 1653 344 1695 Porro,
380 1649 692 1701 quemadmodum
726 1649 767 1686 in
796 1660 931 1685 coenae
959 1646 1177 1684 Dominicae
1206 1647 1445 1682 Sacramento
1473 1644 1692 1695 mysterium

161 1717 279 1768 ipsius
308 1716 524 1764 designatur
549 1714 632 1752 istis
662 1713 784 1751 verbis
816 1713 909 1749 ahoe
937 1715 991 1750 est
1011 1724 1146 1762 corpus
1163 1710 1325 1754 meum''‚
1350 1710 1404 1747 ita
1422 1711 1514 1747 etin
1537 1710 1695 1746 eircum-

166 1781 317 1819 cisionis
345 1781 586 1817 Saeramento
614 1778 780 1817 eiusdem
807 1777 952 1826 generis
981 1777 1104 1813 verbis
1134 1775 1349 1825 designatur
1375 1774 1594 1824 mysterium
1624 1774 1694 1811 cir-

167 1844 406 1882 cumcisionis
437 1860 454 1877 11
471 1843 541 1881 hoc
569 1846 623 1880 est
650 1842 781 1879 foedus
811 1841 969 1879 meum”.
1016 1844 1073 1877 Ae
1101 1853 1248 1877 rursum
1274 1840 1310 1876 in
1343 1852 1477 1876 coenae
1505 1838 1694 1876 Pasehalis

167 1911 408 1947 Sacramento
453 1908 555 1945 ahoe
593 1911 647 1944 est
674 1906 826 1957 pesah''.
881 1907 1006 1956 Atque
1032 1905 1121 1953 item
1150 1904 1190 1941 in
1217 1904 1411 1954 Baptismo
1439 1903 1562 1947 etiam,
1592 1902 1695 1939 nhoc

166 1979 222 2011 est
248 1973 435 2010 lavacrum
463 1970 756 2021 regenerationis
784 1974 819 2008 et
847 1969 1101 2007 renovationis
1131 1968 1291 2019 Spiritus
1319 1966 1478 2005 sancti''.

216 2038 276 2075 Ad
313 2050 424 2088 quem
459 2036 612 2073 modum
647 2035 761 2084 igitur
799 2035 890 2071 haee
922 2034 1150 2085 praedicatio
1187 2033 1227 2070 in
1264 2032 1347 2069 aliis
1374 2031 1550 2069 omnibus
1578 2031 1696 2068 nostri

166 2101 314 2151 generis
341 2100 591 2138 Sacramentis
619 2103 829 2149 usurpatur,
857 2099 909 2135 sic
937 2102 976 2135 ut
1001 2097 1217 2135 unanimem
1244 2096 1381 2146 ubique
1400 2095 1590 2146 Scriptura
1607 2107 1695 2132 con-

168 2179 318 2204 sensum
351 2165 523 2202 retineat:
563 2164 635 2201 hoc
661 2168 716 2201 est
745 2162 876 2217 foedus
906 2175 1040 2206 meum,
1078 2161 1149 2198 hoe
1176 2164 1231 2198 est
1258 2160 1384 2210 pesah‚
1411 2159 1482 2196 hoc
1510 2163 1566 2196 est
1592 2159 1696 2196 lava-

168 2243 269 2267 crum
298 2228 603 2278 1·egene1·ati0niS‚
629 2231 715 2270 etc.,
733 2249 785 2256 —
802 2226 849 2263 ad
875 2225 1034 2264 eundem
1062 2237 1151 2263 sane
1170 2224 1324 2261 modum
1344 2228 1380 2261 et
1399 2224 1439 2260 in
1459 2236 1593 2260 coenae
1613 2236 1696 2260 ver·

167 2294 225 2331 bis
251 2293 350 2330 idem
378 2292 488 2330 nobis
515 2291 626 2328 etiam
652 2290 941 2342 praedicationis
968 2302 1086 2339 genus
1114 2287 1374 2338 exponendum
1402 2300 1481 2325 esse
1508 2291 1696 2338 putamus,

219 2359 313 2401 Iam.
333 2357 419 2395 dum
439 2357 477 2394 in
497 2356 790 2394 circumcisionis
812 2357 1050 2392 Sacramento
1071 2353 1227 2390 dieitur:
1250 2353 1321 2390 hoc
1340 2357 1395 2390 est
1414 2353 1546 2390 foedus
1560 2366 1697 2395 meum,

167 2424 336 2475 equidem
365 2422 587 2474 pronomine
614 2421 679 2458 illo
709 2420 1001 2458 demonstrativo
1034 2418 1163 2455 “hoc‘'
1192 2418 1483 2463 demonstratur,
1511 2431 1583 2455 non
1616 2419 1697 2456 eul-

167 2488 278 2525 tellus
306 2492 370 2524 aut
397 2486 589 2528 novacula,
615 2498 692 2522 non
709 2485 797 2521 item
817 2484 980 2521 accisam
999 2481 1288 2520 accidendumve
1308 2481 1430 2518 adhue
1450 2483 1699 2532 praeputium,

169 2554 233 2592 sed
258 2553 437 2603 imperata
467 2566 487 2589 a
516 2551 677 2588 Domino
705 2550 802 2587 actio
832 2549 922 2600 ipsa,
951 2549 1040 2598 ipsa,
1067 2538 1233 2598 inquam}
1260 2547 1343 2595 (fol.
1376 2549 1486 2594 loeb)
1515 2548 1697 2598 praeputii

171 2619 290 2656 cultro
317 2617 487 2655 adhibito
515 2615 732 2666 amputatio.
789 2614 943 2663 Alioqui
970 2612 1204 2663 perspicuum
1233 2616 1299 2657 est,
1328 2625 1446 2661 neque
1473 2611 1582 2648 cultri
1608 2612 1697 2649 sub·

170 2683 357 2727 stantiam,
393 2694 511 2731 neque
556 2692 703 2716 earnem
739 2677 918 2727 praeputii
958 2677 1087 2726 ipsam,
1125 2679 1188 2713 aut
1226 2675 1356 2712 foedus
1395 2675 1462 2712 Dei
1499 2675 1694 2713 nobiscum

170 2748 296 2792 fuisse,
323 2751 387 2784 aut
413 2745 522 2782 etiam
551 2743 710 2781 foederis
738 2742 899 2789 signum.

223 2812 379 2855 Rursus,
407 2811 494 2847 dum
521 2809 559 2845 in
590 2820 725 2844 coenae
753 2805 942 2843 Paschalis
964 2806 1203 2841 Sacramento
1231 2803 1422 2841 audimus:
1454 2802 1523 2839 hoc
1551 2805 1606 2839 est
1632 2815 1694 2852 pe-

173 2877 251 2921 sah,
281 2889 369 2913 sane
395 2874 616 2925 pronomine
640 2873 703 2909 ilio
725 2870 1014 2908 demonstrativo
1047 2869 1165 2906 nhoc”
1186 2883 1259 2906 non
1282 2868 1369 2917 agni
1390 2867 1486 2904 illius
1506 2866 1695 2904 Pasehalis
