1818 3178
708 112 767 140 ΕΡ.
797 112 942 140 noca-R.
1519 103 1589 139 561

61 213 289 260 haereamus,
318 212 381 251 sed
409 212 450 251 in
477 213 590 251 rebus
619 212 861 251 sensibilibus
891 212 1109 251 sublimiora
1139 212 1261 260 etiam,
1289 211 1402 250 verbo
1432 211 1502 249 Dei
1528 211 1588 249 in-

59 279 206 326 structi,
241 290 383 330 semper
418 278 642 325 intueamur,
678 278 873 329 magisque
908 278 1022 316 verbo
1060 291 1172 329 quam
1210 277 1380 316 sensibus
1416 276 1589 323 fidamus,

60 341 115 379 ibi
151 340 301 379 demum
328 339 489 391 explicat
516 340 644 392 qualia
671 341 784 378 nobis
812 341 911 378 dona
939 341 978 379 in
1006 340 1119 378 rebus
1148 340 1393 378 sensibilibus
1421 338 1587 378 tradide-

59 404 109 443 rit
135 404 323 443 Dominus
351 409 490 452 noster,
516 408 593 444 tam
619 404 660 443 in
687 417 803 443 coena
831 419 911 451 sua,
937 418 1050 456 quam
1077 404 1116 442 in
1145 404 1344 455 baptismo.
1400 402 1450 441 Et
1471 416 1587 454 quum

59 469 199 507 latinus
235 468 418 520 interpres
454 482 530 507 non
567 482 721 520 prorsus
756 472 920 507 mentem
946 469 1089 506 autoris
1117 468 1310 519 expressit,
1339 467 1474 506 addam
1501 468 1586 515 (57)

57 533 128 572 tibi
163 546 311 583 graeca,
348 539 388 572 ut
422 538 463 572 tu
502 534 579 586 ipse
614 533 770 574 iudices.
823 534 929 572 Haec
965 534 1081 584 igitur
1108 534 1162 572 sic
1189 534 1349 572 habent=
1378 536 1484 574 οὗέἓν
1513 539 1586 583 72⁶?

59 596 254 645 αἰσθητῶν
283 603 500 650 πειρέέωκεν
528 604 618 649 ἡμῖν
646 604 662 641 ὁ
686 604 836 648 Χριςὸς,
857 602 958 641 ἀλλ’
982 597 1164 645 κῖσθᾈτῖι
1183 606 1252 649 μὲν
1274 606 1326 641 τὰ
1347 602 1588 650 πράγματα,

57 669 193 706 πάντα
220 667 262 706 δὲ
291 671 426 710 νοητά.
455 667 512 702 Ac
540 678 627 703 mox
655 665 881 716 baptismum
912 677 996 702 cum
1025 677 1140 702 coena
1168 665 1249 715 ipsa
1278 664 1474 702 conferens
1495 662 1586 701 sub·
1614 700 1616 702 ,

58 727 114 765 dit
149 728 189 766 in
217 727 318 766 huuc
345 728 518 767 modum:
549 731 649 770 οὕτω
678 734 742 770 scal
771 728 812 770 ἐν
842 735 895 781 τῷ
924 731 1183 779 {Samiam-ra
1211 730 1261 769 δι’
1293 725 1488 776 αἰσθητοῦ
1518 735 1586 776 μὲν

57 798 296 843 πράγματος
325 797 482 843 ssve-'raa
513 798 584 834 τοῦ
613 795 760 840 ὕδατος
790 797 834 833 'rb
866 795 990 843 Ξῶρον,
1019 797 1154 838 vom-bv
1179 795 1221 834 δὲ
1241 796 1286 833 τὶ
1310 795 1587 841 ἀποτελούμε-

57 874 116 898 νον
144 860 163 903 ἡ
192 861 368 907 γέννησις
396 863 461 898 uec}
489 857 756 903 ἂνκκαίνωσις.
787 856 945 907 Reliqua
974 856 1120 904 omitto,
1150 869 1237 894 nam
1260 856 1351 894 haec
1369 855 1414 893 ad
1437 868 1586 893 eausam

57 925 227 959 nostram
264 922 468 961 sufficiunt.
523 921 563 959 Si
591 921 691 959 enim
721 921 1013 972 Chrysostomus
1041 926 1153 971 negat
1182 921 1291 959 nobis
1320 934 1340 958 a
1370 920 1519 958 Christo
1546 920 1586 957 in

57 998 174 1023 coena
208 986 386 1024 sensibile
422 986 629 1037 quidquam
667 985 796 1023 datum
832 999 924 1032 esse,
962 986 992 1024 si
1028 986 1118 1024 item
1157 986 1203 1023 ad
1239 985 1398 1024 eundem
1432 984 1586 1022 modum

56 1049 167 1087 nobis
202 1062 337 1100 corpus
376 1050 515 1088 Christi
552 1050 592 1088 in
628 1062 743 1087 coena
780 1050 952 1096 traditur,
989 1049 1304 1101 quemadmodum
1330 1049 1372 1087 in
1400 1049 1586 1099 baptismo

56 1112 289 1161 regeneratio
327 1117 362 1151 et
399 1113 608 1158 renovatio,
644 1112 681 1150 id
719 1113 821 1164 quod
849 1113 1022 1164 equidem
1052 1114 1356 1164 Chrysostomus,
1383 1114 1499 1161 (facta
1527 1113 1589 1151 hic

56 1177 232 1228 baptismi
262 1190 344 1215 cum
374 1190 488 1216 coena
518 1178 737 1225 collatione)
767 1178 1001 1228 apertissime
1027 1181 1197 1224 testatur,
1228 1183 1324 1216 certe
1341 1177 1445 1216 iuxta
1466 1179 1588 1227 Chry-

56 1247 261 1280 sostomum
298 1242 434 1293 ipsum.
471 1241 787 1292 quemadmodum
824 1255 921 1291 aqua
958 1254 1033 1280 non
1063 1247 1118 1280 est
1143 1242 1373 1291 regeneratio
1402 1242 1497 1294 ipsa,
1524 1242 1587 1280 sed

55 1319 136 1344 eam
163 1308 203 1344 in
231 1307 413 1356 mysterio
442 1307 615 1357 designat
641 1307 768 1357 potius
796 1310 832 1345 et
861 1307 1050 1345 diversum
1079 1311 1134 1345 est
1162 1307 1198 1344 id
1216 1308 1316 1358 quod
1337 1311 1392 1346 est
1413 1308 1588 1345 sensibile

57 1371 103 1409 ab
132 1384 174 1409 eo
204 1372 302 1423 quod
333 1376 456 1410 mente
483 1371 699 1423 percipitur,
725 1371 778 1410 ita
805 1375 842 1410 et
867 1371 907 1410 in
938 1385 1050 1410 coena
1079 1372 1186 1423 panis
1207 1386 1283 1410 non
1304 1376 1359 1410 est
1378 1372 1588 1410 substantia

56 1437 237 1488 corporis,
265 1436 329 1475 sed
356 1450 421 1488 per
448 1437 556 1488 panis
584 1450 688 1475 esum
717 1437 937 1487 designatur
965 1438 1076 1475 nobis
1103 1437 1143 1476 in
1173 1438 1350 1488 mysterio
1372 1438 1586 1476 communio

56 1500 225 1552 corporis
263 1501 404 1540 Christi
441 1501 579 1553 potius,
608 1502 755 1552 quoties
785 1515 939 1540 coenam
967 1501 1122 1540 Domini
1148 1501 1374 1552 peragimus,
1400 1506 1436 1540 et
1465 1502 1587 1540 diver-

55 1579 138 1604 sum
165 1570 221 1604 est
247 1567 355 1618 panis
382 1566 533 1617 mystici
560 1567 784 1605 elementum
810 1567 857 1605 ab
880 1580 922 1605 eo
941 1567 1042 1618 quod
1060 1570 1182 1605 mente
1200 1567 1436 1618 percipimus,
1454 1580 1587 1619 nempe

55 1644 77 1668 a
105 1643 260 1682 corpore
288 1631 443 1677 Christi,
472 1632 576 1669 cuius
607 1632 838 1683 corporalem
866 1632 1116 1683 praesentiam
1143 1645 1248 1670 mens
1276 1632 1396 1670 fidelis
1423 1645 1501 1671 non
1528 1646 1587 1671 re-

55 1695 184 1747 quirit.
221 1696 329 1734 Alter
366 1696 472 1734 locus
508 1700 565 1735 est
592 1696 632 1735 in
659 1697 743 1735 aliis
771 1710 880 1748 super
908 1697 1067 1735 eundem
1097 1697 1330 1735 Matthaeum
1358 1701 1587 1736 commenta-

52 1761 132 1807 riis,
166 1761 231 1813 qui
267 1761 298 1799 si
333 1775 411 1800 non
446 1766 533 1800 sunt
569 1761 844 1812 Chrysostomi‚
882 1766 971 1800 sunt
1000 1766 1099 1800 certe
1129 1762 1293 1800 hominis
1321 1761 1374 1800 ita
1402 1762 1442 1800 in
1471 1762 1586 1800 sacris

54 1826 203 1873 versati,
237 1829 279 1865 ut
304 1825 344 1864 in
372 1825 443 1864 hac
468 1829 574 1877 parte
603 1826 874 1877 Chrysostomo
903 1826 1013 1864 facile
1042 1826 1203 1864 conferri
1230 1826 1362 1877 possit.
1417 1826 1501 1876 Ego
1527 1830 1586 1864 ta-

54 1906 140 1931 men
174 1891 262 1943 quia
298 1892 396 1930 inter
432 1905 544 1942 opera
572 1891 833 1942 Chrysostomi
860 1892 1060 1938 habentur,
1088 1891 1188 1943 quod
1217 1891 1297 1929 illic
1325 1892 1518 1937 annotavi,
1544 1891 1584 1930 in

56 1958 326 2008 Chrysostomo
362 1970 422 1995 me
454 1961 655 1995 annotasse
691 1957 882 2009 putabam.
937 1958 1001 1995 Sic
1036 1960 1160 1996 autern
1196 1957 1275 1996 illio
1302 1957 1481 1996 habetur:
1513 1976 1530 1992 u
1546 1958 1586 1997 Si

58 2036 178 2061 nvasa
215 2021 449 2060 sanctificata
485 2021 532 2059 ad
570 2020 737 2072 privatos
764 2034 854 2059 usus
882 2021 1086 2059 transferre
1113 2025 1306 2072 peccatum
1334 2024 1390 2059 est
1417 2034 1461 2059 ac
1487 2021 1586 2073 peri·

58 2087 227 2134 reulum,
264 2086 362 2124 sicut
397 2085 506 2124 docet
543 2098 612 2123 nos
649 2085 862 2133 Balthazer,
899 2085 963 2137 qui
990 2085 1126 2124 bibens
1154 2086 1194 2124 in
1223 2085 1402 2124 calicibus
1431 2087 1587 2125 sacratis

58 2152 135 2190 nde
169 2164 288 2201 regno
324 2150 514 2202 depositus
539 2154 595 2188 est
622 2153 659 2189 et
688 2151 732 2188 de
759 2150 850 2195 vita,
879 2151 922 2198 si,
948 2150 1088 2202 inquit,
1116 2151 1208 2189 haec
1236 2164 1324 2189 vasa
1352 2151 1585 2189 sanctificata

60 2217 138 2255 uad
165 2216 332 2268 privatos
360 2229 449 2254 usus
476 2216 678 2254 transferre
705 2215 958 2267 periculosum
987 2220 1056 2261 est,
1075 2215 1113 2254 in
1134 2216 1271 2267 quibus
1290 2229 1362 2254 non
1380 2221 1438 2255 est
1459 2230 1584 2255 verum

57 2294 225 2333 »eorpus
262 2280 414 2327 Christi,
449 2280 512 2319 sed
548 2280 769 2331 mysterium
805 2281 971 2332 corporis
1011 2281 1150 2319 Christi
1189 2281 1415 2326 continetur,
1442 2285 1584 2333 quanto

57 2345 209 2395 :magis
237 2359 325 2384 vasa
353 2344 520 2397 corporis
548 2345 682 2390 nostri,
708 2358 805 2396 quae
833 2345 906 2383 sibi
937 2345 1038 2384 Deus
1067 2346 1112 2383 ad
1142 2345 1401 2384 habitaculum
1430 2359 1585 2398 praepa-

58 2409 199 2455 aravit,
234 2423 311 2448 non
347 2409 525 2448 debemus
562 2409 638 2448 illis
674 2410 800 2448 locum
841 2409 929 2448 dare
966 2409 1130 2460 dyabolo
1166 2410 1302 2459 agendi
1338 2410 1438 2461 quod
1466 2411 1586 2450 vult.”

58 2475 175 2522 Quid,
201 2474 370 2518 obsecro,
398 2474 456 2512 his
484 2473 607 2512 verbis
635 2474 790 2513 elarius!
819 2475 850 2512 si
878 2475 1005 2513 locum
1032 2475 1158 2514 videre
1186 2475 1304 2527 cupis,
1330 2475 1362 2513 is
1389 2480 1445 2514 est
1463 2476 1585 2527 operis

56 2539 267 2593 imperfecti
301 2540 341 2578 in
378 2538 515 2578 Matth.
553 2538 682 2578 homil.
711 2539 783 2585 XI,
820 2539 1021 2578 adnotatus
1056 2541 1103 2579 ab
1142 2540 1300 2579 Erasmo
1341 2541 1380 2580 in
1419 2542 1585 2580 Censura

57 2618 124 2643 sua
158 2604 199 2643 in
235 2603 401 2643 editione
436 2603 688 2649 Frobenkma,
715 2604 863 2643 etiamsi
891 2604 928 2642 id
957 2604 1138 2643 Erasmus
1164 2605 1377 2657 improbare
1405 2606 1587 2646 videatur.

57 2671 134 2708 Cur
169 2683 258 2710 vero
293 2669 333 2707 id
368 2668 662 2720 reprehendatur
697 2669 736 2708 in
764 2669 836 2708 hoc
865 2675 1006 2717 autore,
1035 2670 1136 2721 quod
1164 2670 1203 2709 in
1231 2670 1374 2709 Basilio
1402 2672 1587 2722 (Chryso-

59 2734 171 2772 stomi
205 2734 455 2786 praeceptori)
484 2746 593 2772 nemo
632 2735 812 2772 hactenus
840 2733 1047 2781 damnavit,
1075 2748 1157 2773 cum
1185 2739 1308 2773 tamen
1335 2735 1368 2773 is
1395 2735 1588 2787 aliquanto

58 2799 180 2848 magis
219 2799 416 2850 peregrine
453 2799 498 2836 de
538 2812 673 2837 coenae
713 2799 894 2849 symbolis
928 2799 968 2838 in
1005 2813 1070 2838 sua
1108 2800 1262 2850 liturgia
1300 2801 1347 2838 sit
1380 2801 1586 2852 loquutus?

61 2863 168 2902 Quae
194 2864 295 2903 enim
323 2865 385 2903 hic
412 2864 588 2916 mysteria
617 2877 706 2903 voce
734 2865 854 2915 magis
884 2864 1055 2916 apposita
1084 2870 1204 2913 vocat,
1231 2879 1272 2905 ea
1292 2866 1355 2904 ille
1373 2879 1450 2905 non
1470 2867 1586 2907 Paulo

107 2929 142 2972 Ι,
1387 2934 1432 2976 37
