1818 3178
1530 93 1604 128 309

75 211 146 249 que
181 198 252 236 Dei
285 198 338 237 ita
373 198 521 236 demum
556 199 709 238 introire
744 201 941 251 possimus.
995 201 1043 238 In
1088 202 1189 239 coelo
1226 202 1326 240 enim
1359 202 1499 248 existit,
1534 202 1599 253 qui

74 262 213 301 revelat
247 262 386 309 omnia,
422 263 735 313 quemadmodum
769 264 905 303 Daniel
932 269 1102 312 testatur,
1146 271 1183 304 et
1217 267 1322 305 illinc
1360 267 1423 305 dat
1459 268 1598 311 omnia,

75 340 170 377 quae
217 327 265 365 ad
315 326 472 365 salutem
516 332 683 366 nostram
728 330 916 380 pertinent
964 331 1244 381 quoquomodo,
1279 332 1441 383 illucque
1485 332 1596 370 etiam

75 391 248 429 Christus
284 390 469 429 Dominus
505 392 552 430 ad
588 406 672 430 eum
697 394 888 444 profectus
915 398 971 432 est
997 394 1036 432 in
1065 394 1307 433 humanitatis
1335 400 1485 433 nostrae
1513 409 1595 433 cor-

73 469 174 506 pore,
207 459 251 493 ut
283 455 416 493 erectis
451 469 516 507 per
549 457 661 495 fidem
695 458 786 495 illuc
811 459 947 496 mentis
974 463 1124 497 nostrae
1151 459 1269 496 oculis
1296 464 1406 509 atque
1432 459 1598 506 auribus,

76 519 162 556 dum
198 519 461 557 Ecclesiastico
489 520 550 558 hic
576 521 754 559 adsumus
781 522 1003 568 ministerio,
1029 522 1100 559 ibi
1128 536 1211 560 cum
1237 536 1280 561 eo
1303 537 1502 570 versemur,
1526 524 1595 562 ibi

72 583 176 621 illum
211 583 299 622 fidei
333 589 483 623 nostrae
519 585 637 624 oculis
670 586 894 630 intueamur,
920 587 1008 625 fidei
1032 587 1121 625 item
1148 589 1300 626 auribus
1327 589 1534 634 audiamus,
1560 593 1596 628 et

72 646 142 685 ibi
176 662 326 700 quoque
368 650 447 696 illo,
481 655 523 688 ut
559 664 642 688 vere
678 651 832 689 salutari
871 651 954 688 cibo
992 655 1135 698 nostro,
1168 666 1362 703 pascamur
1397 654 1441 691 ad
1479 654 1595 691 vitam

71 716 270 759 aeternam,
305 714 427 765 sitque
463 715 603 762 eadem,
640 715 727 753 dum
766 715 826 752 hic
868 716 1040 762 vivimus,
1075 721 1111 753 et
1147 717 1323 755 audiendi
1361 722 1397 755 et
1422 718 1596 756 intuendi

73 777 212 816 Christi
247 779 402 817 Domini
437 779 485 817 ad
521 780 677 818 salutem
714 784 880 818 nostram
919 781 1014 818 ratio
1042 781 1079 818 in
1109 782 1213 819 verbi
1238 782 1286 819 ab
1312 783 1395 833 ipso
1421 783 1594 821 instituto

71 842 289 890 ministerio,
323 857 418 894 quae
453 849 510 882 est
543 845 583 881 in
618 845 699 895 ipso
742 845 1069 883 Sacramentorum
1103 858 1174 883 usu
1211 846 1392 895 legitimo,
1419 847 1507 884 dum
1535 848 1593 885 vel

72 907 252 956 sanguine
301 909 417 959 ipsius
463 909 650 946 abluimur
691 909 761 946 sub
802 909 980 958 mysterio
1017 923 1081 960 per
1128 910 1355 961 baptismum
1398 911 1595 950 tinctionis

71 976 243 1011 externae
276 973 505 1018 testimonio,
538 973 596 1011 vel
622 973 670 1010 ad
698 973 980 1011 contestandam
1009 978 1176 1013 nostram
1205 988 1289 1013 cum
1316 976 1396 1027 ipso
1425 989 1593 1015 commu-

72 1037 221 1075 nionem
258 1050 412 1088 corpore
447 1041 483 1075 et
510 1038 692 1087 sanguine
727 1050 794 1075 suo
823 1038 862 1076 in
890 1051 1004 1076 coena
1032 1052 1096 1077 sua
1123 1053 1207 1078 vere
1234 1042 1419 1091 pascimur
1446 1046 1597 1092 propter

71 1101 148 1138 eius
174 1101 462 1140 institutionem.
512 1103 581 1148 Ac,
607 1101 921 1152 quemadmodum
949 1103 1104 1141 verbum
1133 1103 1202 1142 Dei
1229 1118 1307 1142 non
1333 1109 1389 1143 est
1414 1105 1466 1151 id,
1493 1106 1595 1156 quod

70 1165 110 1202 in
146 1165 332 1203 Ecclesiae
368 1169 522 1203 externo
559 1165 742 1203 duntaxat
768 1178 811 1203 ac
839 1167 1010 1204 sensibili
1035 1168 1243 1205 ministerio
1272 1169 1518 1219 praedicatur,
1544 1170 1591 1207 iis

70 1230 297 1280 praesertim,
315 1230 378 1280 qui
398 1242 466 1267 nec
484 1229 652 1267 videntes
672 1229 801 1267 vident
819 1243 888 1268 nec
908 1230 1100 1269 audientes
1120 1232 1279 1270 audiunt
1293 1236 1335 1280 ¹),
1349 1233 1462 1270 —ita
1473 1247 1593 1284 neque

71 1294 217 1331 Coenae
247 1307 339 1331 usus
372 1297 547 1331 externus
582 1298 740 1339 tantum,
775 1298 959 1345 quatenus
996 1296 1166 1333 sensibus
1202 1296 1341 1334 nostris
1378 1297 1593 1348 percipitur,

68 1362 125 1396 est
160 1358 371 1396 communio
409 1358 575 1409 corporis
608 1362 644 1395 et
680 1358 875 1408 sanguinis
913 1359 1065 1405 Christi,
1101 1373 1219 1411 neque
1257 1362 1365 1412 panis
1400 1362 1491 1400 item
1526 1367 1591 1400 aut

67 1423 243 1473 poculum
279 1422 424 1460 Coenae
458 1427 546 1460 sunt
582 1422 752 1473 symbola
789 1423 955 1474 corporis
990 1428 1026 1461 et
1053 1425 1247 1473 sanguinis
1276 1425 1415 1463 Christi
1441 1426 1500 1470 iis,
1527 1426 1592 1476 qui

69 1487 149 1525 sine
191 1486 264 1525 fide
306 1487 354 1525 ad
391 1487 554 1524 Coenam
589 1487 782 1533 accedunt,
818 1492 855 1526 et
889 1488 1048 1539 proinde
1082 1502 1129 1526 ne
1166 1490 1290 1527 Coena
1326 1490 1475 1540 quidem
1511 1491 1591 1542 ipsa

66 1557 216 1590 externa
243 1555 299 1590 est
332 1552 407 1589 illis
436 1553 559 1590 Coena
588 1551 754 1599 Domini,
783 1553 871 1590 dum
899 1553 1024 1591 cibum
1051 1554 1253 1604 mysticum
1282 1568 1303 1592 a
1332 1556 1415 1592 cibo
1443 1556 1590 1604 vulgari

68 1630 144 1655 non
171 1617 400 1661 discernunt,
428 1616 565 1654 nedum
594 1621 634 1654 ut
659 1617 700 1654 in
728 1620 882 1655 externo
909 1618 974 1655 illo
1001 1619 1109 1669 panis
1137 1624 1173 1657 et
1199 1621 1325 1670 poculi
1341 1621 1486 1659 Coenae
1504 1634 1587 1666 usu,

65 1681 211 1732 corpori
236 1685 273 1719 et
300 1674 537 1731 sangui-(fol.
567 1682 676 1730 65)ni
703 1681 844 1719 Christi
872 1683 1150 1721 communicent
1177 1685 1252 1721 ullo
1280 1685 1392 1722 modo
1414 1687 1459 1732 ²).
1490 1685 1585 1722 Caro

66 1746 247 1797 siquidem
274 1750 311 1783 et
338 1746 490 1795 sanguis
519 1745 659 1783 Christi
686 1759 770 1784 vere
797 1750 853 1784 est
880 1747 985 1784 cibus
1013 1761 1056 1785 ac
1081 1753 1204 1799 potus,
1233 1762 1309 1787 non
1337 1750 1509 1800 equidem
1537 1751 1584 1788 ad

66 1815 236 1856 mortem,
263 1810 328 1847 sed
356 1810 403 1847 ad
430 1810 557 1853 vitam,
583 1814 637 1855 ut,
664 1811 834 1861 quisquis
861 1812 1017 1849 omnino
1045 1825 1090 1850 ex
1116 1813 1182 1850 illo
1210 1813 1287 1851 edit
1313 1827 1357 1851 ac
1385 1815 1493 1859 bibit,
1511 1827 1587 1853 non

64 1878 200 1925 pereat,
236 1874 300 1911 sed
327 1873 461 1911 habeat
488 1874 602 1911 vitam
629 1879 831 1921 aeternam,
858 1880 893 1913 et
920 1889 1048 1914 rursus
1075 1881 1200 1927 pereat
1227 1878 1395 1921 omnino,
1421 1878 1590 1929 quisquis

64 1952 109 1977 ex
136 1939 201 1975 illo
228 1951 347 1989 neque
374 1938 451 1976 edit
477 1951 597 1989 neque
623 1938 721 1976 bibit
738 1941 781 1987 ³),
812 1939 859 1977 ad
887 1953 996 1990 quem
1025 1954 1112 1978 sane
1138 1941 1293 1979 modum
1321 1941 1487 1979 Verbum
1508 1942 1587 1980 Do-

65 2005 157 2041 mini
182 2003 316 2054 ipsum,
344 2016 420 2040 non
449 2003 619 2054 equidem
646 2004 795 2048 mortis,
819 2004 883 2042 sed
911 2005 1061 2056 spiritus
1088 2010 1124 2044 et
1154 2006 1250 2044 vitae
1276 2007 1432 2044 verbum
1459 2012 1515 2046 est
1539 2007 1588 2056 ⁴),

63 2067 207 2106 etiamsi
251 2071 444 2104 externum
489 2067 591 2105 illius
631 2068 880 2106 ministerium
916 2070 999 2108 aliis
1036 2075 1084 2108 sit
1117 2070 1209 2107 odor
1246 2071 1341 2109 vitae
1373 2072 1420 2109 ad
1456 2072 1585 2117 vitam,

61 2132 144 2169 aliis
173 2144 258 2169 vero
286 2131 380 2169 odor
407 2131 538 2169 mortis
566 2132 612 2169 ad
639 2137 808 2179 mortem,
835 2134 1148 2184 quemadmodum
1176 2136 1381 2186 Apostolus
1411 2137 1518 2174 (locet
1538 2135 1582 2185 5).

64 2197 195 2247 Neque
229 2196 289 2233 hic
325 2196 546 2245 derogamus
582 2196 711 2234 virtuti
739 2211 782 2235 ac
810 2198 987 2247 dignitati
1015 2200 1153 2250 publici
1179 2200 1218 2237 in
1248 2200 1389 2238 Christi
1416 2201 1585 2239 Ecclesia

62 2262 272 2307 ministerii,
306 2261 382 2298 sive
419 2261 547 2307 Verbi,
583 2261 660 2299 sive
697 2263 1034 2308 Sacramentorum,
1064 2265 1152 2301 dum
1178 2265 1217 2302 in
1244 2265 1310 2302 illo
1338 2265 1583 2304 discernimus

60 2326 111 2370 id,
147 2326 247 2376 quod
276 2326 447 2363 sensibus
474 2326 614 2364 nostris
643 2327 830 2378 corporeis
856 2329 1071 2379 percipitur,
1097 2330 1143 2366 ab
1166 2343 1223 2376 e0,
1249 2330 1350 2381 quod
1379 2332 1458 2369 sola
1486 2332 1583 2370 dun-

59 2394 164 2429 taxat
191 2390 264 2428 fide
292 2391 448 2440 agnosci
474 2394 586 2442 atque
612 2392 840 2442 apprehendi
867 2397 1001 2443 potest.
1030 2397 1086 2431 Ac
1113 2394 1270 2445 proinde
1297 2396 1407 2434 aliam
1434 2411 1584 2448 quoque

61 2468 248 2501 sensuum,
292 2455 445 2492 alteram
482 2467 569 2493 vcro
605 2455 693 2493 fidei
730 2458 978 2507 praesentiam
1016 2460 1056 2496 in
1091 2458 1137 2496 iis
1172 2459 1283 2497 rebus
1320 2462 1582 2500 constituimus

59 2520 164 2558 iuxta
200 2521 369 2564 Paulum,
406 2533 498 2571 quas
525 2520 565 2558 in
593 2532 632 2558 se
659 2520 910 2559 ministerium
936 2522 1060 2573 ipsum
1088 2524 1346 2574 complectitur
1373 2538 1417 2563 ex
1445 2525 1582 2564 Divina

59 2587 307 2632 ordinatione,
341 2599 407 2637 pro
445 2598 486 2624 eo
524 2598 567 2624 ac
603 2587 661 2624 vel
689 2587 860 2626 sensibus
896 2588 1037 2627 nostris
1066 2591 1265 2641 corporeis,
1291 2591 1350 2629 vel
1379 2593 1456 2630 sola
1486 2593 1582 2630 dun·

57 2654 162 2689 taxat
196 2651 269 2688 fide
303 2650 443 2702 percipi
479 2654 649 2701 possunt.
703 2650 812 2689 Nihil
838 2652 916 2701 agit
943 2652 1180 2704 Westphalus
1205 2655 1321 2705 igitur
1347 2657 1488 2707 tragica
1516 2671 1580 2695 sua

102 2792 126 2830 ¹)
149 2791 222 2823 Esa.
246 2792 275 2823 6.
317 2792 434 2824 Matth.
459 2793 508 2824 13.
551 2792 656 2824 Marci
678 2794 708 2825 4.
752 2793 844 2826 Joan.
872 2795 921 2827 12.
1047 2797 1074 2836 ²)
1099 2797 1115 2827 1
1140 2796 1214 2829 Cor.
1239 2798 1288 2829 11.
1389 2798 1414 2838 ³)
1438 2799 1529 2831 Joan.
1555 2800 1583 2832 6.

99 2847 126 2885 ⁴)
151 2846 286 2877 Ibidem.
414 2848 441 2887 5)
465 2848 484 2878 2
508 2847 581 2879 Cor.
605 2848 634 2880 2.
