1818 3178
209 122 282 158 436
707 131 923 158 RESPONSIO
951 133 1041 159 Anv.
1072 133 1235 160 HosmM.

210 230 275 268 tali
312 229 591 280 reprehensioni
625 233 754 268 nostra
791 231 888 268 inter
924 245 993 269 nos
1021 232 1106 269 odia
1134 235 1374 284 nostramque
1401 232 1648 271 invidentiam
1678 238 1736 272 at-

209 306 279 344 que
305 292 548 330 ambitionem
576 292 778 331 obtendet?
816 293 890 331 Sed
916 293 980 331 ille
1007 307 1051 332 ex
1081 307 1158 333 sese
1185 295 1282 334 forte
1309 309 1378 334 nos
1407 309 1535 334 omnes
1562 296 1735 335 aestimat

208 360 244 394 et
280 356 442 400 metitur,
480 369 638 408 cumque
674 357 713 395 in
750 358 925 397 omnibus
963 359 1040 397 suis
1077 359 1442 410 reprehensionibus,
1479 374 1556 400 non
1591 365 1667 399 tam
1698 375 1737 400 se

206 421 348 470 gloriae
385 420 536 467 Christi,
573 434 685 472 quam
712 422 833 473 Papae
861 423 919 460 sui
945 423 1157 474 tyrannidis
1184 425 1398 464 retinendae
1427 439 1512 464 cura
1540 439 1583 464 ac
1611 426 1735 465 studio

205 485 311 534 tangi
348 485 471 531 sentit,
506 498 584 524 non
612 487 684 523 fert
711 487 749 524 id
778 487 871 538 eripi
897 487 1019 538 Papae
1047 501 1113 526 suo
1141 492 1177 526 et
1205 489 1290 534 sibi,
1317 491 1434 528 multo
1461 491 1584 529 minus
1611 495 1735 529 autem

208 550 339 601 cuique
374 551 482 588 alteri
517 551 646 594 tribui,
682 551 783 602 quod
819 553 999 591 hactenus
1035 553 1136 604 Papa
1173 553 1245 591 sibi
1271 567 1336 604 per
1364 568 1467 592 suam
1494 555 1733 605 tyrannidem

205 616 412 666 usurpavit.
450 616 638 653 Nimirum
659 617 731 654 sibi
751 617 906 668 ipsemet
931 618 1006 655 iam
1034 617 1078 655 de
1106 618 1190 655 sede
1218 618 1281 655 illa
1310 620 1514 670 apostatica
1543 620 1734 669 Ito-(121)

207 691 318 716 mana
355 679 407 717 ita
447 680 588 731 alioqui
624 680 779 719 meritus
813 694 892 719 esse
921 681 1067 720 videtur
1093 686 1179 733 post
1207 687 1420 734 susceptum
1447 686 1663 735 praesertim
1690 698 1733 724 eo

204 743 276 781 iter
312 757 413 782 nunc
447 758 568 790 suum,
603 748 643 783 ut
680 745 753 783 sibi
791 746 919 786 deberi
954 760 1030 785 non
1059 746 1205 785 dubitet
1240 747 1298 785 vel
1334 748 1519 799 triplicem
1559 762 1735 789 coronam

206 809 323 855 illam,
358 812 400 847 ut
438 822 475 847 se
513 823 625 861 supra
661 810 852 849 Christum
886 811 1007 863 ipsum
1045 811 1179 859 efferat,
1216 812 1275 850 vel
1303 813 1457 851 sericam
1486 814 1616 852 saltem
1644 828 1734 853 auro

204 873 443 912 intertextam
479 875 651 922 infulam,
688 889 760 927 qua
796 876 932 914 lineam
970 877 1111 928 alioqui
1147 890 1251 915 suam
1288 882 1497 929 permutare
1523 879 1564 917 in
1592 884 1735 918 creato-

204 938 255 975 ris
300 939 536 990 potissimum
586 939 644 977 sui
692 944 894 991 conspectu
938 941 1070 992 possit.
1134 941 1459 980 Quemadmodum
1493 943 1610 992 igitur
1645 945 1738 995 ipse,

205 1017 282 1042 non
315 1008 392 1042 tam
429 1018 467 1042 se
493 1005 636 1054 gloriae
665 1005 806 1043 Christi
834 1005 1002 1051 Domini,
1029 1020 1140 1057 quam
1170 1007 1383 1057 tyrannidis
1412 1008 1622 1060 Papisticae
1647 1022 1736 1061 pro-

204 1069 430 1120 pugnandae
466 1069 592 1107 studio
628 1083 694 1121 per
731 1069 858 1108 odium
896 1075 1006 1121 atque
1041 1071 1286 1110 invidentiam
1315 1073 1466 1111 titulum
1503 1074 1542 1111 in
1569 1073 1736 1112 Luthero

205 1133 339 1172 Heliae
376 1134 646 1185 reprehendere
684 1135 810 1181 sentit,
845 1135 898 1173 ita
928 1140 962 1174 et
992 1136 1189 1174 Calvinum
1227 1149 1272 1174 ex
1301 1150 1380 1176 sese
1406 1138 1577 1184 metiens,
1606 1139 1734 1177 eodem

204 1199 336 1238 affectu
372 1200 479 1237 illum
517 1205 552 1238 et
590 1213 659 1244 an
688 1200 799 1238 simul
834 1213 962 1239 omnes
999 1201 1095 1239 ferre
1131 1214 1208 1240 non
1236 1215 1346 1254 posse
1374 1203 1564 1241 existimat
1590 1203 1630 1241 in
1656 1203 1737 1242 Lu-

204 1264 310 1302 thero
348 1277 430 1302 eum
465 1264 588 1315 ipsum
627 1265 791 1310 titulum,
828 1278 936 1316 quem
975 1279 1044 1303 nos
1070 1266 1219 1304 interim
1249 1280 1325 1304 non
1352 1267 1464 1305 modo
1491 1268 1530 1305 iu
1557 1267 1737 1316 Luthero,

205 1329 269 1367 sed
306 1329 343 1366 in
373 1329 520 1367 nemine
556 1342 722 1381 prorsus,
758 1330 822 1381 qui
857 1330 969 1368 modo
1006 1330 1046 1367 in
1084 1330 1224 1369 Christi
1259 1331 1427 1370 Ecclesia
1466 1333 1603 1371 censeri
1634 1334 1737 1380 velit,

206 1395 285 1431 sine
318 1394 444 1444 aliqua
479 1394 700 1445 praesertim
734 1394 982 1443 mitigatione,
1019 1394 1213 1433 ferendum
1250 1396 1327 1433 ullo
1363 1396 1475 1433 modo
1509 1410 1588 1435 esse
1625 1396 1736 1435 doce-

205 1472 300 1497 mus.
354 1459 404 1496 Et
442 1472 667 1510 quamquam
696 1459 816 1507 pietas
845 1463 956 1510 atque
983 1459 1144 1497 eruditio
1175 1460 1321 1498 Calvini
1350 1461 1550 1512 spectatior
1577 1461 1625 1499 sit
1654 1462 1737 1499 orbi

203 1522 287 1568 toti,
322 1535 434 1573 quam
468 1526 510 1559 ut
545 1522 603 1559 vel
637 1521 793 1559 minima
827 1522 916 1560 talis
951 1523 1170 1561 ambitionis
1207 1524 1368 1575 suspicio
1406 1525 1535 1563 cadere
1560 1525 1600 1563 in
1627 1527 1734 1564 illum

203 1587 335 1638 possit,
369 1590 494 1624 tamen
533 1587 565 1624 si
593 1586 684 1637 quid
713 1586 774 1624 hic
801 1588 912 1635 (122)
941 1587 1145 1625 humanum
1173 1588 1252 1639 ipse
1280 1588 1389 1626 etiam
1421 1589 1602 1628 Calvinus
1629 1595 1736 1646 pate-

203 1655 316 1697 retur,
352 1650 470 1688 nihilo
500 1663 588 1688 sane
616 1650 732 1688 levius
761 1664 780 1688 a
809 1650 932 1697 nobis,
969 1665 1077 1702 quam
1108 1651 1297 1690 Lutherus
1334 1652 1413 1703 ipse
1448 1653 1519 1691 hac
1554 1654 1593 1691 in
1629 1659 1733 1705 parte

205 1719 454 1754 accusaretur.
509 1715 642 1766 Neque
680 1716 777 1754 enim
817 1716 911 1754 ullos
946 1716 1007 1754 hic
1042 1717 1234 1755 intuemur
1271 1717 1454 1763 homines,
1490 1718 1552 1756 sed
1592 1719 1733 1757 Christi

204 1779 359 1817 Domini
393 1779 552 1829 gloriam
590 1784 626 1818 et
661 1779 882 1818 Doctrinam
919 1782 1188 1832 Apostolicam,
1224 1795 1317 1832 quae
1353 1782 1391 1819 id
1428 1796 1503 1820 non
1539 1783 1734 1834 permittit,

203 1849 245 1882 ut
280 1849 366 1895 post
393 1846 581 1882 firmatum
610 1846 723 1883 semel
749 1858 814 1896 per
841 1845 1049 1896 Prophetas
1079 1850 1113 1883 et
1141 1847 1346 1897 Apostolos
1375 1846 1566 1885 Ecclesiae
1596 1847 1735 1886 Christi

203 1909 500 1956 fundamentum,
537 1909 651 1946 ullam
688 1910 848 1961 amplius
883 1910 1144 1961 Propheticam
1180 1915 1244 1948 aut
1281 1912 1540 1962 Apostolicam
1568 1912 1735 1950 vocatio-

203 1987 287 2012 nem
325 1974 365 2011 in
402 1973 543 2012 Christi
580 1973 734 2011 Domini
762 1973 942 2021 Ecclesia,
970 1979 1033 2012 aut
1060 1975 1293 2026 requiramus
1321 1977 1489 2023 omnino,
1529 1981 1593 2014 aut
1621 1977 1732 2015 etiam

205 2043 473 2090 exspectemus.
529 2038 659 2077 Quare*
684 2038 922 2077 vehementer
951 2040 1096 2077 fallitur
1124 2040 1282 2085 Hosius,
1311 2041 1396 2078 dum
1429 2041 1575 2079 Calvini
1602 2046 1638 2079 et
1665 2054 1734 2079 no-

205 2107 318 2141 stram
355 2103 523 2141 omnium
560 2103 886 2154 reprehensionem
921 2104 960 2142 in
999 2104 1120 2142 delato
1158 2104 1323 2143 Luthero
1354 2105 1487 2144 Heliae
1526 2106 1734 2157 Prophetae

204 2168 314 2206 titulo
343 2169 389 2206 ab
420 2168 506 2206 odio
535 2168 661 2206 nescio
690 2182 763 2219 quo
791 2169 831 2206 in
860 2168 1069 2207 Lutherum
1098 2174 1301 2221 nostraque
1338 2170 1546 2208 invidentia
1583 2175 1619 2208 et
1653 2184 1733 2208 am·

204 2232 349 2271 bitione
383 2233 588 2284 profectam
626 2246 703 2271 esse
749 2233 1010 2279 calumniatur,
1055 2247 1138 2271 cum
1174 2247 1255 2278 nos,
1300 2238 1340 2272 ut
1375 2234 1515 2272 dictum
1553 2239 1619 2280 est,
1655 2247 1731 2272 non

205 2297 317 2335 modo
352 2297 392 2335 in
420 2297 600 2342 Luthero,
626 2298 816 2348 praeclaro
845 2298 985 2349 alioqui
1013 2297 1084 2336 Dei
1111 2311 1265 2348 organo,
1294 2298 1358 2336 sed
1385 2299 1423 2336 in
1452 2299 1600 2336 nemine
1626 2312 1732 2350 pror-

205 2374 267 2399 sus
302 2362 517 2399 mortalium
553 2375 710 2413 usquam
747 2375 873 2413 parem
908 2362 1154 2413 Propheticae
1190 2366 1225 2400 et
1266 2363 1506 2414 Apostolicae
1543 2362 1731 2400 vocationi

204 2427 502 2476 praerogativam
537 2426 576 2464 in
614 2419 756 2464 Christi
795 2427 966 2464 Ecclesia
994 2428 1187 2465 ferendam
1213 2428 1291 2465 ullo
1319 2428 1430 2466 modo
1458 2427 1531 2465 iam
1568 2440 1646 2464 esse
1672 2426 1731 2464 iu-

207 2489 383 2529 dicemus.
439 2491 511 2528 Sed
545 2491 814 2540 vi·(123)derit
851 2491 994 2529 Hosius
1035 2492 1126 2543 ipse,
1160 2505 1233 2543 quo
1271 2492 1396 2530 animo
1425 2504 1467 2529 ac
1510 2491 1667 2528 consilio
1695 2495 1731 2529 et

205 2554 411 2593 Lutherum
447 2556 549 2593 tituli
584 2556 799 2607 Prophetici
837 2559 872 2594 et
900 2556 1096 2594 Calvinum
1123 2556 1352 2595 invidentiae
1379 2560 1488 2607 atque
1514 2555 1730 2593 ambitionis

204 2624 364 2667 accuset,
400 2624 436 2657 et
471 2633 517 2658 ne
553 2633 681 2658 eorum
717 2620 899 2672 ipsorum,
935 2634 1092 2672 quorum
1128 2634 1197 2659 nos
1234 2625 1395 2667 accusat,
1433 2620 1538 2670 culpa
1575 2619 1729 2670 ipsemet

206 2698 329 2722 coram
359 2683 427 2721 Dei
454 2684 594 2721 iudicio
621 2689 802 2724 teneatur.
834 2685 982 2724 Quodsi
1009 2686 1046 2723 id
1076 2699 1158 2723 cum
1189 2685 1330 2723 Christi
1356 2684 1476 2734 gloria
1512 2683 1590 2734 ipse
1617 2683 1729 2721 etiam

204 2748 496 2800 Apostolicaque
526 2747 697 2786 doctrina
735 2749 938 2788 consistere
975 2763 1051 2788 non
1078 2762 1187 2801 posse
1213 2753 1331 2801 putat,
1358 2752 1398 2786 ut
1425 2748 1621 2798 quisquam
1649 2760 1729 2785 om-

205 2813 297 2851 nino
325 2812 397 2850 sibi
423 2812 497 2850 iam
525 2817 673 2861 arroget
698 2813 737 2851 in
767 2814 908 2852 Christi
935 2814 1104 2852 Ecclesia
1130 2827 1254 2865 parem
1289 2827 1369 2851 cum
1398 2812 1594 2863 Prophetis
1618 2816 1728 2863 atque

205 2878 399 2931 Apostolis
444 2877 739 2928 praerogativam
789 2883 823 2916 et
869 2880 1120 2925 autoritatem,
1165 2891 1238 2929 quo
1273 2882 1396 2929 pacto,
1448 2877 1616 2924 obsecro,
1651 2889 1727 2914 non
