1818 3178
598 141 650 168 nm
677 143 841 170 cnnlsm
871 143 1191 171 INCARNATIONE.
1627 135 1645 174 7

125 252 184 279 me
209 241 376 279 omnium
404 240 596 278 hominum
627 242 960 292 deploratissimum
990 245 1102 283 fuisse
1131 247 1308 289 futurum,
1335 246 1366 283 si
1395 258 1470 283 non
1498 259 1555 282 me
1575 245 1642 282 bo-

125 304 223 343 nitas
249 309 285 343 et
312 318 394 342 vere
421 304 577 342 Paterna
606 305 675 342 Dei
702 307 952 344 misericordia
981 313 1163 345 tutaretur
1182 321 1225 345 ac
1249 313 1421 346 servaret.
1452 307 1523 344 Sed
1541 307 1642 358 quod

123 370 170 406 ad
206 369 425 407 Doctrinam
462 374 626 406 nostram
663 369 987 421 Ecclesiarumque
1016 379 1224 409 nostrarum
1254 372 1473 421 dignitatem
1499 372 1646 415 attinet,

122 446 202 471 cam
230 446 318 471 sane
344 446 403 470 me
429 433 480 470 ita
509 433 745 471 defensurum
772 448 835 484 per
863 435 933 472 Dei
960 436 1117 484 gratiam
1147 436 1306 482 confido,
1326 440 1364 473 ut
1382 438 1433 483 (A
1452 436 1541 482 iiiia)
1559 449 1640 472 om·-

121 511 186 535 nes
220 497 444 546 intelligant,
481 498 619 535 nullam
656 504 691 536 te
728 511 872 536 causam
911 499 1095 543 habuisse,
1123 500 1252 537 curin
1280 504 1427 537 nostras
1454 499 1642 537 Ecclesias

119 574 316 612 earumque
344 561 562 599 Doctrinam
584 575 625 599 ac
644 563 890 600 ministerium
911 569 986 600 tam
1008 564 1181 601 atrociter
1202 564 1441 602 invehcreris.
1472 564 1640 614 Rcspow

119 626 214 664 debo
250 626 321 664 tibi
356 626 482 674 igitur,
518 627 634 664 serius
670 627 818 677 quidem
855 640 965 677 quarn
1006 640 1071 677 par
1106 631 1174 673 est,
1208 629 1340 672 fateor,
1366 629 1429 666 sed
1457 641 1533 665 non
1561 629 1640 665 sine

118 704 244 736 causa,
270 696 310 730 ut
339 692 411 729 iam
441 692 579 729 dictum
609 698 676 730 est.
706 692 754 730 Et
782 696 839 729 sat
868 693 941 729 cito
970 692 1110 743 alioqui
1139 693 1170 730 si
1198 698 1256 730 sat
1283 694 1388 738 benc,
1406 693 1502 744 quod
1521 694 1640 731 aiunt.

117 756 220 794 Bene
255 761 376 794 autem
416 757 652 807 respondisse
686 770 744 793 me
779 756 1014 801 existimabo,
1043 769 1117 794 non
1147 757 1179 794 si
1206 758 1402 795 maledicto
1430 771 1496 809 pro
1525 758 1639 795 male-

117 821 226 859 dictis
254 834 431 871 regeram,
459 834 577 872 neque
606 821 693 858 item
723 820 753 858 si
780 825 816 858 te
842 825 999 871 tuosque
1020 820 1234 871 cuiusquam
1252 822 1414 860 invidiae
1433 835 1639 872 exponam:

115 885 178 923 sed
216 885 248 923 si
281 898 340 923 me
376 885 516 923 Christi
552 884 706 922 Domini
742 885 901 932 gloriam
938 887 1024 935 (pro
1060 898 1140 923 mea
1175 887 1372 933 tenuitate)
1409 887 1640 937 promovisse

115 949 380 1000 quoquomodo
417 949 574 992 videam,
610 954 720 999 atque
754 948 909 998 gradum
947 949 1059 986 etiam
1096 949 1388 1000 qualemcunque
1424 950 1555 988 secisse
1591 950 1638 987 ad

115 1014 413 1064 componendum
443 1012 642 1050 Doctrinae
670 1013 742 1049 hoc
771 1013 980 1055 dissidium,
1007 1026 1079 1063 quo
1108 1014 1158 1051 ita
1187 1014 1368 1051 scinditur
1397 1014 1536 1051 Christi
1562 1015 1636 1051 Ec-

114 1077 238 1122 clesia,
274 1077 377 1115 cuius
414 1077 584 1128 equidem
613 1076 789 1114 maiorem
819 1077 949 1120 multo,
977 1090 1086 1128 quam
1114 1078 1238 1115 nostri
1264 1079 1427 1128 ipsorum
1456 1079 1638 1116 rationem

114 1140 249 1178 habere
285 1141 332 1187 (si
361 1154 485 1178 sumus
514 1140 735 1188 Christiani)
767 1140 955 1179 debemus.
1009 1141 1142 1192 Neque
1169 1141 1240 1179 tibi
1267 1142 1488 1192 persuadeas
1517 1143 1638 1188 velim,

112 1217 180 1242 nos
214 1205 288 1242 tuis
323 1209 520 1242 tuorumve
557 1204 736 1241 conviciis
773 1204 824 1241 ita
863 1213 1068 1242 commotos
1106 1218 1198 1250 esse,
1233 1210 1273 1242 ut
1311 1219 1388 1243 non
1425 1206 1637 1243 meminisse

108 1267 257 1304 interim
304 1267 459 1304 velimus
503 1267 703 1317 patientiae
747 1273 782 1304 et
828 1268 1125 1305 mansuetudinis
1163 1268 1407 1306 Christianae.
1453 1268 1636 1319 Equidem

108 1332 250 1381 gratius
278 1332 429 1369 fecisses
457 1344 499 1368 ac
527 1332 624 1368 forte
651 1331 788 1368 rectius
816 1331 941 1376 etiam,
969 1332 1001 1369 si
1028 1345 1184 1383 quorum
1207 1333 1310 1384 eulpa
1331 1334 1433 1370 nulla
1453 1337 1631 1379 tenemur,

107 1396 154 1433 ab
182 1395 229 1432 iis
255 1395 325 1433 tibi
352 1395 462 1433 etiam
490 1400 752 1445 temperasses:
781 1395 842 1432 sed
872 1396 943 1433 etsi
961 1396 1032 1433 tibi
1053 1396 1167 1434 hictu
1188 1410 1260 1435 una
1281 1410 1362 1434 cum
1383 1398 1456 1435 tuis
1476 1397 1633 1434 nimium

106 1459 301 1508 indulgere
328 1459 493 1504 voluisti,
520 1472 589 1496 nos
617 1461 670 1507 (A
697 1455 790 1506 iiiib)
818 1464 942 1498 tamen
971 1460 1066 1497 nihil
1094 1460 1225 1498 horum
1245 1462 1409 1499 omnium
1430 1463 1631 1511 (quatenus

106 1524 144 1562 id
171 1524 282 1562 modo
311 1524 374 1561 fiat
403 1525 483 1562 sine
509 1524 712 1562 Doctrinae
734 1524 1004 1575 ministeriique
1022 1525 1140 1563 nostri
1162 1526 1404 1574 indignitate)
1420 1526 1631 1564 meminisse

105 1602 256 1639 prorsus
294 1589 485 1627 volumus:
518 1589 639 1640 parati
674 1589 732 1626 vel
768 1589 903 1626 iustam
941 1590 1104 1627 nominis
1142 1591 1262 1628 nostri
1285 1592 1469 1641 jacturam
1497 1592 1630 1635 facere,

106 1653 239 1690 nedum
268 1658 309 1691 ut
335 1652 502 1704 iniquam
530 1653 714 1703 patienter
741 1665 784 1690 ae
810 1653 977 1691 modeste
1004 1654 1099 1691 ferre
1127 1654 1302 1700 nolimus,
1328 1659 1472 1692 tantum
1504 1660 1541 1692 ut
1569 1655 1628 1692 in-

105 1717 215 1755 ducta
247 1717 451 1756 Doctrinae
486 1718 700 1759 concordia.
735 1718 904 1755 unanimi
942 1731 1126 1757 consensu
1153 1733 1282 1757 omnes
1311 1720 1451 1757 Christi
1480 1720 1626 1757 demum

104 1782 262 1831 gloriam
289 1796 547 1834 propagemus.
577 1782 683 1820 Quin
711 1787 747 1820 et
775 1782 865 1820 haee
891 1783 1066 1834 privatim
1094 1784 1257 1822 scribere
1284 1784 1330 1821 ad
1350 1789 1387 1822 te
1402 1784 1626 1829 maluissem,

105 1848 142 1884 et
177 1848 342 1885 facturus
379 1847 418 1885 id
452 1861 552 1885 eram
589 1847 755 1890 omnino,
790 1848 823 1885 si
856 1848 896 1885 id
922 1848 1176 1886 Ecclesiarum
1204 1854 1416 1887 nostrarum
1447 1849 1625 1898 dignitas,

104 1914 177 1947 tam
217 1910 390 1947 atrociter
417 1910 484 1947 abs
519 1914 555 1948 te
580 1911 692 1954 laesa.
718 1911 956 1961 permisisset.
1012 1912 1084 1950 Sed
1112 1917 1152 1950 tu
1179 1913 1258 1964 ipse
1284 1926 1342 1951 me
1368 1913 1478 1963 plane
1505 1917 1544 1950 ut
1571 1917 1626 1950 te-

106 1987 188 2012 cum
215 1975 363 2024 publice
389 1987 500 2024 cogar
527 1988 636 2023 agere
663 1975 830 2024 coegisti.
859 1976 899 2013 Si
926 1976 1025 2014 enim
1052 1977 1225 2027 privatim
1249 1978 1295 2015 ad
1315 1991 1382 2015 nos
1399 1982 1461 2014 tua
1480 1979 1626 2027 (quem-

103 2037 301 2074 admodum
329 2042 366 2074 te
392 2037 429 2074 id
458 2038 643 2074 facturum
670 2040 879 2088 receperas)
907 2040 1188 2086 transmisisses,
1215 2040 1390 2091 privatim
1418 2040 1488 2077 tibi
1510 2039 1623 2077 vicis-

104 2102 171 2139 sim
209 2101 432 2152 respondere
467 2101 577 2138 etiam
612 2101 873 2152 potuissemus.
928 2103 1042 2141 Nune
1076 2105 1128 2142 ita
1154 2105 1251 2142 inter
1277 2107 1361 2142 tuos
1388 2104 1557 2155 sparsisti
1583 2117 1625 2142 ea

103 2166 241 2209 omnia,
267 2166 482 2216 priusquam
508 2166 662 2203 omnino
689 2167 737 2204 ad
765 2179 833 2204 nos
860 2169 1135 2218 pervenissentx
1163 2173 1198 2207 et
1218 2173 1344 2219 postea
1361 2169 1470 2206 etiam
1492 2168 1624 2217 Eccle-

103 2231 178 2268 siae
205 2235 354 2268 nostrae
381 2229 613 2274 Doctrinam,
639 2230 900 2278 ministerium,
926 2237 962 2270 et
977 2246 1126 2270 omnem
1146 2246 1297 2283 prorsus
1312 2233 1624 2271 existimationem

102 2296 154 2332 ita
190 2294 401 2337 traduxisti,
435 2298 475 2332 ut
510 2294 699 2345 publicam
727 2297 880 2334 omnino
908 2297 1074 2334 vicissim
1101 2297 1277 2335 adversus
1304 2302 1340 2334 te
1367 2297 1622 2335 defensionem

103 2358 272 2407 flagitare
307 2358 514 2396 videantur.
566 2358 648 2395 Iam
685 2362 720 2396 et
754 2360 809 2397 tui
844 2361 884 2398 in
921 2374 1030 2399 causa
1058 2365 1146 2399 sunt
1171 2362 1296 2406 etiam,
1323 2368 1363 2399 ut
1390 2375 1447 2399 me
1474 2361 1622 2412 publice

102 2427 225 2461 tecum
242 2436 349 2472 agere
360 2426 547 2473 oporteat:
559 2423 621 2473 qui
635 2424 760 2461 neseio
772 2438 845 2475 quo
856 2427 910 2473 (A
920 2429 978 2474 va)
990 2427 1147 2464 consilio
1159 2427 1291 2475 (abste
1301 2426 1397 2464 enim
1413 2428 1620 2477 profectum

102 2501 181 2526 esse
218 2502 295 2526 non
332 2487 577 2538 suspicamur)
615 2501 802 2527 rumorem
838 2491 1184 2529 constantissimum
1219 2505 1282 2543 per
1308 2492 1491 2529 Phrisiam
1521 2492 1621 2528 occi-

103 2552 213 2590 duam
249 2556 286 2590 et
320 2564 494 2601 magnam
532 2551 758 2590 Hollandiae
793 2558 935 2603 partem
964 2560 1190 2605 sparserunt,
1216 2556 1433 2606 permissam
1461 2555 1531 2592 tibi
1560 2555 1621 2591 hie

102 2621 139 2654 et
173 2617 259 2662 tuis,
294 2617 335 2654 in
368 2616 506 2654 nostris
534 2616 712 2653 Ecclesiis
740 2620 803 2654 tua
831 2618 954 2655 omnia
983 2619 1142 2657 docendi
1169 2620 1390 2663 libertatem,
1418 2619 1527 2656 nohis
1555 2618 1618 2656 de-

102 2681 210 2719 victis
237 2681 393 2726 scilicet,
418 2685 455 2719 et
482 2681 576 2718 nihil
605 2681 841 2725 habentibus,
870 2683 970 2733 quod
998 2683 1068 2720 tibi
1095 2697 1376 2735 opponeremus.
1431 2683 1476 2719 Id
1506 2695 1616 2733 porro

103 2757 185 2783 cum
220 2759 298 2783 non
330 2745 377 2783 ad
412 2758 481 2783 nos
513 2749 673 2790 tantum,
709 2746 772 2783 sed
807 2746 854 2784 ad
895 2747 1154 2796 Magistratum
1192 2762 1339 2799 quoque
1368 2753 1548 2788 nostrum,
1575 2759 1618 2784 ac

98 2811 215 2846 totam
251 2809 409 2860 denique
436 2809 596 2846 Patriam
626 2808 722 2846 hanc
749 2810 951 2860 pertineat:
980 2824 1056 2849 non
1083 2818 1204 2862 potest
1229 2813 1341 2850 etiam
1369 2811 1439 2848 nisi
1467 2810 1616 2861 publica

101 2872 318 2911 defensione
354 2872 517 2911 refutari.
574 2873 699 2910 Quare
726 2873 868 2911 veniam
898 2874 989 2912 mihi
1017 2875 1135 2919 dabis,
1163 2878 1194 2913 si
1221 2890 1284 2927 per
1312 2881 1346 2913 te
1373 2882 1408 2913 ct
1435 2882 1518 2914 tuos
1545 2876 1612 2914 ad-
