1818 3178
182 89 257 124 296

187 199 381 236 Caeterum
408 210 429 233 a
457 207 522 232 sua
549 195 674 231 Coena
701 192 891 230 Christum
919 190 1124 228 Dominum
1151 202 1305 242 corpore
1332 192 1442 229 etiam
1469 195 1505 230 et
1528 193 1709 242 sanguine

186 275 253 300 suo
282 262 421 302 abesse,
447 258 537 296 adeo
566 269 714 294 rursum
743 268 852 304 nego,
879 258 919 292 ut
947 254 1009 291 hic
1034 253 1271 304 potissimum
1297 256 1509 293 effrenatam
1536 256 1709 294 adversa-

189 327 329 364 riorum
366 327 494 361 nostra
522 321 648 358 omnia
677 319 929 357 calumniandi
954 319 1152 356 libidinem
1179 332 1361 367 accusem,
1389 321 1478 358 dum
1506 334 1574 358 nos
1597 321 1708 359 huius

186 390 272 428 talis
317 386 507 425 absentiae
549 386 701 422 nomine
745 384 784 421 in
818 397 888 421 usu
923 384 1251 421 Sacramentorum
1287 384 1395 433 signa
1440 384 1539 422 nuda
1585 385 1709 422 ociosa

188 459 296 504 atque
332 451 459 489 inania
488 449 713 487 constituere
741 449 915 487 clamant.
969 447 1155 498 Equidem
1181 461 1289 486 nemo
1318 449 1357 486 in
1386 449 1533 500 scriptis
1560 453 1710 487 nostro-

186 531 266 554 rum
303 515 471 552 omnium
510 513 709 564 comperiet
744 526 878 564 panem
913 516 949 550 et
976 511 1104 550 vinum
1132 512 1277 550 Coenae
1303 526 1383 550 esse
1411 514 1490 551 sola
1517 514 1711 560 elementa,

185 586 249 618 aut
283 578 424 629 alioqui
459 578 625 615 absentis
661 591 682 614 a
710 590 774 615 sua
803 578 927 615 Coena
956 576 1121 627 corporis
1149 581 1185 614 et
1214 578 1408 626 sanguinis
1437 578 1577 615 Christi
1604 579 1711 627 signa

188 643 357 694 symbola
402 655 445 679 ac
490 643 642 689 figuras,
678 641 742 678 sed
788 641 953 691 quisque
990 641 1099 677 facile
1136 641 1335 690 comperiet
1370 654 1391 678 a
1427 642 1537 679 nobis
1575 641 1713 686 doceri,

185 722 319 760 panem
355 711 390 745 et
426 707 554 744 vinum
591 707 737 743 Coenae
772 719 850 743 esse
890 705 1039 756 quidem
1075 708 1111 742 et
1147 718 1361 755 permanere
1397 706 1437 743 in
1472 707 1616 744 Coenae
1643 720 1713 744 usu

187 776 333 810 terrena
361 771 554 816 elementa,
580 769 893 820 quemadmodum
921 774 956 807 et
986 768 1200 819 Scripturae
1225 769 1326 820 ipsae
1353 774 1388 807 et
1416 775 1555 807 veteres
1584 784 1712 808 omnes

183 840 379 881 testantur,
407 836 470 872 sed
498 848 577 872 esse
596 835 706 872 etiam
728 847 830 872 sacra
852 836 926 872 iam
947 835 1054 883 signa
1077 834 1245 883 symbola
1267 835 1436 885 antitypa
1456 840 1491 872 et
1504 836 1642 884 figuras
1663 857 1709 864 —

187 901 237 938 ita
274 901 374 938 enim
410 900 545 951 prioris
586 900 775 937 Ecclesiae
807 899 989 937 Doctores
1027 900 1232 949 loquuntur
1267 920 1319 927 —
1345 912 1422 937 non
1450 913 1538 937 sane
1565 900 1712 938 virtutis

187 969 333 1003 tantum
376 964 666 1014 meritorumque
708 967 743 1000 et
789 963 976 1000 societatis
1015 963 1159 1012 jurisve
1217 962 1367 1000 socialis
1411 962 1450 1000 in
1488 975 1643 1013 corpore
1678 967 1714 1000 et

186 1030 368 1079 sanguine
405 1028 545 1066 Christi
581 1028 689 1076 (haec
724 1028 825 1065 enim
859 1041 934 1065 non
965 1034 1042 1065 tam
1070 1030 1125 1064 est
1154 1032 1283 1064 nostra
1311 1026 1480 1064 doctrina
1509 1040 1619 1078 quam
1646 1039 1714 1077 po-

184 1095 259 1131 tius
296 1092 542 1144 Westphalici
578 1092 728 1142 spiritus
764 1092 957 1129 maliciosa
985 1091 1032 1129 ad
1061 1091 1263 1128 nectendas
1293 1090 1494 1128 calumnias
1524 1091 1715 1129 doctrinae

189 1163 339 1196 nostrae
375 1157 621 1208 depravatio),
658 1156 720 1194 sed
757 1156 867 1193 etiam
904 1156 983 1193 veri
1020 1168 1090 1192 una
1127 1168 1208 1192 cum
1247 1155 1304 1192 his
1342 1155 1529 1200 omnibus,
1565 1160 1601 1193 et
1637 1168 1715 1193 non

186 1228 332 1260 tantum
368 1222 455 1268 vivi,
490 1221 553 1259 sed
590 1220 701 1258 etiam
738 1221 962 1258 vivificantis
998 1234 1141 1264 omnes,
1170 1220 1235 1270 qui
1261 1220 1316 1256 illi
1343 1220 1383 1257 in
1412 1220 1535 1257 Coena
1562 1220 1715 1271 partici-

185 1291 288 1336 pant,
324 1299 443 1335 neque
479 1284 707 1322 sacrosancti
744 1284 866 1321 solum
901 1284 938 1321 in
977 1297 1066 1329 sese,
1105 1284 1169 1321 sed
1207 1296 1335 1321 omnes
1366 1279 1480 1321 ‘etiam
1510 1297 1595 1321 suas
1624 1297 1714 1322 con-

186 1350 289 1387 vivas
326 1362 410 1387 vere
445 1353 481 1386 et
517 1349 679 1399 perfecte
713 1348 761 1386 ad
799 1348 913 1385 vitam
947 1353 1136 1385 aeternam
1175 1347 1458 1392 sanctificantis,
1488 1348 1652 1398 corporis
1679 1352 1715 1385 et

189 1414 382 1463 sanguinis
412 1413 564 1456 Christi,
590 1413 706 1450 multo
733 1413 859 1449 minus
887 1417 1011 1449 autem
1038 1412 1203 1449 absentis
1231 1425 1252 1448 a
1281 1425 1346 1448 sua
1376 1412 1511 1457 Coena,
1536 1412 1715 1462 quemad-

187 1478 340 1515 modum
377 1477 630 1527 Westphalica
666 1477 830 1526 Erinnys
869 1477 1129 1522 calumniatur,
1165 1476 1227 1517 sed
1262 1477 1466 1526 praesentis
1494 1477 1647 1514 omnino
1674 1478 1715 1515 in

187 1554 291 1579 sacra
329 1541 454 1577 Coena
488 1547 524 1577 et
560 1540 677 1577 oculis
714 1544 749 1577 et
777 1540 832 1577 ori
861 1547 1012 1577 nostrae
1040 1540 1125 1577 fidei
1153 1540 1192 1576 in
1220 1540 1344 1586 nobis,
1369 1545 1412 1577 ut
1439 1553 1480 1577 ea
1508 1546 1584 1577 tam
1614 1545 1713 1578 certo

189 1605 277 1642 fidei
304 1610 454 1642 nostrae
483 1604 600 1641 oculis
627 1604 838 1641 intueamur
864 1603 1014 1654 illisque
1040 1607 1117 1641 tam
1148 1608 1247 1641 certo
1276 1617 1340 1641 ore
1367 1610 1518 1641 nostrae
1545 1605 1633 1652 (fol.
1650 1606 1718 1652 43)

189 1669 277 1707 fidei
305 1682 378 1706 non
418 1668 588 1718 equidem
624 1669 669 1705 ad
695 1675 853 1706 mortem
880 1669 1009 1713 ullam,
1036 1669 1351 1718 quemadmodum
1381 1668 1425 1706 de
1451 1669 1578 1719 impiis
1605 1670 1717 1718 fingit

192 1733 440 1783 Westphalus‚
475 1733 539 1770 sed
575 1733 623 1769 ad
660 1733 773 1770 vitam
802 1734 982 1770 duntaxat
1009 1739 1195 1770 aeternam
1223 1746 1418 1783 pascamur
1445 1733 1484 1770 in
1512 1733 1593 1783 ipso
1623 1733 1716 1771 Coe-

189 1807 258 1831 nae
296 1807 379 1839 usu,
414 1806 525 1842 quam
563 1798 662 1830 certo
701 1793 866 1843 corporis
894 1793 1013 1830 nostri
1041 1793 1157 1829 oculis
1183 1793 1357 1829 manibus
1384 1797 1495 1843 atque
1523 1806 1585 1830 ore
1612 1806 1716 1830 sacra

187 1858 340 1895 illorum
384 1857 553 1907 symbola
596 1857 784 1894 intuemur
835 1862 1111 1895 contractamus
1152 1861 1187 1894 et
1222 1856 1447 1907 percipimus
1484 1870 1528 1894 ex
1575 1857 1714 1895 Christi

189 1922 345 1960 Domini
379 1922 637 1968 institutione3
675 1922 818 1959 etiamsi
855 1935 975 1973 neque
1002 1928 1065 1959 aut
1090 1922 1247 1959 localem
1278 1922 1390 1959 ullam
1416 1926 1479 1959 aut
1506 1922 1615 1959 etiam
1642 1922 1715 1959 iin-

190 2001 354 2025 mensam
392 1987 431 2024 in
468 1988 614 2024 Coenae
649 1987 841 2025 elementis
875 2000 1002 2025 eorum
1038 1987 1114 2024 sive
1155 1987 1403 2037 praesentiam
1432 1988 1509 2024 sive
1535 1987 1716 2024 inclusio·

191 2064 275 2088 nem
313 2051 390 2088 sive
426 2050 735 2096 delitescentium,
763 2065 882 2102 neque
909 2052 997 2089 item
1026 2065 1262 2089 communem
1289 2052 1414 2102 impiis
1440 2052 1578 2103 pariter
1605 2057 1716 2104 atque

189 2109 268 2166 piis⁴
289 2129 416 2153 eorum
443 2116 483 2153 in
511 2116 636 2153 Coena
664 2116 1000 2166 participationem,
1028 2117 1102 2154 ullo
1132 2117 1285 2155 omnino
1313 2117 1424 2154 modo
1454 2117 1714 2156 admittamus:

190 2181 325 2218 nedum
363 2185 402 2218 ut
428 2194 469 2218 ea
496 2181 568 2231 piis
598 2181 708 2218 simul
748 2186 783 2219 et
812 2182 935 2232 impiis
962 2183 1001 2220 in
1029 2186 1094 2219 aut
1121 2182 1190 2219 sub
1219 2181 1311 2232 ipsis
1340 2181 1486 2219 Coenae
1513 2182 1716 2227 elementis,

191 2245 270 2282 sine
304 2259 400 2296 pane
434 2245 515 2296 ipso
553 2258 595 2282 ac
633 2245 719 2282 vino
757 2253 821 2282 aut
855 2259 920 2296 per
951 2259 1085 2297 panem
1122 2260 1165 2284 ac
1203 2246 1331 2284 vinum
1361 2247 1518 2291 Coenae,
1548 2247 1716 2285 Ministri

188 2309 305 2358 ipsius
351 2309 535 2354 manibus,
580 2309 726 2346 realiter
771 2322 814 2345 ac
852 2310 1092 2359 corporaliter
1126 2309 1268 2360 porrigi
1304 2310 1475 2360 tradique
1511 2310 1715 2347 credamus.

194 2373 300 2410 Quae
344 2373 404 2410 hic
448 2373 637 2410 fanatismi
682 2373 805 2410 nescio
845 2375 949 2423 cujus
984 2375 1024 2411 in
1060 2382 1187 2411 nostra
1225 2375 1269 2411 de
1307 2374 1377 2412 fide
1405 2375 1573 2412 doctrina
1600 2374 1712 2411 homo

190 2439 427 2489 phreneticus
459 2451 629 2476 accusare
667 2445 834 2484 conatur,
868 2453 910 2476 ea
945 2452 1011 2477 suo
1062 2440 1146 2476 loco
1183 2444 1310 2491 postea
1346 2453 1410 2490 per
1446 2439 1516 2477 Dei
1542 2440 1714 2489 gratiam,

191 2516 322 2553 nempe
348 2503 387 2540 in
417 2503 656 2553 responsione
683 2503 728 2541 ad
757 2507 856 2542 26ωῃ
885 2505 1166 2554 Paragraphum
1196 2505 1396 2542 diluentur.
1436 2507 1469 2542 5.
1490 2504 1576 2541 Hoc
1596 2506 1713 2542 multo

191 2572 246 2604 est
281 2567 403 2604 adhuc
429 2566 694 2617 impudentius,
721 2569 820 2618 quod
850 2569 959 2606 nobis
988 2569 1177 2618 adfingere
1206 2570 1266 2606 hic
1294 2572 1461 2614 conatur,
1488 2582 1618 2620 nempe
1646 2583 1715 2607 nos

191 2632 407 2682 simpliciter
433 2631 533 2668 aliud
561 2632 655 2669 nihil
683 2633 752 2670 sub
780 2634 932 2671 nomine
960 2634 1125 2684 corporis
1153 2638 1188 2671 et
1216 2634 1408 2683 sanguinis
1437 2634 1576 2671 Christi
1603 2635 1714 2672 intel-

189 2695 317 2743 ligere,
352 2707 461 2745 quam
499 2694 647 2742 signum
685 2696 842 2743 figuram
871 2697 1081 2746 symbolum
1120 2698 1291 2735 virtutem
1318 2698 1524 2747 meritaque
1550 2697 1716 2744 illorum,

191 2758 424 2795 divinitatem
460 2757 599 2795 Christi
635 2758 721 2796 item
758 2764 793 2797 et
830 2760 1045 2798 societatem
1083 2775 1146 2799 scu
1185 2761 1242 2799 ius
1279 2761 1416 2798 sociale
1453 2773 1535 2798 cum
1565 2762 1712 2800 Christo

191 2822 354 2862 Domino
390 2822 430 2861 in
477 2834 629 2874 corpore
666 2826 701 2862 et
738 2825 918 2873 sanguine
955 2826 1069 2864 illius.
1123 2826 1205 2875 Ego
1242 2839 1366 2877 porro,
1402 2830 1443 2864 ut
1478 2826 1571 2864 alibi
1605 2827 1656 2865 ita
1684 2832 1719 2866 et
