<?xml version="1.0" encoding="UTF-8"?>
<!DOCTYPE html PUBLIC "-//W3C//DTD XHTML 1.0 Transitional//EN"
    "http://www.w3.org/TR/xhtml1/DTD/xhtml1-transitional.dtd">
<html xmlns="http://www.w3.org/1999/xhtml" xml:lang="en" lang="en">
 <head>
  <title>
</title>
<meta http-equiv="Content-Type" content="text/html;charset=utf-8" />
  <meta name='ocr-system' content='tesseract 3.04.00' />
  <meta name='ocr-capabilities' content='ocr_page ocr_carea ocr_par ocr_line ocrx_word'/>
</head>
<body>
  <div class='ocr_page' id='page_1' title='image "./operatameditaqua01lask_0267.png"; bbox 0 0 1818 3178; ppageno 0'>
   <div class='ocr_carea' id='block_1_1' title="bbox 512 91 1681 135">
    <p class='ocr_par' dir='ltr' id='par_1_1' title="bbox 512 91 1681 135">
     <span class='ocr_line' id='line_1_1' title="bbox 512 91 1681 135; baseline -0.007 0"><span class='ocrx_word' id='word_1_1' title='bbox 512 108 562 135; x_wconf 67' lang='grc' dir='ltr'>ΒΕ</span> <span class='ocrx_word' id='word_1_2' title='bbox 592 105 874 135; x_wconf 77' lang='lat' dir='ltr'><strong>SACRAMENTIS</strong></span> <span class='ocrx_word' id='word_1_3' title='bbox 905 102 1121 132; x_wconf 60' lang='lat' dir='ltr'>Recensum</span> <span class='ocrx_word' id='word_1_4' title='bbox 1148 101 1327 130; x_wconf 76' lang='lat' dir='ltr'>CHRISTI.</span> <span class='ocrx_word' id='word_1_5' title='bbox 1610 91 1681 127; x_wconf 85' lang='lat'>135</span> 
     </span>
    </p>
   </div>
   <div class='ocr_carea' id='block_1_2' title="bbox 160 202 1710 2899">
    <p class='ocr_par' dir='ltr' id='par_1_2' title="bbox 160 202 1689 518">
     <span class='ocr_line' id='line_1_2' title="bbox 160 202 1682 266; baseline -0.011 -13"><span class='ocrx_word' id='word_1_6' title='bbox 160 228 255 266; x_wconf 89' lang='lat' dir='ltr'>quae</span> <span class='ocrx_word' id='word_1_7' title='bbox 281 215 320 252; x_wconf 90' lang='lat' dir='ltr'>in</span> <span class='ocrx_word' id='word_1_8' title='bbox 349 212 447 262; x_wconf 87' lang='lat' dir='ltr'>signi</span> <span class='ocrx_word' id='word_1_9' title='bbox 472 214 576 263; x_wconf 88' lang='lat' dir='ltr'>parte</span> <span class='ocrx_word' id='word_1_10' title='bbox 602 210 726 260; x_wconf 84' lang='lat' dir='ltr'>aliqua</span> <span class='ocrx_word' id='word_1_11' title='bbox 755 210 963 251; x_wconf 76' lang='lat' dir='ltr'>censentur,</span> <span class='ocrx_word' id='word_1_12' title='bbox 989 205 1186 245; x_wconf 75' lang='lat' dir='ltr'>transferri</span> <span class='ocrx_word' id='word_1_13' title='bbox 1213 204 1346 248; x_wconf 86' lang='lat' dir='ltr'>solent,</span> <span class='ocrx_word' id='word_1_14' title='bbox 1374 202 1436 240; x_wconf 89' lang='lat' dir='ltr'>scd</span> <span class='ocrx_word' id='word_1_15' title='bbox 1455 206 1581 240; x_wconf 84' lang='lat' dir='ltr'>tamen</span> <span class='ocrx_word' id='word_1_16' title='bbox 1601 214 1682 238; x_wconf 87' lang='lat' dir='ltr'>cum</span> 
     </span>
     <span class='ocr_line' id='line_1_3' title="bbox 160 265 1689 331; baseline -0.01 -14"><span class='ocrx_word' id='word_1_17' title='bbox 160 279 359 331; x_wconf 89' lang='lat' dir='ltr'>plurimum</span> <span class='ocrx_word' id='word_1_18' title='bbox 396 275 558 320; x_wconf 79' lang='lat' dir='ltr'>intersit,</span> <span class='ocrx_word' id='word_1_19' title='bbox 588 274 627 312; x_wconf 89' lang='lat' dir='ltr'>in</span> <span class='ocrx_word' id='word_1_20' title='bbox 667 272 915 311; x_wconf 86' lang='lat' dir='ltr'>controversis</span> <span class='ocrx_word' id='word_1_21' title='bbox 944 272 1028 320; x_wconf 90' lang='lat' dir='ltr'>(fol.</span> <span class='ocrx_word' id='word_1_22' title='bbox 1059 272 1141 317; x_wconf 73' lang='lat'>24==)</span> <span class='ocrx_word' id='word_1_23' title='bbox 1169 269 1406 320; x_wconf 87' lang='lat' dir='ltr'>potissimum</span> <span class='ocrx_word' id='word_1_24' title='bbox 1434 265 1689 315; x_wconf 79' lang='lat' dir='ltr'>dogmatibus,</span> 
     </span>
     <span class='ocr_line' id='line_1_4' title="bbox 160 329 1686 394; baseline -0.01 -13"><span class='ocrx_word' id='word_1_25' title='bbox 160 343 307 394; x_wconf 84' lang='lat' dir='ltr'>proprie</span> <span class='ocrx_word' id='word_1_26' title='bbox 353 354 411 385; x_wconf 88' lang='lat' dir='ltr'>ne,</span> <span class='ocrx_word' id='word_1_27' title='bbox 464 353 512 376; x_wconf 85' lang='lat' dir='ltr'>au</span> <span class='ocrx_word' id='word_1_28' title='bbox 560 351 644 375; x_wconf 89' lang='lat' dir='ltr'>vero</span> <span class='ocrx_word' id='word_1_29' title='bbox 682 337 913 384; x_wconf 84' lang='lat' dir='ltr'>translatitie</span> <span class='ocrx_word' id='word_1_30' title='bbox 942 336 1153 386; x_wconf 75' lang='lat' dir='ltr'>loquamur,</span> <span class='ocrx_word' id='word_1_31' title='bbox 1190 332 1390 370; x_wconf 87' lang='lat' dir='ltr'>videndum</span> <span class='ocrx_word' id='word_1_32' title='bbox 1428 330 1537 368; x_wconf 88' lang='lat' dir='ltr'>nobis</span> <span class='ocrx_word' id='word_1_33' title='bbox 1575 329 1686 367; x_wconf 83' lang='lat' dir='ltr'>etiam</span> 
     </span>
     <span class='ocr_line' id='line_1_5' title="bbox 161 394 1685 453; baseline -0.01 -9"><span class='ocrx_word' id='word_1_34' title='bbox 161 407 244 451; x_wconf 84' lang='lat' dir='ltr'>erit,</span> <span class='ocrx_word' id='word_1_35' title='bbox 279 405 326 443; x_wconf 93' lang='lat' dir='ltr'>ad</span> <span class='ocrx_word' id='word_1_36' title='bbox 362 417 418 442; x_wconf 84' lang='lat' dir='ltr'>res</span> <span class='ocrx_word' id='word_1_37' title='bbox 454 416 512 449; x_wconf 89' lang='lat' dir='ltr'>ne,</span> <span class='ocrx_word' id='word_1_38' title='bbox 539 416 632 453; x_wconf 86' lang='lat' dir='ltr'>quae</span> <span class='ocrx_word' id='word_1_39' title='bbox 659 401 798 438; x_wconf 86' lang='lat' dir='ltr'>actioni</span> <span class='ocrx_word' id='word_1_40' title='bbox 825 400 1064 442; x_wconf 76' lang='lat' dir='ltr'>adhibentur,</span> <span class='ocrx_word' id='word_1_41' title='bbox 1091 412 1138 435; x_wconf 87' lang='lat' dir='ltr'>an</span> <span class='ocrx_word' id='word_1_42' title='bbox 1166 410 1251 434; x_wconf 86' lang='lat' dir='ltr'>vero</span> <span class='ocrx_word' id='word_1_43' title='bbox 1280 396 1326 433; x_wconf 90' lang='lat' dir='ltr'>ad</span> <span class='ocrx_word' id='word_1_44' title='bbox 1355 395 1537 432; x_wconf 87' lang='lat' dir='ltr'>actionem</span> <span class='ocrx_word' id='word_1_45' title='bbox 1566 394 1685 444; x_wconf 86' lang='lat' dir='ltr'>ipsam</span> 
     </span>
     <span class='ocr_line' id='line_1_6' title="bbox 160 461 1519 518; baseline -0.009 -10"><span class='ocrx_word' id='word_1_46' title='bbox 160 476 349 509; x_wconf 82' lang='lat' dir='ltr'><strong>externam</strong></span> <span class='ocrx_word' id='word_1_47' title='bbox 378 467 515 518; x_wconf 88' lang='lat' dir='ltr'>potius,</span> <span class='ocrx_word' id='word_1_48' title='bbox 543 479 667 503; x_wconf 90' lang='lat' dir='ltr'>vocem</span> <span class='ocrx_word' id='word_1_49' title='bbox 699 465 797 514; x_wconf 85' lang='lat' dir='ltr'>signi</span> <span class='ocrx_word' id='word_1_50' title='bbox 825 463 971 515; x_wconf 84' lang='lat' dir='ltr'>proprie</span> <span class='ocrx_word' id='word_1_51' title='bbox 997 463 1115 512; x_wconf 82' lang='lat' dir='ltr'>magis</span> <span class='ocrx_word' id='word_1_52' title='bbox 1143 462 1280 499; x_wconf 84' lang='lat' dir='ltr'>referre</span> <span class='ocrx_word' id='word_1_53' title='bbox 1309 461 1519 498; x_wconf 82' lang='lat' dir='ltr'>debeamus.</span> 
     </span>
    </p>

    <p class='ocr_par' dir='ltr' id='par_1_3' title="bbox 162 522 1691 1030">
     <span class='ocr_line' id='line_1_7' title="bbox 213 522 1687 582; baseline -0.008 -11"><span class='ocrx_word' id='word_1_54' title='bbox 213 533 261 571; x_wconf 86' lang='lat' dir='ltr'>Et</span> <span class='ocrx_word' id='word_1_55' title='bbox 296 533 423 570; x_wconf 80' lang='lat' dir='ltr'>Patres</span> <span class='ocrx_word' id='word_1_56' title='bbox 461 531 610 582; x_wconf 89' lang='lat' dir='ltr'>quidem</span> <span class='ocrx_word' id='word_1_57' title='bbox 640 530 738 578; x_wconf 79' lang='lat' dir='ltr'>signi</span> <span class='ocrx_word' id='word_1_58' title='bbox 766 541 855 565; x_wconf 86' lang='lat' dir='ltr'>voce</span> <span class='ocrx_word' id='word_1_59' title='bbox 881 528 920 564; x_wconf 87' lang='lat' dir='ltr'>in</span> <span class='ocrx_word' id='word_1_60' title='bbox 949 529 1167 574; x_wconf 81' lang='lat' dir='ltr'>argumento</span> <span class='ocrx_word' id='word_1_61' title='bbox 1199 525 1268 561; x_wconf 84' lang='lat' dir='ltr'>hoc</span> <span class='ocrx_word' id='word_1_62' title='bbox 1297 522 1593 560; x_wconf 84' lang='lat' dir='ltr'>Sacramentario</span> <span class='ocrx_word' id='word_1_63' title='bbox 1622 535 1687 572; x_wconf 86' lang='lat' dir='ltr'>pro</span> 
     </span>
     <span class='ocr_line' id='line_1_8' title="bbox 162 590 1688 647; baseline -0.009 -11"><span class='ocrx_word' id='word_1_64' title='bbox 162 598 272 636; x_wconf 85' lang='lat' dir='ltr'>rebus</span> <span class='ocrx_word' id='word_1_65' title='bbox 305 597 396 647; x_wconf 88' lang='lat' dir='ltr'>ipsis</span> <span class='ocrx_word' id='word_1_66' title='bbox 434 599 601 640; x_wconf 84' lang='lat' dir='ltr'>utuntur,</span> <span class='ocrx_word' id='word_1_67' title='bbox 628 607 722 645; x_wconf 84' lang='lat' dir='ltr'>quae</span> <span class='ocrx_word' id='word_1_68' title='bbox 750 593 944 630; x_wconf 86' lang='lat' dir='ltr'>institutae</span> <span class='ocrx_word' id='word_1_69' title='bbox 971 604 991 627; x_wconf 86' lang='lat' dir='ltr'>a</span> <span class='ocrx_word' id='word_1_70' title='bbox 1020 590 1183 627; x_wconf 89' lang='lat' dir='ltr'>Domino</span> <span class='ocrx_word' id='word_1_71' title='bbox 1214 590 1539 625; x_wconf 83' lang='lat' dir='ltr'>Sacramentorum</span> <span class='ocrx_word' id='word_1_72' title='bbox 1567 591 1688 623; x_wconf 79' lang='lat' dir='ltr'>exter-</span> 
     </span>
     <span class='ocr_line' id='line_1_9' title="bbox 164 653 1689 704; baseline -0.01 -4"><span class='ocrx_word' id='word_1_73' title='bbox 164 676 232 700; x_wconf 87' lang='lat' dir='ltr'>nae</span> <span class='ocrx_word' id='word_1_74' title='bbox 266 661 408 699; x_wconf 83' lang='lat' dir='ltr'>actioni</span> <span class='ocrx_word' id='word_1_75' title='bbox 445 660 683 704; x_wconf 77' lang='lat' dir='ltr'>adhibentur,</span> <span class='ocrx_word' id='word_1_76' title='bbox 722 659 796 700; x_wconf 88' lang='lat' dir='ltr'>sed,</span> <span class='ocrx_word' id='word_1_77' title='bbox 833 657 864 693; x_wconf 91' lang='lat' dir='ltr'>si</span> <span class='ocrx_word' id='word_1_78' title='bbox 902 657 1001 692; x_wconf 87' lang='lat' dir='ltr'>huuc</span> <span class='ocrx_word' id='word_1_79' title='bbox 1030 655 1141 691; x_wconf 87' lang='lat' dir='ltr'>talem</span> <span class='ocrx_word' id='word_1_80' title='bbox 1171 653 1271 690; x_wconf 90' lang='lat' dir='ltr'>vocis</span> <span class='ocrx_word' id='word_1_81' title='bbox 1300 653 1407 690; x_wconf 83' lang='lat' dir='ltr'>istius</span> <span class='ocrx_word' id='word_1_82' title='bbox 1435 664 1545 688; x_wconf 89' lang='lat' dir='ltr'>usum</span> <span class='ocrx_word' id='word_1_83' title='bbox 1572 655 1689 688; x_wconf 85' lang='lat' dir='ltr'>meta-</span> 
     </span>
     <span class='ocr_line' id='line_1_10' title="bbox 162 714 1691 777; baseline -0.009 -13"><span class='ocrx_word' id='word_1_84' title='bbox 162 726 359 777; x_wconf 85' lang='lat' dir='ltr'>phoricum</span> <span class='ocrx_word' id='word_1_85' title='bbox 393 738 473 763; x_wconf 88' lang='lat' dir='ltr'>esse</span> <span class='ocrx_word' id='word_1_86' title='bbox 510 728 665 766; x_wconf 88' lang='lat' dir='ltr'>constet,</span> <span class='ocrx_word' id='word_1_87' title='bbox 718 726 780 759; x_wconf 82' lang='lat' dir='ltr'>aut</span> <span class='ocrx_word' id='word_1_88' title='bbox 816 733 903 757; x_wconf 86' lang='lat' dir='ltr'>sane</span> <span class='ocrx_word' id='word_1_89' title='bbox 939 718 1189 769; x_wconf 81' lang='lat' dir='ltr'>metaphorice</span> <span class='ocrx_word' id='word_1_90' title='bbox 1223 716 1435 767; x_wconf 83' lang='lat' dir='ltr'>exponendi</span> <span class='ocrx_word' id='word_1_91' title='bbox 1467 714 1529 752; x_wconf 90' lang='lat' dir='ltr'>hic</span> <span class='ocrx_word' id='word_1_92' title='bbox 1564 715 1691 751; x_wconf 85' lang='lat' dir='ltr'>Patres</span> 
     </span>
     <span class='ocr_line' id='line_1_11' title="bbox 164 780 1691 833; baseline -0.008 -4"><span class='ocrx_word' id='word_1_93' title='bbox 164 796 284 833; x_wconf 85' lang='lat' dir='ltr'>crunt,</span> <span class='ocrx_word' id='word_1_94' title='bbox 319 798 381 828; x_wconf 87' lang='lat' dir='ltr'>aut</span> <span class='ocrx_word' id='word_1_95' title='bbox 418 790 610 827; x_wconf 87' lang='lat' dir='ltr'>fatendum</span> <span class='ocrx_word' id='word_1_96' title='bbox 648 787 730 831; x_wconf 87' lang='lat' dir='ltr'>erit,</span> <span class='ocrx_word' id='word_1_97' title='bbox 767 785 890 822; x_wconf 85' lang='lat' dir='ltr'>miuus</span> <span class='ocrx_word' id='word_1_98' title='bbox 927 796 1007 821; x_wconf 86' lang='lat' dir='ltr'>esse</span> <span class='ocrx_word' id='word_1_99' title='bbox 1042 782 1231 832; x_wconf 82' lang='lat' dir='ltr'>propriam</span> <span class='ocrx_word' id='word_1_100' title='bbox 1261 781 1357 818; x_wconf 84' lang='lat' dir='ltr'>hanc</span> <span class='ocrx_word' id='word_1_101' title='bbox 1387 781 1498 817; x_wconf 88' lang='lat' dir='ltr'>talem</span> <span class='ocrx_word' id='word_1_102' title='bbox 1525 780 1691 830; x_wconf 83' lang='lat' dir='ltr'>ipsorum</span> 
     </span>
     <span class='ocr_line' id='line_1_12' title="bbox 166 842 1691 904; baseline -0.009 -12"><span class='ocrx_word' id='word_1_103' title='bbox 166 853 456 904; x_wconf 80' lang='lat' dir='ltr'>usurpationem,</span> <span class='ocrx_word' id='word_1_104' title='bbox 492 856 528 889; x_wconf 88' lang='lat' dir='ltr'>et</span> <span class='ocrx_word' id='word_1_105' title='bbox 555 849 712 901; x_wconf 80' lang='lat' dir='ltr'>proinde</span> <span class='ocrx_word' id='word_1_106' title='bbox 738 847 857 895; x_wconf 86' lang='lat' dir='ltr'>magis</span> <span class='ocrx_word' id='word_1_107' title='bbox 884 846 1055 897; x_wconf 89' lang='lat' dir='ltr'>propriae</span> <span class='ocrx_word' id='word_1_108' title='bbox 1082 844 1320 894; x_wconf 81' lang='lat' dir='ltr'>usurpationi</span> <span class='ocrx_word' id='word_1_109' title='bbox 1350 843 1476 880; x_wconf 84' lang='lat' dir='ltr'>cedere</span> <span class='ocrx_word' id='word_1_110' title='bbox 1503 842 1625 885; x_wconf 88' lang='lat' dir='ltr'>etiam,</span> <span class='ocrx_word' id='word_1_111' title='bbox 1653 842 1691 879; x_wconf 91' lang='lat' dir='ltr'>in</span> 
     </span>
     <span class='ocr_line' id='line_1_13' title="bbox 164 906 1690 968; baseline -0.008 -13"><span class='ocrx_word' id='word_1_112' title='bbox 164 931 202 955; x_wconf 88' lang='lat' dir='ltr'>re</span> <span class='ocrx_word' id='word_1_113' title='bbox 237 917 453 968; x_wconf 85' lang='lat' dir='ltr'>praesertim</span> <span class='ocrx_word' id='word_1_114' title='bbox 501 918 750 957; x_wconf 80' lang='lat' dir='ltr'>controversa,</span> <span class='ocrx_word' id='word_1_115' title='bbox 786 916 967 961; x_wconf 81' lang='lat' dir='ltr'>oportere.</span> <span class='ocrx_word' id='word_1_116' title='bbox 1021 909 1229 946; x_wconf 85' lang='lat' dir='ltr'>Plurimum</span> <span class='ocrx_word' id='word_1_117' title='bbox 1269 920 1427 957; x_wconf 81' lang='lat' dir='ltr'>namque</span> <span class='ocrx_word' id='word_1_118' title='bbox 1462 906 1616 944; x_wconf 87' lang='lat' dir='ltr'>interest</span> <span class='ocrx_word' id='word_1_119' title='bbox 1652 907 1690 944; x_wconf 89' lang='lat' dir='ltr'>in</span> 
     </span>
     <span class='ocr_line' id='line_1_14' title="bbox 167 974 1323 1030; baseline -0.009 -11"><span class='ocrx_word' id='word_1_120' title='bbox 167 981 443 1025; x_wconf 86' lang='lat' dir='ltr'>controversiis,</span> <span class='ocrx_word' id='word_1_121' title='bbox 469 978 619 1030; x_wconf 87' lang='lat' dir='ltr'>proprie</span> <span class='ocrx_word' id='word_1_122' title='bbox 647 990 705 1020; x_wconf 87' lang='lat' dir='ltr'>ne,</span> <span class='ocrx_word' id='word_1_123' title='bbox 733 989 780 1012; x_wconf 84' lang='lat' dir='ltr'>an</span> <span class='ocrx_word' id='word_1_124' title='bbox 811 988 894 1012; x_wconf 89' lang='lat' dir='ltr'>vero</span> <span class='ocrx_word' id='word_1_125' title='bbox 924 974 1083 1022; x_wconf 79' lang='lat' dir='ltr'>figurate</span> <span class='ocrx_word' id='word_1_126' title='bbox 1109 974 1323 1022; x_wconf 75' lang='lat' dir='ltr'>loquamur.</span> 
     </span>
    </p>

    <p class='ocr_par' dir='ltr' id='par_1_4' title="bbox 167 1035 1707 2515">
     <span class='ocr_line' id='line_1_15' title="bbox 218 1035 1695 1094; baseline -0.007 -12"><span class='ocrx_word' id='word_1_127' title='bbox 218 1045 376 1094; x_wconf 77' lang='lat' dir='ltr'>Egregie</span> <span class='ocrx_word' id='word_1_128' title='bbox 413 1056 496 1081; x_wconf 87' lang='lat' dir='ltr'>vero</span> <span class='ocrx_word' id='word_1_129' title='bbox 534 1041 768 1091; x_wconf 82' lang='lat' dir='ltr'>Augustinus</span> <span class='ocrx_word' id='word_1_130' title='bbox 797 1039 996 1076; x_wconf 82' lang='lat' dir='ltr'>discrimen</span> <span class='ocrx_word' id='word_1_131' title='bbox 1025 1037 1220 1074; x_wconf 85' lang='lat' dir='ltr'>constituit</span> <span class='ocrx_word' id='word_1_132' title='bbox 1245 1036 1342 1073; x_wconf 87' lang='lat' dir='ltr'>inter</span> <span class='ocrx_word' id='word_1_133' title='bbox 1372 1035 1490 1083; x_wconf 78' lang='lat' dir='ltr'>signa,</span> <span class='ocrx_word' id='word_1_134' title='bbox 1517 1049 1610 1086; x_wconf 84' lang='lat' dir='ltr'>quae</span> <span class='ocrx_word' id='word_1_135' title='bbox 1637 1048 1695 1072; x_wconf 86' lang='lat' dir='ltr'>re-</span> 
     </span>
     <span class='ocr_line' id='line_1_16' title="bbox 167 1100 1697 1158; baseline -0.008 -10"><span class='ocrx_word' id='word_1_136' title='bbox 167 1123 248 1148; x_wconf 89' lang='lat' dir='ltr'>rum</span> <span class='ocrx_word' id='word_1_137' title='bbox 285 1109 591 1158; x_wconf 81' lang='lat' dir='ltr'>significatarum,</span> <span class='ocrx_word' id='word_1_138' title='bbox 627 1118 722 1156; x_wconf 86' lang='lat' dir='ltr'>quae</span> <span class='ocrx_word' id='word_1_139' title='bbox 758 1105 855 1141; x_wconf 88' lang='lat' dir='ltr'>inter</span> <span class='ocrx_word' id='word_1_140' title='bbox 893 1103 1001 1152; x_wconf 86' lang='lat' dir='ltr'>signa</span> <span class='ocrx_word' id='word_1_141' title='bbox 1040 1100 1229 1139; x_wconf 87' lang='lat' dir='ltr'>numerari</span> <span class='ocrx_word' id='word_1_142' title='bbox 1257 1100 1332 1136; x_wconf 86' lang='lat' dir='ltr'>iam</span> <span class='ocrx_word' id='word_1_143' title='bbox 1361 1113 1436 1136; x_wconf 88' lang='lat' dir='ltr'>non</span> <span class='ocrx_word' id='word_1_144' title='bbox 1463 1103 1633 1150; x_wconf 85' lang='lat' dir='ltr'>possunt,</span> <span class='ocrx_word' id='word_1_145' title='bbox 1660 1103 1697 1136; x_wconf 86' lang='lat' dir='ltr'>et</span> 
     </span>
     <span class='ocr_line' id='line_1_17' title="bbox 167 1164 1695 1222; baseline -0.009 -9"><span class='ocrx_word' id='word_1_146' title='bbox 167 1189 288 1213; x_wconf 87' lang='lat' dir='ltr'>rerum</span> <span class='ocrx_word' id='word_1_147' title='bbox 326 1186 466 1219; x_wconf 90' lang='lat' dir='ltr'>rursus,</span> <span class='ocrx_word' id='word_1_148' title='bbox 505 1184 598 1222; x_wconf 86' lang='lat' dir='ltr'>quae</span> <span class='ocrx_word' id='word_1_149' title='bbox 634 1175 671 1207; x_wconf 91' lang='lat' dir='ltr'>et</span> <span class='ocrx_word' id='word_1_150' title='bbox 706 1169 807 1219; x_wconf 84' lang='lat' dir='ltr'>ipsae</span> <span class='ocrx_word' id='word_1_151' title='bbox 843 1167 999 1205; x_wconf 82' lang='lat' dir='ltr'>aliarum</span> <span class='ocrx_word' id='word_1_152' title='bbox 1034 1166 1120 1203; x_wconf 90' lang='lat' dir='ltr'>item</span> <span class='ocrx_word' id='word_1_153' title='bbox 1159 1178 1278 1202; x_wconf 86' lang='lat' dir='ltr'>rerum</span> <span class='ocrx_word' id='word_1_154' title='bbox 1318 1164 1424 1213; x_wconf 86' lang='lat' dir='ltr'>signa</span> <span class='ocrx_word' id='word_1_155' title='bbox 1463 1168 1562 1208; x_wconf 88' lang='lat' dir='ltr'>sunt,</span> <span class='ocrx_word' id='word_1_156' title='bbox 1589 1164 1695 1213; x_wconf 83' lang='lat' dir='ltr'>sigua</span> 
     </span>
     <span class='ocr_line' id='line_1_18' title="bbox 171 1229 1698 1282; baseline -0.009 -5"><span class='ocrx_word' id='word_1_157' title='bbox 171 1242 364 1276; x_wconf 87' lang='lat' dir='ltr'>vocantur.</span> <span class='ocrx_word' id='word_1_158' title='bbox 418 1236 501 1274; x_wconf 89' lang='lat' dir='ltr'>Etsi</span> <span class='ocrx_word' id='word_1_159' title='bbox 535 1234 635 1272; x_wconf 86' lang='lat' dir='ltr'>enim</span> <span class='ocrx_word' id='word_1_160' title='bbox 671 1233 777 1282; x_wconf 81' lang='lat' dir='ltr'>signa</span> <span class='ocrx_word' id='word_1_161' title='bbox 815 1232 1007 1279; x_wconf 75' lang='lat' dir='ltr'>signorum</span> <span class='ocrx_word' id='word_1_162' title='bbox 1046 1233 1144 1267; x_wconf 86' lang='lat' dir='ltr'>recte</span> <span class='ocrx_word' id='word_1_163' title='bbox 1172 1242 1319 1279; x_wconf 90' lang='lat' dir='ltr'>quoque</span> <span class='ocrx_word' id='word_1_164' title='bbox 1348 1229 1453 1277; x_wconf 85' lang='lat' dir='ltr'>signa</span> <span class='ocrx_word' id='word_1_165' title='bbox 1480 1241 1603 1265; x_wconf 83' lang='lat' dir='ltr'>rerum</span> <span class='ocrx_word' id='word_1_166' title='bbox 1631 1240 1698 1264; x_wconf 92' lang='lat' dir='ltr'>vo-</span> 
     </span>
     <span class='ocr_line' id='line_1_19' title="bbox 171 1292 1700 1351; baseline -0.009 -10"><span class='ocrx_word' id='word_1_167' title='bbox 171 1309 302 1341; x_wconf 84' lang='lat' dir='ltr'>cantur</span> <span class='ocrx_word' id='word_1_168' title='bbox 338 1299 642 1351; x_wconf 76' lang='lat' dir='ltr'>significabilium</span> <span class='ocrx_word' id='word_1_169' title='bbox 678 1299 782 1346; x_wconf 90' lang='lat' dir='ltr'>(utar</span> <span class='ocrx_word' id='word_1_170' title='bbox 820 1296 917 1334; x_wconf 88' lang='lat' dir='ltr'>enim</span> <span class='ocrx_word' id='word_1_171' title='bbox 957 1295 1016 1332; x_wconf 90' lang='lat' dir='ltr'>hic</span> <span class='ocrx_word' id='word_1_172' title='bbox 1053 1307 1143 1331; x_wconf 89' lang='lat' dir='ltr'>voce</span> <span class='ocrx_word' id='word_1_173' title='bbox 1169 1293 1320 1344; x_wconf 84' lang='lat' dir='ltr'>ipsius),</span> <span class='ocrx_word' id='word_1_174' title='bbox 1349 1305 1442 1342; x_wconf 88' lang='lat' dir='ltr'>quae</span> <span class='ocrx_word' id='word_1_175' title='bbox 1469 1292 1566 1329; x_wconf 90' lang='lat' dir='ltr'>inter</span> <span class='ocrx_word' id='word_1_176' title='bbox 1594 1292 1700 1341; x_wconf 82' lang='lat' dir='ltr'>signa</span> 
     </span>
     <span class='ocr_line' id='line_1_20' title="bbox 172 1355 1701 1417; baseline -0.01 -11"><span class='ocrx_word' id='word_1_177' title='bbox 172 1368 312 1407; x_wconf 87' lang='lat' dir='ltr'>censeri</span> <span class='ocrx_word' id='word_1_178' title='bbox 348 1365 570 1417; x_wconf 53' lang='lat' dir='ltr'>ampli-(fol,</span> <span class='ocrx_word' id='word_1_179' title='bbox 604 1364 736 1410; x_wconf 76' lang='lat' dir='ltr'>24¹›)us</span> <span class='ocrx_word' id='word_1_180' title='bbox 773 1374 849 1398; x_wconf 89' lang='lat' dir='ltr'>non</span> <span class='ocrx_word' id='word_1_181' title='bbox 887 1363 1066 1411; x_wconf 87' lang='lat' dir='ltr'>possunt:</span> <span class='ocrx_word' id='word_1_182' title='bbox 1106 1358 1223 1395; x_wconf 90' lang='lat' dir='ltr'>multo</span> <span class='ocrx_word' id='word_1_183' title='bbox 1253 1361 1377 1394; x_wconf 83' lang='lat' dir='ltr'>tamen</span> <span class='ocrx_word' id='word_1_184' title='bbox 1407 1356 1524 1404; x_wconf 84' lang='lat' dir='ltr'>magis</span> <span class='ocrx_word' id='word_1_185' title='bbox 1552 1355 1701 1406; x_wconf 85' lang='lat' dir='ltr'>proprie</span> 
     </span>
     <span class='ocr_line' id='line_1_21' title="bbox 173 1419 1702 1481; baseline -0.01 -11"><span class='ocrx_word' id='word_1_186' title='bbox 173 1446 244 1470; x_wconf 80' lang='lat' dir='ltr'>vox</span> <span class='ocrx_word' id='word_1_187' title='bbox 280 1431 379 1481; x_wconf 84' lang='lat' dir='ltr'>signi</span> <span class='ocrx_word' id='word_1_188' title='bbox 414 1430 460 1467; x_wconf 92' lang='lat' dir='ltr'>ad</span> <span class='ocrx_word' id='word_1_189' title='bbox 497 1442 538 1466; x_wconf 89' lang='lat' dir='ltr'>ea</span> <span class='ocrx_word' id='word_1_190' title='bbox 573 1428 745 1479; x_wconf 85' lang='lat' dir='ltr'>pertinet,</span> <span class='ocrx_word' id='word_1_191' title='bbox 782 1438 876 1476; x_wconf 87' lang='lat' dir='ltr'>quae</span> <span class='ocrx_word' id='word_1_192' title='bbox 912 1437 988 1462; x_wconf 92' lang='lat' dir='ltr'>non</span> <span class='ocrx_word' id='word_1_193' title='bbox 1024 1428 1100 1461; x_wconf 86' lang='lat' dir='ltr'>tam</span> <span class='ocrx_word' id='word_1_194' title='bbox 1129 1422 1227 1471; x_wconf 88' lang='lat' dir='ltr'>signi</span> <span class='ocrx_word' id='word_1_195' title='bbox 1253 1421 1340 1461; x_wconf 82' lang='lat' dir='ltr'>iam,</span> <span class='ocrx_word' id='word_1_196' title='bbox 1366 1433 1477 1470; x_wconf 89' lang='lat' dir='ltr'>quam</span> <span class='ocrx_word' id='word_1_197' title='bbox 1505 1420 1558 1457; x_wconf 90' lang='lat' dir='ltr'>rei</span> <span class='ocrx_word' id='word_1_198' title='bbox 1583 1419 1702 1470; x_wconf 89' lang='lat' dir='ltr'>ipsius</span> 
     </span>
     <span class='ocr_line' id='line_1_22' title="bbox 172 1485 1702 1547; baseline -0.01 -11"><span class='ocrx_word' id='word_1_199' title='bbox 172 1497 402 1547; x_wconf 83' lang='lat' dir='ltr'>significatae</span> <span class='ocrx_word' id='word_1_200' title='bbox 427 1495 553 1547; x_wconf 87' lang='lat' dir='ltr'>potius</span> <span class='ocrx_word' id='word_1_201' title='bbox 579 1492 793 1530; x_wconf 86' lang='lat' dir='ltr'>immediate</span> <span class='ocrx_word' id='word_1_202' title='bbox 820 1491 928 1539; x_wconf 85' lang='lat' dir='ltr'>signa</span> <span class='ocrx_word' id='word_1_203' title='bbox 956 1492 1056 1526; x_wconf 87' lang='lat' dir='ltr'>sunt.</span> <span class='ocrx_word' id='word_1_204' title='bbox 1102 1487 1283 1537; x_wconf 82' lang='lat' dir='ltr'>Exemplo</span> <span class='ocrx_word' id='word_1_205' title='bbox 1313 1499 1369 1523; x_wconf 84' lang='lat' dir='ltr'>res</span> <span class='ocrx_word' id='word_1_206' title='bbox 1399 1485 1597 1522; x_wconf 88' lang='lat' dir='ltr'>dilucidior</span> <span class='ocrx_word' id='word_1_207' title='bbox 1626 1485 1702 1522; x_wconf 88' lang='lat' dir='ltr'>fiet.</span> 
     </span>
     <span class='ocr_line' id='line_1_23' title="bbox 173 1545 1697 1608; baseline -0.012 -7"><span class='ocrx_word' id='word_1_208' title='bbox 173 1564 219 1600; x_wconf 89' lang='lat' dir='ltr'>In</span> <span class='ocrx_word' id='word_1_209' title='bbox 257 1561 524 1599; x_wconf 87' lang='lat' dir='ltr'>donationibus</span> <span class='ocrx_word' id='word_1_210' title='bbox 561 1558 713 1602; x_wconf 75' lang='lat' dir='ltr'>fundus,</span> <span class='ocrx_word' id='word_1_211' title='bbox 745 1556 808 1608; x_wconf 87' lang='lat' dir='ltr'>qui</span> <span class='ocrx_word' id='word_1_212' title='bbox 847 1545 1019 1599; x_wconf 85' lang='lat' dir='ltr'>donatur,</span> <span class='ocrx_word' id='word_1_213' title='bbox 1055 1565 1113 1590; x_wconf 85' lang='lat' dir='ltr'>res</span> <span class='ocrx_word' id='word_1_214' title='bbox 1141 1555 1196 1589; x_wconf 91' lang='lat' dir='ltr'>est</span> <span class='ocrx_word' id='word_1_215' title='bbox 1225 1549 1497 1599; x_wconf 80' lang='lat' dir='ltr'>significabilis,</span> <span class='ocrx_word' id='word_1_216' title='bbox 1525 1562 1618 1599; x_wconf 88' lang='lat' dir='ltr'>quae</span> <span class='ocrx_word' id='word_1_217' title='bbox 1647 1548 1697 1584; x_wconf 90' lang='lat' dir='ltr'>si-</span> 
     </span>
     <span class='ocr_line' id='line_1_24' title="bbox 173 1615 1698 1678; baseline -0.01 -12"><span class='ocrx_word' id='word_1_218' title='bbox 173 1641 288 1678; x_wconf 87' lang='lat' dir='ltr'>gnum</span> <span class='ocrx_word' id='word_1_219' title='bbox 326 1626 451 1664; x_wconf 89' lang='lat' dir='ltr'>vocari</span> <span class='ocrx_word' id='word_1_220' title='bbox 487 1638 563 1662; x_wconf 90' lang='lat' dir='ltr'>non</span> <span class='ocrx_word' id='word_1_221' title='bbox 591 1627 727 1674; x_wconf 87' lang='lat' dir='ltr'>potest.</span> <span class='ocrx_word' id='word_1_222' title='bbox 780 1618 1004 1658; x_wconf 83' lang='lat' dir='ltr'>Donationis</span> <span class='ocrx_word' id='word_1_223' title='bbox 1034 1617 1143 1655; x_wconf 91' lang='lat' dir='ltr'>huius</span> <span class='ocrx_word' id='word_1_224' title='bbox 1181 1616 1329 1665; x_wconf 86' lang='lat' dir='ltr'>signum</span> <span class='ocrx_word' id='word_1_225' title='bbox 1358 1615 1613 1652; x_wconf 83' lang='lat' dir='ltr'>immediatum</span> <span class='ocrx_word' id='word_1_226' title='bbox 1641 1618 1698 1651; x_wconf 88' lang='lat' dir='ltr'>est</span> 
     </span>
     <span class='ocr_line' id='line_1_25' title="bbox 173 1679 1701 1744; baseline -0.01 -14"><span class='ocrx_word' id='word_1_227' title='bbox 173 1692 321 1744; x_wconf 86' lang='lat' dir='ltr'>publica</span> <span class='ocrx_word' id='word_1_228' title='bbox 359 1689 571 1742; x_wconf 85' lang='lat' dir='ltr'>diplomatis</span> <span class='ocrx_word' id='word_1_229' title='bbox 607 1702 626 1725; x_wconf 84' lang='lat' dir='ltr'>a</span> <span class='ocrx_word' id='word_1_230' title='bbox 664 1686 885 1735; x_wconf 81' lang='lat' dir='ltr'>magistratu</span> <span class='ocrx_word' id='word_1_231' title='bbox 921 1682 1097 1728; x_wconf 84' lang='lat' dir='ltr'>traditi03</span> <span class='ocrx_word' id='word_1_232' title='bbox 1136 1694 1221 1719; x_wconf 85' lang='lat' dir='ltr'>nam</span> <span class='ocrx_word' id='word_1_233' title='bbox 1256 1680 1395 1718; x_wconf 88' lang='lat' dir='ltr'>tradito</span> <span class='ocrx_word' id='word_1_234' title='bbox 1431 1693 1451 1717; x_wconf 85' lang='lat' dir='ltr'>a</span> <span class='ocrx_word' id='word_1_235' title='bbox 1478 1679 1701 1727; x_wconf 85' lang='lat' dir='ltr'>magistratu</span> 
     </span>
     <span class='ocr_line' id='line_1_26' title="bbox 175 1742 1703 1805; baseline -0.01 -11"><span class='ocrx_word' id='word_1_236' title='bbox 175 1756 391 1794; x_wconf 86' lang='lat' dir='ltr'>donationis</span> <span class='ocrx_word' id='word_1_237' title='bbox 435 1754 651 1805; x_wconf 88' lang='lat' dir='ltr'>diplomate,</span> <span class='ocrx_word' id='word_1_238' title='bbox 692 1751 772 1801; x_wconf 88' lang='lat' dir='ltr'>ipse</span> <span class='ocrx_word' id='word_1_239' title='bbox 808 1750 915 1786; x_wconf 86' lang='lat' dir='ltr'>etiam</span> <span class='ocrx_word' id='word_1_240' title='bbox 953 1747 1092 1784; x_wconf 86' lang='lat' dir='ltr'>fundus</span> <span class='ocrx_word' id='word_1_241' title='bbox 1129 1744 1407 1796; x_wconf 85' lang='lat' dir='ltr'>quodammodo</span> <span class='ocrx_word' id='word_1_242' title='bbox 1452 1743 1568 1781; x_wconf 90' lang='lat' dir='ltr'>veluti</span> <span class='ocrx_word' id='word_1_243' title='bbox 1603 1742 1703 1780; x_wconf 84' lang='lat' dir='ltr'>tradi</span> 
     </span>
     <span class='ocr_line' id='line_1_27' title="bbox 178 1798 1703 1868; baseline -0.009 -11"><span class='ocrx_word' id='word_1_244' title='bbox 178 1824 360 1859; x_wconf 86' lang='lat' dir='ltr'>censetur.</span> <span class='ocrx_word' id='word_1_245' title='bbox 412 1819 504 1856; x_wconf 85' lang='lat' dir='ltr'>Eius</span> <span class='ocrx_word' id='word_1_246' title='bbox 538 1829 649 1868; x_wconf 90' lang='lat' dir='ltr'>porro</span> <span class='ocrx_word' id='word_1_247' title='bbox 689 1814 800 1863; x_wconf 82' lang='lat' dir='ltr'>signi,</span> <span class='ocrx_word' id='word_1_248' title='bbox 835 1812 1009 1864; x_wconf 88' lang='lat' dir='ltr'>publicae</span> <span class='ocrx_word' id='word_1_249' title='bbox 1043 1811 1197 1861; x_wconf 85' lang='lat' dir='ltr'>inquam</span> <span class='ocrx_word' id='word_1_250' title='bbox 1229 1798 1443 1859; x_wconf 85' lang='lat' dir='ltr'>diplomatis</span> <span class='ocrx_word' id='word_1_251' title='bbox 1471 1807 1703 1849; x_wconf 84' lang='lat' dir='ltr'>traditionis,</span> 
     </span>
     <span class='ocr_line' id='line_1_28' title="bbox 177 1871 1702 1936; baseline -0.011 -13"><span class='ocrx_word' id='word_1_252' title='bbox 177 1885 339 1936; x_wconf 87' lang='lat' dir='ltr'>diploma</span> <span class='ocrx_word' id='word_1_253' title='bbox 374 1883 497 1934; x_wconf 89' lang='lat' dir='ltr'>ipsum</span> <span class='ocrx_word' id='word_1_254' title='bbox 540 1881 779 1918; x_wconf 84' lang='lat' dir='ltr'>adservatum</span> <span class='ocrx_word' id='word_1_255' title='bbox 812 1890 940 1915; x_wconf 84' lang='lat' dir='ltr'>rursus</span> <span class='ocrx_word' id='word_1_256' title='bbox 978 1875 1128 1924; x_wconf 85' lang='lat' dir='ltr'>signum</span> <span class='ocrx_word' id='word_1_257' title='bbox 1164 1879 1231 1912; x_wconf 87' lang='lat' dir='ltr'>est.</span> <span class='ocrx_word' id='word_1_258' title='bbox 1288 1872 1337 1910; x_wconf 86' lang='lat' dir='ltr'>Et</span> <span class='ocrx_word' id='word_1_259' title='bbox 1376 1878 1501 1909; x_wconf 84' lang='lat' dir='ltr'>tamen</span> <span class='ocrx_word' id='word_1_260' title='bbox 1538 1871 1702 1921; x_wconf 87' lang='lat' dir='ltr'>diploma</span> 
     </span>
     <span class='ocr_line' id='line_1_29' title="bbox 177 1935 1703 2001; baseline -0.011 -14"><span class='ocrx_word' id='word_1_261' title='bbox 177 1951 296 2001; x_wconf 88' lang='lat' dir='ltr'>ipsum</span> <span class='ocrx_word' id='word_1_262' title='bbox 333 1947 481 1985; x_wconf 88' lang='lat' dir='ltr'>interim</span> <span class='ocrx_word' id='word_1_263' title='bbox 514 1945 630 1996; x_wconf 89' lang='lat' dir='ltr'>ipsius</span> <span class='ocrx_word' id='word_1_264' title='bbox 658 1956 807 1994; x_wconf 87' lang='lat' dir='ltr'>quoque</span> <span class='ocrx_word' id='word_1_265' title='bbox 834 1941 943 1979; x_wconf 88' lang='lat' dir='ltr'>fundi</span> <span class='ocrx_word' id='word_1_266' title='bbox 970 1939 1100 1977; x_wconf 83' lang='lat' dir='ltr'>donati</span> <span class='ocrx_word' id='word_1_267' title='bbox 1128 1939 1275 1987; x_wconf 87' lang='lat' dir='ltr'>signum</span> <span class='ocrx_word' id='word_1_268' title='bbox 1306 1940 1471 1981; x_wconf 87' lang='lat' dir='ltr'>vocatur,</span> <span class='ocrx_word' id='word_1_269' title='bbox 1501 1948 1583 1972; x_wconf 90' lang='lat' dir='ltr'>cum</span> <span class='ocrx_word' id='word_1_270' title='bbox 1611 1935 1703 1972; x_wconf 84' lang='lat' dir='ltr'>alio-</span> 
     </span>
     <span class='ocr_line' id='line_1_30' title="bbox 178 1998 1705 2064; baseline -0.011 -13"><span class='ocrx_word' id='word_1_271' title='bbox 178 2013 243 2064; x_wconf 89' lang='lat' dir='ltr'>qui</span> <span class='ocrx_word' id='word_1_272' title='bbox 277 2025 316 2050; x_wconf 86' lang='lat' dir='ltr'>re</span> <span class='ocrx_word' id='word_1_273' title='bbox 345 2024 429 2048; x_wconf 86' lang='lat' dir='ltr'>vera</span> <span class='ocrx_word' id='word_1_274' title='bbox 455 2023 498 2047; x_wconf 91' lang='lat' dir='ltr'>ac</span> <span class='ocrx_word' id='word_1_275' title='bbox 524 2008 673 2060; x_wconf 87' lang='lat' dir='ltr'>proprie</span> <span class='ocrx_word' id='word_1_276' title='bbox 700 2006 862 2057; x_wconf 89' lang='lat' dir='ltr'>diploma</span> <span class='ocrx_word' id='word_1_277' title='bbox 891 2004 1139 2045; x_wconf 81' lang='lat' dir='ltr'>adservatum,</span> <span class='ocrx_word' id='word_1_278' title='bbox 1166 2015 1243 2039; x_wconf 87' lang='lat' dir='ltr'>non</span> <span class='ocrx_word' id='word_1_279' title='bbox 1270 2006 1345 2038; x_wconf 89' lang='lat' dir='ltr'>tam</span> <span class='ocrx_word' id='word_1_280' title='bbox 1375 2013 1463 2037; x_wconf 91' lang='lat' dir='ltr'>sane</span> <span class='ocrx_word' id='word_1_281' title='bbox 1490 1998 1705 2036; x_wconf 88' lang='lat' dir='ltr'>donationis</span> 
     </span>
     <span class='ocr_line' id='line_1_31' title="bbox 179 2064 1703 2129; baseline -0.011 -13"><span class='ocrx_word' id='word_1_282' title='bbox 179 2078 295 2129; x_wconf 88' lang='lat' dir='ltr'>ipsius</span> <span class='ocrx_word' id='word_1_283' title='bbox 323 2077 393 2125; x_wconf 86' lang='lat' dir='ltr'>(rei</span> <span class='ocrx_word' id='word_1_284' title='bbox 423 2074 592 2112; x_wconf 87' lang='lat' dir='ltr'>videlicet</span> <span class='ocrx_word' id='word_1_285' title='bbox 620 2070 909 2120; x_wconf 81' lang='lat' dir='ltr'>significabilis),</span> <span class='ocrx_word' id='word_1_286' title='bbox 938 2082 1049 2119; x_wconf 88' lang='lat' dir='ltr'>quam</span> <span class='ocrx_word' id='word_1_287' title='bbox 1079 2067 1178 2116; x_wconf 83' lang='lat' dir='ltr'>signi</span> <span class='ocrx_word' id='word_1_288' title='bbox 1205 2064 1535 2117; x_wconf 89' lang='lat' dir='ltr'>potius,publicae</span> <span class='ocrx_word' id='word_1_289' title='bbox 1550 2064 1703 2114; x_wconf 87' lang='lat' dir='ltr'>inquam</span> 
     </span>
     <span class='ocr_line' id='line_1_32' title="bbox 181 2128 1704 2194; baseline -0.011 -14"><span class='ocrx_word' id='word_1_290' title='bbox 181 2141 392 2194; x_wconf 87' lang='lat' dir='ltr'>diplomatis</span> <span class='ocrx_word' id='word_1_291' title='bbox 421 2138 646 2178; x_wconf 83' lang='lat' dir='ltr'>traditionis,</span> <span class='ocrx_word' id='word_1_292' title='bbox 675 2137 822 2185; x_wconf 88' lang='lat' dir='ltr'>signum</span> <span class='ocrx_word' id='word_1_293' title='bbox 851 2140 917 2173; x_wconf 88' lang='lat' dir='ltr'>est.</span> <span class='ocrx_word' id='word_1_294' title='bbox 947 2134 1046 2171; x_wconf 89' lang='lat' dir='ltr'>Nam</span> <span class='ocrx_word' id='word_1_295' title='bbox 1076 2133 1106 2170; x_wconf 92' lang='lat' dir='ltr'>si</span> <span class='ocrx_word' id='word_1_296' title='bbox 1135 2136 1281 2169; x_wconf 83' lang='lat' dir='ltr'>constet</span> <span class='ocrx_word' id='word_1_297' title='bbox 1309 2131 1408 2167; x_wconf 82' lang='lat' dir='ltr'>furto</span> <span class='ocrx_word' id='word_1_298' title='bbox 1438 2133 1500 2165; x_wconf 78' lang='lat' dir='ltr'>aut</span> <span class='ocrx_word' id='word_1_299' title='bbox 1528 2128 1614 2165; x_wconf 90' lang='lat' dir='ltr'>dolo</span> <span class='ocrx_word' id='word_1_300' title='bbox 1635 2129 1704 2166; x_wconf 88' lang='lat' dir='ltr'>ali-</span> 
     </span>
     <span class='ocr_line' id='line_1_33' title="bbox 180 2193 1703 2258; baseline -0.011 -13"><span class='ocrx_word' id='word_1_301' title='bbox 180 2221 252 2258; x_wconf 89' lang='lat' dir='ltr'>quo</span> <span class='ocrx_word' id='word_1_302' title='bbox 287 2206 397 2244; x_wconf 88' lang='lat' dir='ltr'>modo</span> <span class='ocrx_word' id='word_1_303' title='bbox 436 2204 599 2255; x_wconf 86' lang='lat' dir='ltr'>diploma</span> <span class='ocrx_word' id='word_1_304' title='bbox 635 2202 681 2239; x_wconf 88' lang='lat' dir='ltr'>ad</span> <span class='ocrx_word' id='word_1_305' title='bbox 717 2201 878 2251; x_wconf 88' lang='lat' dir='ltr'>aliquem</span> <span class='ocrx_word' id='word_1_306' title='bbox 913 2198 1146 2250; x_wconf 87' lang='lat' dir='ltr'>pervenisse:</span> <span class='ocrx_word' id='word_1_307' title='bbox 1185 2209 1260 2233; x_wconf 91' lang='lat' dir='ltr'>non</span> <span class='ocrx_word' id='word_1_308' title='bbox 1287 2199 1411 2232; x_wconf 77' lang='lat' dir='ltr'>autem</span> <span class='ocrx_word' id='word_1_309' title='bbox 1438 2193 1601 2241; x_wconf 84' lang='lat' dir='ltr'>legitime</span> <span class='ocrx_word' id='word_1_310' title='bbox 1628 2197 1703 2231; x_wconf 85' lang='lat' dir='ltr'>tra-</span> 
     </span>
     <span class='ocr_line' id='line_1_34' title="bbox 181 2258 1705 2315; baseline -0.01 -5"><span class='ocrx_word' id='word_1_311' title='bbox 181 2273 302 2310; x_wconf 84' lang='lat' dir='ltr'>ditum</span> <span class='ocrx_word' id='word_1_312' title='bbox 328 2284 419 2314; x_wconf 89' lang='lat' dir='ltr'>esse,</span> <span class='ocrx_word' id='word_1_313' title='bbox 447 2269 586 2307; x_wconf 87' lang='lat' dir='ltr'>nullam</span> <span class='ocrx_word' id='word_1_314' title='bbox 617 2280 705 2304; x_wconf 86' lang='lat' dir='ltr'>sane</span> <span class='ocrx_word' id='word_1_315' title='bbox 730 2265 859 2303; x_wconf 86' lang='lat' dir='ltr'>traditi</span> <span class='ocrx_word' id='word_1_316' title='bbox 884 2263 1033 2315; x_wconf 89' lang='lat' dir='ltr'>publice</span> <span class='ocrx_word' id='word_1_317' title='bbox 1062 2260 1286 2312; x_wconf 87' lang='lat' dir='ltr'>diplomatis,</span> <span class='ocrx_word' id='word_1_318' title='bbox 1307 2260 1425 2296; x_wconf 89' lang='lat' dir='ltr'>multo</span> <span class='ocrx_word' id='word_1_319' title='bbox 1444 2258 1567 2295; x_wconf 86' lang='lat' dir='ltr'>minus</span> <span class='ocrx_word' id='word_1_320' title='bbox 1585 2263 1705 2295; x_wconf 88' lang='lat' dir='ltr'>autem</span> 
     </span>
     <span class='ocr_line' id='line_1_35' title="bbox 182 2322 1706 2382; baseline -0.011 -8"><span class='ocrx_word' id='word_1_321' title='bbox 182 2336 291 2374; x_wconf 84' lang='lat' dir='ltr'>fundi</span> <span class='ocrx_word' id='word_1_322' title='bbox 336 2333 476 2378; x_wconf 88' lang='lat' dir='ltr'>donati,</span> <span class='ocrx_word' id='word_1_323' title='bbox 519 2331 618 2382; x_wconf 87' lang='lat' dir='ltr'>apud</span> <span class='ocrx_word' id='word_1_324' title='bbox 655 2330 763 2367; x_wconf 87' lang='lat' dir='ltr'>talem</span> <span class='ocrx_word' id='word_1_325' title='bbox 798 2340 1049 2380; x_wconf 88' lang='lat' dir='ltr'>possessorem</span> <span class='ocrx_word' id='word_1_326' title='bbox 1085 2323 1395 2374; x_wconf 83' lang='lat' dir='ltr'>significationem</span> <span class='ocrx_word' id='word_1_327' title='bbox 1432 2322 1597 2367; x_wconf 86' lang='lat' dir='ltr'>habebit,</span> <span class='ocrx_word' id='word_1_328' title='bbox 1631 2322 1706 2359; x_wconf 86' lang='lat' dir='ltr'>imo</span> 
     </span>
     <span class='ocr_line' id='line_1_36' title="bbox 183 2387 1707 2439; baseline -0.011 0"><span class='ocrx_word' id='word_1_329' title='bbox 183 2415 268 2439; x_wconf 91' lang='lat' dir='ltr'>vero</span> <span class='ocrx_word' id='word_1_330' title='bbox 304 2400 480 2437; x_wconf 84' lang='lat' dir='ltr'>damnum</span> <span class='ocrx_word' id='word_1_331' title='bbox 516 2397 571 2434; x_wconf 93' lang='lat' dir='ltr'>illi</span> <span class='ocrx_word' id='word_1_332' title='bbox 600 2394 716 2438; x_wconf 81' lang='lat' dir='ltr'>dabit,</span> <span class='ocrx_word' id='word_1_333' title='bbox 743 2393 878 2431; x_wconf 89' lang='lat' dir='ltr'>nedum</span> <span class='ocrx_word' id='word_1_334' title='bbox 907 2397 949 2430; x_wconf 89' lang='lat' dir='ltr'>ut</span> <span class='ocrx_word' id='word_1_335' title='bbox 975 2392 1033 2428; x_wconf 89' lang='lat' dir='ltr'>ius</span> <span class='ocrx_word' id='word_1_336' title='bbox 1062 2391 1176 2427; x_wconf 89' lang='lat' dir='ltr'>ullum</span> <span class='ocrx_word' id='word_1_337' title='bbox 1204 2388 1241 2426; x_wconf 86' lang='lat' dir='ltr'>ei</span> <span class='ocrx_word' id='word_1_338' title='bbox 1269 2387 1438 2436; x_wconf 79' lang='lat' dir='ltr'>designet</span> <span class='ocrx_word' id='word_1_339' title='bbox 1466 2390 1529 2423; x_wconf 85' lang='lat' dir='ltr'>aut</span> <span class='ocrx_word' id='word_1_340' title='bbox 1557 2390 1707 2424; x_wconf 90' lang='lat' dir='ltr'>atteste-</span> 
     </span>
     <span class='ocr_line' id='line_1_37' title="bbox 183 2459 766 2515; baseline -0.014 -12"><span class='ocrx_word' id='word_1_341' title='bbox 183 2471 242 2503; x_wconf 85' lang='lat' dir='ltr'>tur</span> <span class='ocrx_word' id='word_1_342' title='bbox 270 2463 451 2515; x_wconf 88' lang='lat' dir='ltr'>quo·(fol.</span> <span class='ocrx_word' id='word_1_343' title='bbox 480 2459 766 2510; x_wconf 67' lang='lat' dir='ltr'>25³²)quom0do.</span> 
     </span>
    </p>

    <p class='ocr_par' dir='ltr' id='par_1_5' title="bbox 183 2513 1710 2899">
     <span class='ocr_line' id='line_1_38' title="bbox 235 2513 1707 2572; baseline -0.012 -5"><span class='ocrx_word' id='word_1_344' title='bbox 235 2529 295 2567; x_wconf 90' lang='lat' dir='ltr'>Ad</span> <span class='ocrx_word' id='word_1_345' title='bbox 331 2527 488 2566; x_wconf 90' lang='lat' dir='ltr'>eundem</span> <span class='ocrx_word' id='word_1_346' title='bbox 517 2524 668 2562; x_wconf 85' lang='lat' dir='ltr'>modum</span> <span class='ocrx_word' id='word_1_347' title='bbox 695 2522 810 2572; x_wconf 83' lang='lat' dir='ltr'>igitur</span> <span class='ocrx_word' id='word_1_348' title='bbox 838 2525 874 2558; x_wconf 90' lang='lat' dir='ltr'>et</span> <span class='ocrx_word' id='word_1_349' title='bbox 901 2520 940 2557; x_wconf 88' lang='lat' dir='ltr'>in</span> <span class='ocrx_word' id='word_1_350' title='bbox 968 2532 1006 2556; x_wconf 91' lang='lat' dir='ltr'>re</span> <span class='ocrx_word' id='word_1_351' title='bbox 1035 2516 1330 2555; x_wconf 82' lang='lat' dir='ltr'>Sacramentaria</span> <span class='ocrx_word' id='word_1_352' title='bbox 1360 2528 1417 2552; x_wconf 90' lang='lat' dir='ltr'>res</span> <span class='ocrx_word' id='word_1_353' title='bbox 1446 2513 1707 2563; x_wconf 81' lang='lat' dir='ltr'>significabilis</span> 
     </span>
     <span class='ocr_line' id='line_1_39' title="bbox 184 2580 1708 2643; baseline -0.012 -10"><span class='ocrx_word' id='word_1_354' title='bbox 184 2607 249 2633; x_wconf 86' lang='lat' dir='ltr'>seu</span> <span class='ocrx_word' id='word_1_355' title='bbox 292 2591 508 2643; x_wconf 85' lang='lat' dir='ltr'>mysterium</span> <span class='ocrx_word' id='word_1_356' title='bbox 553 2590 687 2640; x_wconf 80' lang='lat' dir='ltr'>ipsum,</span> <span class='ocrx_word' id='word_1_357' title='bbox 732 2586 832 2637; x_wconf 89' lang='lat' dir='ltr'>quod</span> <span class='ocrx_word' id='word_1_358' title='bbox 870 2584 987 2633; x_wconf 82' lang='lat' dir='ltr'>signis</span> <span class='ocrx_word' id='word_1_359' title='bbox 1033 2589 1350 2620; x_wconf 84' lang='lat' dir='ltr'>sacramentorum</span> <span class='ocrx_word' id='word_1_360' title='bbox 1387 2580 1617 2628; x_wconf 76' lang='lat' dir='ltr'>designatur,</span> <span class='ocrx_word' id='word_1_361' title='bbox 1652 2583 1708 2615; x_wconf 86' lang='lat' dir='ltr'>est</span> 
     </span>
     <span class='ocr_line' id='line_1_40' title="bbox 186 2642 1710 2696; baseline -0.012 0"><span class='ocrx_word' id='word_1_362' title='bbox 186 2659 323 2696; x_wconf 87' lang='lat' dir='ltr'>donata</span> <span class='ocrx_word' id='word_1_363' title='bbox 351 2656 461 2694; x_wconf 82' lang='lat' dir='ltr'>nobis</span> <span class='ocrx_word' id='word_1_364' title='bbox 491 2667 572 2691; x_wconf 86' lang='lat' dir='ltr'>cum</span> <span class='ocrx_word' id='word_1_365' title='bbox 602 2652 752 2690; x_wconf 83' lang='lat' dir='ltr'>Christo</span> <span class='ocrx_word' id='word_1_366' title='bbox 781 2649 944 2687; x_wconf 88' lang='lat' dir='ltr'>Domino</span> <span class='ocrx_word' id='word_1_367' title='bbox 974 2646 1187 2684; x_wconf 89' lang='lat' dir='ltr'>commuuio</span> <span class='ocrx_word' id='word_1_368' title='bbox 1215 2646 1252 2682; x_wconf 88' lang='lat' dir='ltr'>iu</span> <span class='ocrx_word' id='word_1_369' title='bbox 1284 2658 1438 2695; x_wconf 87' lang='lat' dir='ltr'>corpore</span> <span class='ocrx_word' id='word_1_370' title='bbox 1466 2649 1500 2680; x_wconf 89' lang='lat' dir='ltr'>et</span> <span class='ocrx_word' id='word_1_371' title='bbox 1529 2642 1710 2692; x_wconf 82' lang='lat' dir='ltr'>sanguiue</span> 
     </span>
     <span class='ocr_line' id='line_1_41' title="bbox 183 2707 1704 2773; baseline -0.012 -13"><span class='ocrx_word' id='word_1_372' title='bbox 183 2722 311 2773; x_wconf 86' lang='lat' dir='ltr'>ipsius,</span> <span class='ocrx_word' id='word_1_373' title='bbox 347 2717 659 2771; x_wconf 84' lang='lat' dir='ltr'>quemadmodum</span> <span class='ocrx_word' id='word_1_374' title='bbox 688 2727 752 2752; x_wconf 91' lang='lat' dir='ltr'>suo</span> <span class='ocrx_word' id='word_1_375' title='bbox 780 2715 863 2751; x_wconf 89' lang='lat' dir='ltr'>loco</span> <span class='ocrx_word' id='word_1_376' title='bbox 893 2712 1048 2749; x_wconf 86' lang='lat' dir='ltr'>dicetur.</span> <span class='ocrx_word' id='word_1_377' title='bbox 1105 2711 1262 2759; x_wconf 86' lang='lat' dir='ltr'>Signum</span> <span class='ocrx_word' id='word_1_378' title='bbox 1291 2709 1400 2746; x_wconf 86' lang='lat' dir='ltr'>huius</span> <span class='ocrx_word' id='word_1_379' title='bbox 1429 2707 1704 2745; x_wconf 87' lang='lat' dir='ltr'>communionis</span> 
     </span>
     <span class='ocr_line' id='line_1_42' title="bbox 186 2770 1705 2836; baseline -0.011 -12"><span class='ocrx_word' id='word_1_380' title='bbox 186 2791 240 2823; x_wconf 82' lang='lat' dir='ltr'>est</span> <span class='ocrx_word' id='word_1_381' title='bbox 276 2786 353 2836; x_wconf 88' lang='lat' dir='ltr'>ipsa</span> <span class='ocrx_word' id='word_1_382' title='bbox 384 2785 708 2820; x_wconf 84' lang='lat' dir='ltr'>Sacramentorum</span> <span class='ocrx_word' id='word_1_383' title='bbox 736 2776 923 2815; x_wconf 86' lang='lat' dir='ltr'>institutio</span> <span class='ocrx_word' id='word_1_384' title='bbox 953 2788 995 2812; x_wconf 86' lang='lat' dir='ltr'>ac</span> <span class='ocrx_word' id='word_1_385' title='bbox 1022 2775 1153 2818; x_wconf 86' lang='lat' dir='ltr'>forma,</span> <span class='ocrx_word' id='word_1_386' title='bbox 1182 2779 1221 2811; x_wconf 90' lang='lat' dir='ltr'>ut</span> <span class='ocrx_word' id='word_1_387' title='bbox 1250 2773 1362 2811; x_wconf 83' lang='lat' dir='ltr'>verbo</span> <span class='ocrx_word' id='word_1_388' title='bbox 1391 2770 1582 2809; x_wconf 83' lang='lat' dir='ltr'>Ambrosii</span> <span class='ocrx_word' id='word_1_389' title='bbox 1610 2775 1705 2808; x_wconf 82' lang='lat' dir='ltr'>utar.</span> 
     </span>
     <span class='ocr_line' id='line_1_43' title="bbox 186 2835 1703 2899; baseline -0.01 -11"><span class='ocrx_word' id='word_1_390' title='bbox 186 2850 294 2899; x_wconf 80' lang='lat' dir='ltr'>Signi</span> <span class='ocrx_word' id='word_1_391' title='bbox 328 2862 411 2889; x_wconf 89' lang='lat' dir='ltr'>vero</span> <span class='ocrx_word' id='word_1_392' title='bbox 441 2847 549 2889; x_wconf 87' lang='lat' dir='ltr'>huius</span> <span class='ocrx_word' id='word_1_393' title='bbox 577 2857 722 2885; x_wconf 84' lang='lat' dir='ltr'>rursum</span> <span class='ocrx_word' id='word_1_394' title='bbox 750 2842 857 2893; x_wconf 84' lang='lat' dir='ltr'>sigua</span> <span class='ocrx_word' id='word_1_395' title='bbox 885 2844 972 2881; x_wconf 87' lang='lat' dir='ltr'>sunt</span> <span class='ocrx_word' id='word_1_396' title='bbox 999 2853 1056 2879; x_wconf 85' lang='lat' dir='ltr'>res</span> <span class='ocrx_word' id='word_1_397' title='bbox 1084 2840 1195 2891; x_wconf 84' lang='lat' dir='ltr'>ipsae,</span> <span class='ocrx_word' id='word_1_398' title='bbox 1229 2851 1322 2889; x_wconf 87' lang='lat' dir='ltr'>quae</span> <span class='ocrx_word' id='word_1_399' title='bbox 1348 2835 1567 2875; x_wconf 84' lang='lat' dir='ltr'>Dominicae</span> <span class='ocrx_word' id='word_1_400' title='bbox 1593 2835 1703 2875; x_wconf 82' lang='lat' dir='ltr'>insti-</span> 
     </span>
    </p>
   </div>
  </div>
 </body>
</html>
