1818 3178
768 118 829 145 ΕΡ.
860 117 1002 146 oocTR.
1576 111 1649 147 489

126 221 276 259 decreto
303 220 373 258 Dei
402 219 551 257 divinae
578 219 745 258 iustitiae
773 219 891 258 fuerat
920 219 1183 259 constitutum.
1222 219 1474 258 offenduntur
1502 219 1541 257 hi
1568 220 1652 271 qui·

124 285 208 323 dem
244 285 461 323 infirmitate
490 284 612 322 carnis
641 288 793 322 nostrae
820 297 931 335 quam
960 284 1102 335 nephas
1128 289 1264 335 putant
1293 284 1446 323 Christo
1474 284 1654 331 tribuere,

124 362 233 400 quem
261 352 383 386 totum
412 347 610 385 coelestem
638 361 717 386 esse
745 348 890 385 volunt.
920 349 970 385 At
998 360 1072 398 quo
1099 351 1210 398 pacto
1238 347 1337 398 quod
1369 347 1529 386 coeleste
1557 351 1614 385 est
1631 360 1653 384 a

124 413 205 451 Deo
243 412 516 463 derelinquitur
552 416 588 449 et
624 411 695 449 sub
722 411 966 449 maledictum
993 411 1294 450 condemnatur?
1322 425 1396 463 quo
1425 416 1534 463 pacto
1562 411 1652 450 item

124 477 216 515 haec
252 477 405 515 Christo
440 476 622 523 tribuant,
657 477 721 527 qui
758 476 814 514 illi
849 475 1107 514 infirmitatem
1143 475 1315 514 adimunt
1351 480 1414 515 aut
1442 490 1516 528 quo
1543 480 1654 529 pacto

125 541 297 579 adimunt
330 541 590 580 infirmitatem
619 541 650 579 si
678 541 770 578 haec
797 540 995 579 tribuant?
1048 541 1109 579 Ita
1137 541 1289 591 quidem
1318 540 1462 579 iudicat
1490 541 1654 579 humana

123 605 233 651 rati0,
261 604 321 643 cui
349 617 442 643 crux
471 605 612 643 Christi
640 605 742 643 aliud
771 604 869 643 nihil
895 618 974 643 esse
1000 608 1137 655 potest,
1163 618 1274 655 quam
1303 605 1463 643 stultitia
1489 609 1526 644 et
1545 618 1654 644 scan-

125 669 264 707 dalum.
292 670 344 707 At
371 682 458 707 vero
488 669 622 707 beatos
648 668 876 720 pronunciat
904 668 1091 706 Dominus
1118 667 1198 719 ipse
1225 681 1305 715 eos,
1329 669 1392 720 qui
1420 669 1459 707 in
1487 683 1525 707 se
1540 682 1654 720 prop·

122 738 180 772 ter
216 747 297 771 eam
336 733 455 771 crucis
490 733 753 782 ignonimiam,
788 737 917 771 nostra
945 735 1119 784 suscepta
1148 745 1270 777 causa,
1299 745 1378 771 non
1406 733 1657 779 offendantur,

122 811 188 850 per
215 811 327 849 quam
354 798 501 849 impleri
529 798 741 849 oportuisse
768 798 885 849 patris
914 797 974 836 sui
1000 797 1184 836 iustitiam
1212 801 1385 837 testatur.
1416 798 1550 849 Neque
1567 811 1655 836 vero

123 861 310 913 disparem
337 875 419 900 esse
447 866 642 913 utramque
671 862 767 900 hanc
795 861 862 899 Dei
891 861 1074 899 iustitiam
1103 861 1318 899 existimare
1346 861 1538 901 debemus.
1566 862 1656 900 Una

123 931 235 978 atque
254 926 380 965 eadem
401 930 457 964 est
477 930 644 977 utraque,
665 930 824 977 utraque
841 926 1104 970 immutabilis,
1121 930 1281 978 utraque
1296 930 1458 972 aeterna,
1477 927 1655 965 nimirum

123 991 172 1029 ab
198 1005 274 1029 una
302 995 452 1030 aeterna
472 996 508 1030 et
528 991 755 1029 immutabili
774 991 969 1030 voluntate
986 992 1168 1043 profecta.
1199 992 1273 1030 Sed
1292 992 1441 1031 videtur
1462 1006 1539 1031 non
1559 993 1655 1031 nihil

123 1056 238 1103 varia,
256 1061 408 1108 propter
426 1057 557 1095 finium
578 1057 793 1095 varietatem
805 1057 1144 1108 quandam,nostra
1154 1057 1322 1109 ipsorum
1335 1058 1442 1109 culpa
1452 1058 1654 1098 invectam.

175 1122 342 1159 Primum
379 1122 480 1160 enim
512 1121 692 1173 poscebat
728 1121 800 1159 hoc
837 1121 907 1159 Dei
941 1121 1078 1171 gloria,
1112 1125 1153 1159 ut
1193 1122 1378 1173 quidquid
1414 1137 1572 1174 usquam
1615 1124 1655 1162 in

125 1186 229 1224 coelo
257 1186 396 1238 pariter
423 1200 468 1224 ae
496 1186 535 1224 in
564 1190 662 1224 terra
693 1186 886 1224 conditum
915 1186 1070 1224 omnino
1098 1191 1208 1233 esset,
1234 1186 1272 1224 id
1300 1190 1423 1225 totum
1451 1188 1509 1226 illi
1535 1188 1658 1239 potis-

125 1250 259 1289 simum
298 1251 540 1289 subserviret.
596 1251 745 1289 Iustum
784 1254 865 1289 erat
892 1251 1009 1300 igitur
1035 1254 1078 1289 ut
1105 1254 1141 1289 et
1170 1251 1282 1290 homo
1313 1252 1472 1291 salutem
1501 1266 1544 1290 ac
1571 1253 1657 1291 feli·

124 1316 275 1353 citatem
303 1328 408 1353 suam
435 1328 584 1353 omnem
611 1317 714 1363 (cum
743 1328 785 1353 ea
812 1315 860 1353 ad
887 1314 957 1353 Dei
985 1315 1146 1365 gloriam
1175 1316 1379 1368 pertineat)
1409 1329 1486 1354 non
1505 1317 1657 1356 aliunde

122 1379 360 1430 intelligeret,
388 1393 499 1431 quam
536 1394 556 1417 a
587 1379 666 1417 Deo
695 1380 788 1426 solo,
816 1384 852 1418 et
879 1380 1010 1431 quaeri
1036 1384 1074 1418 et
1101 1381 1310 1432 exspectari
1337 1385 1520 1432 oportere.
1574 1381 1657 1420 Iam

123 1444 203 1483 fieri
229 1443 266 1481 id
304 1457 378 1481 non
414 1448 576 1496 poterat,
611 1444 685 1482 nisi
711 1445 810 1482 malo
841 1458 879 1482 se
907 1445 1032 1491 alicui,
1059 1458 1135 1483 non
1165 1445 1317 1496 quidem
1345 1446 1556 1485 subiectum
1583 1448 1659 1496 (est

123 1510 222 1549 enim
248 1523 384 1562 purum
412 1523 455 1547 ac
482 1514 654 1562 sanctum
682 1509 868 1562 quidquid
895 1510 996 1548 Deus
1018 1510 1206 1559 condidit)
1225 1511 1289 1549 sed
1304 1516 1430 1550 tamen
1447 1512 1656 1551 obnoxium

123 1588 202 1613 esse
230 1575 419 1613 sensisset.
449 1574 527 1613 Qui
555 1575 637 1612 fieri
662 1578 790 1626 posset
818 1574 919 1613 enim
947 1579 987 1613 ut
1014 1575 1166 1614 aliunde
1193 1575 1371 1615 nimirum
1399 1591 1420 1614 a
1449 1576 1528 1615 Deo
1557 1578 1658 1616 salu-

119 1644 195 1678 tem
222 1643 392 1678 nostram
419 1639 581 1690 pendere
609 1639 858 1686 crederemus,
886 1639 917 1677 si
946 1639 1057 1678 nobis
1085 1640 1132 1678 ad
1160 1640 1265 1678 illam
1293 1640 1389 1678 nihil
1417 1654 1570 1692 prorsus
1592 1641 1657 1680 de-

123 1719 204 1745 esse
230 1704 456 1743 videremus.
508 1704 636 1743 Quare
663 1704 803 1742 iustum
831 1704 1050 1743 hauddubie
1077 1718 1157 1743 esse
1184 1705 1318 1752 Deum,
1345 1719 1454 1744 nemo
1484 1706 1558 1745 hoc
1584 1720 1658 1744 no-

123 1770 225 1809 mine
252 1782 388 1820 negare
414 1771 549 1821 potest,
576 1768 677 1820 quod
704 1769 819 1807 talem
847 1768 1060 1808 condiderit
1087 1769 1293 1816 hominem,
1309 1769 1437 1809 addita
1458 1770 1516 1808 illi
1539 1770 1658 1809 flexili

122 1835 163 1873 in
190 1839 388 1886 utramque
415 1838 559 1886 partem
587 1834 793 1879 voluntate,
820 1837 860 1872 ut
888 1833 1068 1872 hactenus
1095 1834 1142 1872 ad
1172 1835 1344 1873 coelestis
1362 1835 1506 1885 gloriae
1527 1835 1658 1874 baere-

123 1901 280 1940 ditatem
307 1900 524 1951 pertineret,
550 1904 738 1950 quatenus
765 1899 870 1937 illam
899 1899 947 1937 ab
973 1899 1056 1951 ipso
1084 1903 1225 1951 peteret
1252 1903 1551 1952 agnosceretque
1578 1914 1658 1940 eam

125 1978 202 2003 non
239 1964 392 2003 aliunde
426 1968 545 2002 totam
583 1963 745 2015 pendere
779 1976 892 2014 quam
926 1977 972 2002 ex
1009 1963 1177 2014 gratuita
1214 1964 1284 2002 Dei
1313 1964 1431 2003 solius
1460 1965 1658 2004 clementia

124 2034 162 2068 et
197 2029 383 2068 bonitate.
438 2027 619 2066 Condidit
647 2040 738 2077 ergo
767 2027 870 2066 Deus
898 2027 1102 2076 hominem,
1130 2032 1173 2067 ut
1200 2033 1297 2067 esset
1324 2029 1455 2068 haeres
1485 2031 1658 2070 coelestis

124 2094 268 2145 gloriae
304 2107 403 2141 suae,
440 2093 627 2145 siquidem
663 2107 744 2131 eam
773 2093 821 2131 ab
847 2093 932 2144 ipso
960 2097 1080 2132 totam
1113 2098 1151 2133 et
1177 2098 1321 2146 peteret
1349 2099 1385 2133 et
1412 2100 1661 2148 exspectaret,

126 2164 162 2198 et
188 2159 348 2211 proinde
376 2159 457 2197 vult
484 2159 610 2204 etiam,
638 2158 738 2209 quod
768 2158 806 2196 in
836 2171 875 2196 se
903 2159 1054 2209 quidem
1085 2163 1153 2206 est,
1181 2172 1312 2198 omnes
1342 2159 1514 2199 homines
1533 2161 1659 2200 salvos

126 2223 219 2269 fieri,
257 2223 322 2261 sed
361 2223 473 2261 talem
510 2236 596 2260 eum
625 2221 809 2268 condidit,
845 2227 888 2260 ut
914 2222 1143 2272 intelligeret
1171 2237 1211 2262 se
1234 2228 1407 2263 sanctum
1436 2225 1589 2276 quidem
1615 2239 1660 2265 ac

122 2301 258 2339 purum
296 2301 388 2331 esse,
424 2291 612 2339 quatenus
649 2300 669 2325 a
706 2287 786 2325 Deo
824 2287 1000 2326 conditus
1030 2290 1165 2333 fuerat,
1193 2289 1258 2327 scd
1286 2302 1330 2328 ex
1359 2304 1398 2328 se
1423 2294 1550 2330 tamen
1580 2304 1658 2330 non

121 2355 174 2392 ita
209 2353 430 2405 perfectum,
466 2355 508 2390 ut
544 2365 699 2404 peccare
736 2365 813 2391 non
850 2357 991 2404 posset,
1028 2353 1060 2391 si
1096 2354 1293 2393 voluntate
1320 2367 1386 2393 sua
1413 2355 1557 2407 optimo
1585 2355 1658 2395 Dei

125 2419 224 2457 dono
269 2418 316 2456 ad
352 2417 494 2455 malum
529 2417 801 2469 interitumque
837 2431 948 2456 suum
985 2417 1216 2457 abuteretur.
1270 2419 1456 2458 Futurum
1494 2434 1657 2472 namque

122 2488 214 2530 erat,
243 2487 283 2521 ut
312 2483 483 2527 disceret,
511 2496 550 2521 se
578 2487 751 2534 oportere
777 2482 958 2522 adherere
985 2483 1079 2529 Deo,
1107 2484 1139 2522 si
1165 2484 1212 2522 ad
1240 2498 1335 2530 eam,
1362 2485 1408 2523 ad
1429 2499 1541 2537 quam
1564 2499 1656 2525 con-

123 2549 224 2588 ditus
261 2549 397 2594 fuerat,
424 2548 584 2598 gloriam
613 2552 714 2587 recta
743 2548 925 2587 voluisset
950 2549 1157 2600 pervenire.
1213 2550 1290 2588 Hic
1318 2563 1405 2588 vero
1433 2555 1470 2590 et
1498 2552 1655 2602 angelus

122 2619 160 2654 et
196 2615 310 2652 homo
348 2614 550 2651 stationem
586 2626 691 2651 suam
726 2613 923 2652 deseruere
958 2614 1234 2666 effeceruntque
1268 2620 1311 2655 ut
1340 2615 1442 2655 Deus
1470 2618 1654 2656 invictam

121 2692 227 2718 suam
263 2678 470 2730 potentiam
509 2677 689 2716 adversus
726 2678 784 2716 sui
819 2682 1074 2730 contemptum
1110 2684 1279 2719 exereret
1315 2685 1353 2720 et
1390 2681 1456 2733 qui
1491 2681 1654 2732 gloriam

121 2757 227 2782 suam
255 2757 332 2782 non
360 2743 424 2781 dat
450 2743 571 2787 alteri,
597 2756 756 2794 poenam
783 2743 978 2793 gehennae
1006 2745 1334 2797 contemptoribus
1362 2747 1419 2784 sui
1448 2746 1654 2784 constitue-

123 2811 190 2853 ret,
214 2829 265 2837 —
291 2808 357 2859 qui
394 2821 482 2846 vero
518 2808 559 2846 in
595 2808 675 2846 eius
709 2812 921 2860 perstarent
962 2808 1192 2855 obedientia,
1220 2809 1297 2849 sive
1324 2810 1448 2860 angeli
1477 2811 1554 2849 sive
1582 2809 1653 2848 ho-

122 2872 255 2920 mines,
283 2872 322 2910 bi
347 2872 419 2911 soli
446 2872 491 2911 ad
520 2872 693 2911 coelestis
721 2872 828 2923 regni
848 2873 1065 2913 societatem
1085 2874 1330 2926 pertinerent,
1348 2874 1478 2914 addito
1498 2874 1650 2914 interim
