1818 3178
596 131 646 156 nn
674 131 840 158 cnmsm
869 130 1187 158 1NGARNAT10NE.
1605 123 1651 158 43

136 231 280 269 Rursus
308 231 396 268 dum
423 230 581 268 eundem
607 232 727 281 ipsum
756 233 944 269 Christum
971 232 1140 269 audimus
1169 235 1387 282 conceptum
1413 244 1492 268 esse
1517 232 1556 268 in
1576 244 1656 268 ma-

131 297 200 334 tris
253 301 370 341 utero,
413 300 543 333 natum
577 301 765 334 mortuum
797 301 982 334 tentatum
1017 301 1053 334 et
1096 297 1165 334 sub
1202 310 1338 334 noxam
1380 297 1522 347 peccati
1567 309 1656 333 con-

134 362 359 404 demnatum,
387 361 531 405 horum,
558 366 599 398 ut
627 362 720 398 nihil
747 362 786 398 in
815 361 934 398 Deum
959 366 1081 412 potest
1111 362 1251 405 cadere,
1277 362 1328 399 ita
1347 362 1392 398 ad
1414 361 1574 398 hominis
1591 361 1656 398 illa

134 431 305 463 naturam
339 425 379 462 in
418 425 566 462 Christo
603 426 727 462 omnia
763 427 975 466 referemus,
1005 439 1050 462 ne
1079 426 1299 475 scripturam
1328 425 1372 462 (16
1400 425 1563 470 Christo,
1589 438 1657 475 pro

136 494 354 527 naturarum
388 489 489 526 illius
527 490 711 535 varietate,
749 489 986 533 differentem,
1014 502 1056 526 ac
1082 490 1153 526 toti
1182 490 1329 527 Christo
1355 489 1396 526 id
1421 489 1659 535 tribuentem,

133 558 284 605 propter
329 553 561 590 individuam
598 559 813 591 naturarum
855 553 1166 597 coniunctionem,
1202 553 1257 600 (G
1291 554 1381 601 iiiia)
1417 554 1518 604 quod
1553 554 1659 591 alteri

131 623 279 657 tantum
315 622 467 656 naturae
502 618 693 669 proprium
720 622 787 662 est,
814 618 1030 654 mendacem
1056 622 1166 667 atquc
1195 630 1319 655 secum
1347 623 1577 668 pugnantem
1602 618 1658 655 fa·

134 683 286 720 ciamus.
342 682 402 719 Ad
437 682 595 719 eundem
630 694 740 732 porro
777 681 930 718 modum
968 680 1181 731 Scripturae
1207 682 1421 719 testimonia
1450 682 1493 719 de
1522 681 1661 719 Christi

133 746 287 783 Domini
332 747 475 794 origine
516 747 750 797 accipiemus.
797 745 977 782 Versatur
1019 749 1142 782 autem
1179 759 1220 782 ea
1259 746 1303 782 de
1340 747 1481 784 Christi
1517 747 1660 795 origine

132 810 299 861 quaestio
334 811 570 861 potissimum
607 811 704 847 circa
738 809 916 859 temporis
952 809 1025 845 loci
1060 814 1095 846 et
1133 810 1363 847 substantiae
1391 811 1658 863 consideratio·

133 887 230 921 nem,
259 874 303 912 de
329 875 465 925 quibus
494 875 591 911 varie
617 875 692 911 fere
720 874 910 923 Scriptura
938 873 1103 922 loquitur
1129 878 1280 923 propter
1306 878 1524 911 naturarum
1543 874 1660 911 varie-

131 943 259 981 tatem,
295 939 384 976 dum
420 940 610 976 Christum
645 938 850 975 Dominum
876 950 1149 987 nonnunquam
1176 950 1195 974 e
1223 937 1361 982 divina,
1389 951 1660 989 nonnunquam

134 1017 179 1041 ex
216 1003 376 1041 humana
412 1008 544 1040 natura
571 1002 734 1047 metitur,
759 1006 802 1039 ut
828 1001 934 1038 illum
963 1001 999 1038 e't
1027 1000 1148 1037 Deum
1177 1014 1303 1037 verum
1330 1001 1366 1038 et
1395 1001 1583 1039 hominem
1611 1002 1660 1039 si·

133 1068 212 1105 mul
240 1081 367 1105 vermn
393 1067 504 1104 etiam
530 1079 610 1103 esse
638 1065 822 1103 ostendat.
877 1066 924 1101 In
961 1065 1139 1114 temporis
1168 1065 1465 1103 consideratione
1493 1066 1661 1103 aestimat

136 1133 325 1170 Christum
370 1132 559 1181 Scriptura
605 1144 649 1167 ex
685 1135 833 1167 aeterna
881 1130 1086 1166 divinitatis
1124 1142 1212 1166 suae
1248 1134 1392 1175 natura,
1430 1130 1518 1167 dum
1553 1131 1661 1167 illum

136 1196 214 1233 heri
242 1196 351 1232 hodie
378 1200 414 1232 et
448 1195 489 1231 in
517 1197 675 1239 saecula,
703 1193 838 1241 (Hebr.
866 1193 978 1240 xiii.),
1005 1197 1092 1230 ante
1120 1193 1377 1230 Abrahamum
1406 1194 1532 1241 (Ioan.
1561 1195 1657 1241 viii.)

135 1273 214 1297 esse
259 1259 385 1304 docet3
432 1258 521 1294 dum
566 1270 650 1294 eum
685 1257 975 1308 primogenitum
1012 1257 1133 1294 omnis
1173 1262 1363 1295 creaturae
1399 1259 1570 1309 appellat,
1597 1272 1662 1309 per

135 1337 243 1375 quem
272 1323 421 1360 condita
449 1323 522 1359 sint
550 1323 686 1366 omnia,
714 1322 813 1369 (Col.
842 1323 866 1360 i.
890 1322 1010 1360 Hebr.
1038 1322 1084 1369 i.)
1112 1326 1148 1360 et
1170 1336 1263 1372 quae
1284 1323 1417 1360 similia
1436 1323 1480 1361 de
1501 1324 1663 1369 Christo,

135 1389 252 1438 deque
279 1387 435 1436 originis
463 1400 551 1423 suae
577 1391 755 1436 tempore,
781 1386 885 1423 iuxta
913 1385 1072 1423 Divinae
1099 1399 1186 1423 suae
1214 1391 1366 1424 naturae
1395 1387 1661 1425 consideratio-

136 1465 220 1490 nem
249 1452 444 1489 habentur.
474 1451 579 1488 Haec
607 1464 707 1496 sane,
734 1451 804 1488 etsi
829 1451 902 1488 toti
924 1450 1086 1495 Christo,
1102 1450 1180 1488 Deo
1205 1451 1373 1488 simulac
1390 1451 1544 1496 homini,
1562 1452 1661 1489 Scri-

133 1522 243 1568 ptura
268 1516 422 1562 tribuat,
449 1516 494 1553 ad
524 1516 792 1552 humanitatem
818 1519 942 1552 tamen
970 1515 1072 1552 illius
1100 1516 1230 1553 referri
1257 1529 1334 1553 non
1360 1521 1530 1566 possunt,
1556 1517 1662 1554 iuxta

135 1594 247 1632 quam
282 1594 366 1618 eum
400 1584 485 1631 post
520 1580 638 1617 multa
673 1579 826 1627 tem-(G
860 1579 1046 1630 iiiib)p0ra
1073 1580 1224 1617 initium
1252 1594 1360 1617 suum
1387 1581 1562 1619 habuisse
1590 1582 1662 1618 sci-

134 1658 230 1683 mus.
259 1644 417 1686 Rursus,
446 1643 534 1680 dum
562 1643 752 1680 Christum
779 1643 899 1679 filium
928 1642 1094 1688 Davidis,
1121 1656 1140 1680 e
1168 1644 1308 1681 semine
1333 1644 1435 1682 illius
1457 1645 1561 1682 iuxta
1582 1658 1661 1682 car-

135 1721 232 1753 nem,
260 1708 429 1745 veniente
456 1707 599 1744 definiti
625 1707 801 1757 temporis
828 1706 1061 1757 plenitudine
1090 1712 1322 1758 conceptum,
1350 1713 1480 1746 natum
1506 1714 1541 1746 et
1560 1722 1661 1746 mor-

135 1776 241 1810 tuum
277 1785 356 1809 esse
391 1772 562 1820 legimus,
589 1771 732 1819 (Galat.
760 1771 826 1809 iiii.
858 1771 995 1811 Matth.
1025 1772 1051 1810 i.
1078 1772 1116 1810 ii.
1146 1772 1280 1820 xxvii.)
1311 1773 1400 1810 haec
1428 1774 1550 1819 etiam,
1576 1774 1662 1811 licet

138 1836 183 1873 (16
215 1840 297 1873 toto
335 1835 482 1873 Christo
519 1837 733 1886 loquantm,
769 1835 816 1872 ad
850 1835 952 1873 illius
987 1840 1113 1873 tamen
1141 1836 1373 1874 divinitatem
1400 1838 1530 1875 referri
1557 1839 1661 1876 nullo

137 1900 248 1937 modo
284 1903 453 1950 possunt,
489 1913 583 1950 quae
616 1912 735 1949 neque
767 1899 917 1937 initium
951 1913 1069 1950 neque
1096 1901 1209 1937 finem
1237 1901 1340 1938 novit
1368 1901 1497 1947 ulliun,
1525 1902 1662 1939 nedum

136 1971 178 2003 ut
206 1965 263 2002 vel
292 1965 487 2010 cruciatus,
516 1965 572 2002 vel
598 1969 757 2001 mortem
785 1965 1047 2014 quoquomodo
1076 1965 1260 2011 admittat,
1289 1966 1351 2003 sed
1379 1966 1425 2003 ad
1449 1967 1660 2005 humanita-

136 2036 212 2069 tem
238 2031 317 2069 eius
343 2029 530 2080 pertinent
558 2029 695 2074 omnia,
721 2029 824 2066 iuxta
854 2043 965 2080 quam
993 2030 1187 2074 aestimare
1213 2031 1322 2067 illum
1352 2031 1543 2081 Scriptura
1561 2031 1662 2070 hisce

137 2100 172 2133 et
201 2095 282 2132 aliis
309 2097 497 2144 praeterea
524 2092 651 2129 multis
678 2092 770 2129 locis
798 2092 926 2138 voluit,
953 2097 995 2130 ut
1022 2106 1090 2130 nos
1120 2093 1164 2130 de
1192 2106 1275 2130 vera
1301 2094 1403 2131 illius
1432 2095 1662 2133 humanitate

137 2160 248 2198 etiam
274 2158 444 2196 redderet
473 2157 659 2195 certiores,
688 2157 793 2194 Idem
822 2170 906 2194 vero
934 2158 1015 2194 fieri
1042 2158 1209 2195 videmus
1236 2164 1271 2195 et
1300 2159 1338 2196 in
1367 2159 1440 2195 loci
1469 2159 1564 2196 circa
1585 2161 1661 2197 ori·

137 2225 263 2274 ginem
300 2222 439 2260 Christi
467 2221 774 2258 consideratione.
805 2221 996 2259 Habemus
1023 2222 1255 2265 testimonia,
1281 2235 1374 2272 quae
1403 2223 1447 2260 de
1473 2223 1557 2260 loco
1585 2224 1661 2261 ori·

137 2289 236 2338 ginis
273 2287 413 2324 Christi
441 2286 626 2322 disserunt
652 2284 756 2321 iuxta
783 2285 1000 2323 Divinitatis
1029 2299 1116 2323 suae
1144 2291 1336 2324 naturam:
1366 2287 1477 2324 Exivi
1504 2300 1525 2324 a
1551 2288 1661 2326 Patre

139 2359 174 2392 et
210 2353 294 2391 veni
327 2352 367 2388 in
400 2350 595 2392 mundum,
622 2350 732 2387 Panis
760 2350 824 2400 qui
852 2350 895 2387 de
925 2351 1026 2387 coelo
1057 2350 1258 2395 descendit,
1287 2351 1365 2389 Qui
1393 2352 1437 2389 de
1465 2353 1566 2390 coelo
1594 2358 1661 2398 est,

139 2431 249 2468 supra
277 2429 405 2454 omnes
433 2419 499 2459 est,
528 2414 649 2451 Nemo
677 2414 855 2460 ascendit,
883 2415 954 2452 nisi
980 2415 1025 2460 is,
1052 2415 1117 2465 qui
1145 2414 1348 2460 descendit,
1367 2416 1466 2454 filius
1487 2417 1660 2462 hominis,

139 2482 257 2520 Filius
294 2480 454 2518 hominis
482 2478 659 2520 ascendit,
687 2478 752 2514 ubi
778 2482 856 2516 erat
882 2479 997 2528 prius,
1025 2478 1157 2516 Novus
1186 2479 1296 2516 homo
1327 2479 1370 2517 de
1398 2481 1513 2525 coelo,
1532 2481 1658 2527 (Ioan.

138 2547 191 2585 iii.
222 2547 268 2584 vi.
297 2545 432 2596 Ephes.
461 2544 527 2581 iiii.
557 2543 569 2579 i
599 2544 684 2580 Cor.
712 2544 792 2589 XV.)
820 2548 855 2580 et
883 2557 976 2593 quae
1002 2544 1118 2580 multa
1149 2544 1258 2581 huius
1285 2546 1430 2593 generis
1460 2546 1657 2584 habentur.

139 2611 194 2659 (G
222 2613 278 2658 va)
307 2610 355 2647 Et
383 2609 474 2646 hacc
501 2621 588 2646 sane
614 2607 752 2643 frustra
769 2606 814 2642 ad
832 2607 970 2644 Christi
991 2607 1260 2645 humanitatem
1282 2609 1497 2653 referamus,
1515 2609 1660 2646 etiamsi

137 2676 209 2713 toti
245 2674 397 2712 Christo
429 2673 656 2717 tribuantur,
692 2676 884 2721 propterca
912 2671 1012 2721 quod
1038 2672 1102 2708 illa
1128 2673 1354 2719 testimonia,
1381 2687 1475 2723 quae
1503 2674 1547 2710 (16
1575 2674 1657 2710 1060

137 2740 249 2777 etiam
286 2738 441 2787 originis
478 2736 617 2774 Christi
642 2736 747 2772 iuxta
776 2735 1016 2772 humanitatis
1046 2749 1132 2773 suae
1160 2741 1332 2773 naturam
1362 2737 1560 2782 disserunt,
1589 2737 1656 2774 tlo-

140 2808 235 2849 cent,
270 2803 460 2840 Christum
496 2814 571 2838 non
604 2812 623 2837 c
659 2798 770 2835 coelis
805 2812 826 2835 a
863 2799 970 2836 Patre
1004 2799 1108 2836 iuxta
1145 2813 1292 2837 carnem
1321 2800 1565 2845 descendisse,
1591 2805 1655 2838 aut

140 2868 295 2913 venisse,
341 2867 404 2904 scd
448 2866 488 2902 in
535 2863 687 2913 virginis
725 2863 853 2900 matris
897 2867 1016 2908 utero,
1049 2863 1088 2901 in
1126 2864 1313 2902 Nazareth
1351 2869 1582 2914 conceptum,
1615 2865 1654 2903 in
