1818 3178
1314 125 1452 134 «mv-«sam
1467 128 1713 138 mmmmm-mmmmm

478 565 727 657 AD
904 562 1416 657 PIUM

616 781 922 823 LECTOREM
953 780 1285 822 PRAEFATIO.

237 1078 526 1117 LAUDATUR
560 1078 599 1116 in
635 1077 842 1126 Euangelio
879 1076 988 1115 vidua
1024 1077 1103 1123 illa,
1131 1091 1226 1128 quae
1252 1082 1338 1128 post
1364 1078 1481 1116 multa
1507 1083 1544 1117 et
1571 1092 1707 1128 magna

187 1146 386 1182 multorum
417 1143 569 1180 donaria
605 1142 676 1179 duo
714 1142 896 1192 quaedam
922 1141 1067 1179 minuta
1096 1141 1144 1179 ad
1171 1142 1302 1193 templi
1329 1141 1626 1181 aedificationem
1652 1143 1705 1181 le-

188 1208 287 1257 gitur
325 1207 535 1245 contulisse.
587 1206 647 1244 Ita
682 1209 717 1243 et
754 1218 836 1255 egO,
871 1205 941 1243 etsi
979 1205 1128 1242 laudem
1163 1205 1224 1242 hic
1259 1206 1400 1243 nullam
1437 1220 1557 1257 neque
1593 1220 1706 1245 venor

188 1284 305 1321 neque
339 1275 503 1321 expectO,
540 1269 645 1308 venia
679 1269 770 1306 mihi
806 1273 931 1307 tamen
968 1268 1105 1318 dignus
1143 1282 1222 1307 esse
1258 1269 1409 1307 interim
1447 1270 1614 1314 videbor,
1641 1271 1706 1322 qui

189 1339 271 1385 post
297 1338 353 1372 tot
379 1338 526 1385 tamque
554 1333 714 1371 cruditas
741 1333 944 1370 multorum
972 1333 1016 1370 de
1042 1346 1082 1371 re
1110 1333 1406 1370 Sacramentaria
1425 1334 1706 1373 lucubrationes

187 1399 411 1436 minutulum
446 1411 592 1448 quoque
617 1410 738 1435 meum
765 1397 901 1434 adiicio
930 1397 977 1434 ad
1006 1397 1282 1435 controversiae
1308 1398 1347 1435 in
1375 1398 1446 1435 hoc
1472 1398 1616 1449 pridem
1643 1413 1704 1436 ar-

186 1466 360 1511 gumento
395 1462 574 1500 excitatae
608 1461 923 1512 pacificationem3
952 1465 986 1499 et
1014 1460 1163 1511 quidem
1192 1474 1275 1498 cum
1301 1461 1340 1499 id
1366 1462 1440 1499 mei
1467 1462 1606 1514 alioqui
1633 1463 1704 1500 nii-

187 1527 330 1564 nistcrii
365 1527 455 1564 fides
482 1526 647 1564 videatur
674 1525 856 1577 imprimis
883 1525 1085 1576 postulare.
1139 1525 1289 1562 Etenim
1317 1525 1356 1563 in
1384 1526 1545 1576 publicis
1574 1527 1701 1578 Scrip-

186 1596 349 1629 turarum
395 1590 668 1636 collationibus,
712 1602 802 1640 quas
847 1589 886 1626 in
929 1589 1068 1639 teinplo
1104 1592 1160 1627 ter
1205 1602 1425 1639 unaquaque
1470 1590 1702 1628 hebdomade

186 1656 381 1694 observare
416 1656 586 1701 solemus,
619 1654 755 1705 pluries
782 1653 984 1698 incidebat,
1010 1657 1062 1699 ut,
1090 1656 1235 1703 sumpta
1262 1666 1307 1690 ex
1334 1653 1426 1690 meis
1453 1653 1492 1690 in
1519 1654 1702 1692 Ioannem

186 1719 482 1757 enarrationibus
510 1718 713 1759 occasione,
742 1717 829 1754 dum
857 1717 901 1754 de
928 1717 1113 1767 baptismo
1142 1716 1297 1754 Ioannis
1325 1716 1516 1767 Baptistae
1545 1716 1702 1755 dissere-

188 1796 319 1827 remus,
354 1782 391 1819 in
417 1783 531 1820 totius
568 1794 698 1818 causae
734 1780 1048 1818 Sacramentariae
1087 1780 1380 1830 disputationem
1409 1780 1612 1829 delabe-(B
1644 1783 1700 1829 la)

186 1860 316 1884 remur.
370 1846 431 1891 Et,
466 1859 548 1883 cum
586 1845 705 1883 variae
739 1846 939 1882 multorum
976 1844 1192 1891 sententiae,
1221 1850 1258 1882 ut
1285 1846 1327 1882 fit
1354 1845 1394 1882 in
1424 1845 1702 1891 collationibus,

184 1912 446 1961 proferrentur,
481 1914 590 1960 atquc
625 1910 695 1947 alia
730 1910 812 1947 aliis
846 1910 1047 1960 placerent,
1082 1909 1234 1946 reddere
1268 1922 1326 1946 me
1363 1913 1473 1947 etiam
1508 1910 1700 1948 doctrinae

184 1988 284 2011 nicae
317 1974 497 2011 rationem
531 1987 576 2011 ex
612 1973 722 2011 verbo
760 1973 828 2010 Dei
856 1973 1050 2023 oportebat
1078 1973 1357 2024 ostendereque,
1385 1986 1449 2011 cur
1476 1973 1523 2012 ab
1552 1974 1634 2011 aliis
1662 1979 1700 2012 et

186 2039 221 2075 in
251 2038 371 2075 verbis
399 2037 508 2075 simul
535 2041 570 2074 et
598 2037 636 2074 in
664 2037 856 2082 sententia,
883 2037 930 2073 ab
957 2036 1040 2074 aliis
1070 2049 1154 2074 vero
1184 2037 1224 2073 in
1252 2036 1373 2074 verbis
1401 2037 1594 2084 duntaxat,
1621 2051 1698 2076 non

183 2107 303 2140 autem
339 2103 377 2140 in
413 2102 594 2140 sententia
629 2102 720 2152 ipsa,
756 2101 1001 2148 dissentirem,
1028 2114 1185 2152 quorum
1212 2102 1430 2152 praesertim
1457 2092 1698 2153 loquutiones

184 2171 289 2203 antea
317 2172 491 2216 sequutus
519 2179 648 2204 esseni.
675 2165 721 2201 Id
748 2178 858 2215 porro
889 2170 987 2202 certo
1015 2166 1140 2216 aliquo
1169 2166 1300 2203 ordine
1327 2166 1448 2204 facere
1475 2179 1552 2204 non
1579 2167 1697 2218 potui,

184 2232 256 2268 nisi
283 2232 451 2268 instituta
478 2231 651 2282 peculiari
679 2231 887 2279 argumenti
913 2230 1021 2268 huius
1047 2232 1163 2269 totius
1190 2232 1424 2270 tractatione.
1455 2232 1556 2270 Huic
1581 2233 1697 2282 igitur

185 2296 346 2346 quinque
372 2296 632 2346 praelectiones
660 2294 919 2345 impendimus,
945 2301 991 2342 et,
1018 2296 1082 2333 ubi
1110 2309 1190 2333 eam
1217 2296 1520 2341 absolvissemus,
1540 2297 1696 2348 quisque

185 2361 285 2396 illam
322 2360 358 2396 in
396 2360 530 2410 scripto
566 2365 699 2410 petere,
734 2359 900 2409 adeoque
934 2364 969 2397 et
1004 2360 1171 2398 Ecclesia
1200 2366 1327 2399 nostra
1355 2365 1432 2398 tota
1460 2374 1480 2398 a
1507 2374 1565 2398 me
1591 2362 1694 2399 illam

184 2423 349 2472 flagitare
385 2424 514 2473 coepit,
540 2437 658 2473 neque
683 2423 944 2473 postulationis
972 2423 1080 2462 huius
1108 2425 1221 2462 finem
1248 2425 1422 2468 faciebat,
1450 2425 1568 2462 donec
1596 2429 1694 2462 trac-

184 2487 334 2525 tationis
361 2487 558 2524 cditioncm
586 2488 790 2538 pollicerer.
819 2487 877 2524 Ita
905 2488 1044 2525 sactum
1070 2494 1124 2526 cst
1153 2489 1312 2535 demum,
1340 2494 1378 2527 ut
1407 2502 1554 2540 operam
1573 2503 1692 2527 meam

184 2551 221 2587 in
259 2550 399 2587 edenda
425 2564 465 2587 ea
492 2550 569 2600 ipsa
596 2550 816 2588 tractatione
844 2564 919 2587 non
946 2552 1127 2601 potuerim
1157 2552 1344 2590 Ecclesiae
1370 2566 1472 2590 meae
1501 2553 1693 2601 denegare,

184 2614 256 2652 nisi
293 2615 323 2650 si
358 2628 474 2650 nicam
508 2614 619 2650 fidem
657 2615 695 2651 in
722 2628 801 2651 mco
830 2615 1034 2653 ministerio
1065 2617 1265 2654 desiderari
1292 2617 1328 2655 ct
1356 2631 1377 2654 a
1404 2631 1483 2655 mea
1513 2618 1694 2662 Ecclesia,

183 2678 218 2715 ct
246 2693 267 2714 a
295 2677 418 2714 multis
447 2683 629 2727 praetcrea
655 2678 724 2728 piis
752 2684 787 2715 et
815 2679 1035 2717 Christianis
1063 2681 1241 2719 fratribus
1271 2681 1482 2720 voluissem.
1520 2681 1690 2732 Optariui

182 2747 303 2779 autem
337 2755 395 2778 mc
425 2741 484 2777 hic
520 2755 596 2778 cam
633 2755 739 2791 posse
765 2743 939 2781 adhibere
966 2745 1268 2790 moderationem,
1295 2750 1334 2783 ut
1362 2746 1547 2783 neminem
1575 2745 1690 2784 offen-

183 2805 316 2851 derem,
342 2808 377 2842 ct
406 2818 479 2841 rcm
507 2804 624 2855 ipsam
649 2805 890 2844 nihilominus
919 2821 1027 2857 quam
1055 2808 1326 2859 simplicissime
1354 2810 1596 2860 explicarem3
1627 2810 1690 2847 scd

184 2882 263 2906 cum
312 2869 345 2905 id
389 2868 525 2920 sperari
570 2882 642 2905 non
688 2870 803 2920 possit
838 2871 957 2916 facilc,
994 2873 1061 2908 sub
1107 2886 1148 2910 ca
1184 2886 1294 2924 quain
1330 2874 1379 2921 (B
1409 2876 1468 2922 1¹¹)
1507 2875 1690 2913 cernimus
