<?xml version="1.0" encoding="UTF-8"?>
<!DOCTYPE html PUBLIC "-//W3C//DTD XHTML 1.0 Transitional//EN"
    "http://www.w3.org/TR/xhtml1/DTD/xhtml1-transitional.dtd">
<html xmlns="http://www.w3.org/1999/xhtml" xml:lang="en" lang="en">
 <head>
  <title>
</title>
<meta http-equiv="Content-Type" content="text/html;charset=utf-8" />
  <meta name='ocr-system' content='tesseract 3.04.00' />
  <meta name='ocr-capabilities' content='ocr_page ocr_carea ocr_par ocr_line ocrx_word'/>
</head>
<body>
  <div class='ocr_page' id='page_1' title='image "./operatameditaqua01lask_0525.png"; bbox 0 0 1818 3178; ppageno 0'>
   <div class='ocr_carea' id='block_1_1' title="bbox 572 97 1603 136">
    <p class='ocr_par' dir='ltr' id='par_1_1' title="bbox 572 97 1603 136">
     <span class='ocr_line' id='line_1_1' title="bbox 572 97 1603 136; baseline 0.004 -5"><span class='ocrx_word' id='word_1_1' title='bbox 572 103 788 132; x_wconf 74' lang='lat' dir='ltr'>REskoNSIO</span> <span class='ocrx_word' id='word_1_2' title='bbox 815 105 911 133; x_wconf 73' lang='lat' dir='ltr'>Anv.</span> <span class='ocrx_word' id='word_1_3' title='bbox 940 104 1107 133; x_wconf 70' lang='lat' dir='ltr'>Hosion.</span> <span class='ocrx_word' id='word_1_4' title='bbox 1531 97 1603 136; x_wconf 84' lang='lat'>397</span> 
     </span>
    </p>
   </div>
   <div class='ocr_carea' id='block_1_2' title="bbox 82 205 1605 641">
    <p class='ocr_par' dir='ltr' id='par_1_2' title="bbox 82 205 1605 641">
     <span class='ocr_line' id='line_1_2' title="bbox 83 205 1605 259; baseline 0.003 -16"><span class='ocrx_word' id='word_1_5' title='bbox 83 205 396 258; x_wconf 83' lang='lat' dir='ltr'>conspicuamque</span> <span class='ocrx_word' id='word_1_6' title='bbox 431 206 605 245; x_wconf 88' lang='lat' dir='ltr'>omnibus</span> <span class='ocrx_word' id='word_1_7' title='bbox 641 207 748 246; x_wconf 83' lang='lat' dir='ltr'>reddi</span> <span class='ocrx_word' id='word_1_8' title='bbox 783 208 979 259; x_wconf 80' lang='lat' dir='ltr'>oportebat</span> <span class='ocrx_word' id='word_1_9' title='bbox 1013 208 1266 247; x_wconf 85' lang='lat' dir='ltr'>Pharisaicam</span> <span class='ocrx_word' id='word_1_10' title='bbox 1295 208 1466 248; x_wconf 84' lang='lat' dir='ltr'>Sanctuli</span> <span class='ocrx_word' id='word_1_11' title='bbox 1493 209 1605 248; x_wconf 85' lang='lat' dir='ltr'>huius</span> 
     </span>
     <span class='ocr_line' id='line_1_3' title="bbox 82 269 1603 327; baseline 0.003 -20"><span class='ocrx_word' id='word_1_12' title='bbox 82 269 266 327; x_wconf 61' lang='lat' dir='ltr'>Paterculi</span> <span class='ocrx_word' id='word_1_13' title='bbox 302 270 540 322; x_wconf 85' lang='lat' dir='ltr'>hypocrisim,</span> <span class='ocrx_word' id='word_1_14' title='bbox 577 285 659 310; x_wconf 91' lang='lat' dir='ltr'>cum</span> <span class='ocrx_word' id='word_1_15' title='bbox 694 273 775 323; x_wconf 88' lang='lat' dir='ltr'>pari</span> <span class='ocrx_word' id='word_1_16' title='bbox 809 272 886 311; x_wconf 88' lang='lat' dir='ltr'>eius</span> <span class='ocrx_word' id='word_1_17' title='bbox 924 273 1075 311; x_wconf 89' lang='lat' dir='ltr'>vafricie</span> <span class='ocrx_word' id='word_1_18' title='bbox 1110 277 1146 312; x_wconf 90' lang='lat' dir='ltr'>et</span> <span class='ocrx_word' id='word_1_19' title='bbox 1181 274 1324 312; x_wconf 84' lang='lat' dir='ltr'>malitia</span> <span class='ocrx_word' id='word_1_20' title='bbox 1352 273 1603 319; x_wconf 82' lang='lat' dir='ltr'>coniunctam,</span> 
     </span>
     <span class='ocr_line' id='line_1_4' title="bbox 83 336 1605 389; baseline 0.003 -16"><span class='ocrx_word' id='word_1_21' title='bbox 83 349 195 386; x_wconf 89' lang='lat' dir='ltr'>quam</span> <span class='ocrx_word' id='word_1_22' title='bbox 236 336 269 374; x_wconf 86' lang='lat' dir='ltr'>ei</span> <span class='ocrx_word' id='word_1_23' title='bbox 305 336 495 374; x_wconf 79' lang='lat' dir='ltr'>character</span> <span class='ocrx_word' id='word_1_24' title='bbox 531 349 618 375; x_wconf 89' lang='lat' dir='ltr'>suus</span> <span class='ocrx_word' id='word_1_25' title='bbox 654 337 888 389; x_wconf 86' lang='lat' dir='ltr'>Episcopalis</span> <span class='ocrx_word' id='word_1_26' title='bbox 925 338 1090 377; x_wconf 86' lang='lat' dir='ltr'>adflavit.</span> <span class='ocrx_word' id='word_1_27' title='bbox 1143 339 1260 377; x_wconf 90' lang='lat' dir='ltr'>Porro</span> <span class='ocrx_word' id='word_1_28' title='bbox 1297 352 1399 378; x_wconf 87' lang='lat' dir='ltr'>nunc</span> <span class='ocrx_word' id='word_1_29' title='bbox 1441 339 1605 378; x_wconf 88' lang='lat' dir='ltr'>Hosium</span> 
     </span>
     <span class='ocr_line' id='line_1_5' title="bbox 84 401 1602 452; baseline 0.003 -15"><span class='ocrx_word' id='word_1_30' title='bbox 84 401 308 444; x_wconf 87' lang='lat' dir='ltr'>omittemus,</span> <span class='ocrx_word' id='word_1_31' title='bbox 345 401 463 438; x_wconf 88' lang='lat' dir='ltr'>donec</span> <span class='ocrx_word' id='word_1_32' title='bbox 496 407 581 452; x_wconf 90' lang='lat' dir='ltr'>post</span> <span class='ocrx_word' id='word_1_33' title='bbox 617 401 790 452; x_wconf 87' lang='lat' dir='ltr'>depulsas</span> <span class='ocrx_word' id='word_1_34' title='bbox 826 402 957 440; x_wconf 89' lang='lat' dir='ltr'>Alberi</span> <span class='ocrx_word' id='word_1_35' title='bbox 995 403 1200 441; x_wconf 83' lang='lat' dir='ltr'>calumnias</span> <span class='ocrx_word' id='word_1_36' title='bbox 1228 403 1275 441; x_wconf 89' lang='lat' dir='ltr'>ad</span> <span class='ocrx_word' id='word_1_37' title='bbox 1302 404 1381 442; x_wconf 86' lang='lat' dir='ltr'>eius</span> <span class='ocrx_word' id='word_1_38' title='bbox 1408 404 1529 443; x_wconf 90' lang='lat' dir='ltr'>obiter</span> <span class='ocrx_word' id='word_1_39' title='bbox 1556 404 1602 441; x_wconf 91' lang='lat' dir='ltr'>li-</span> 
     </span>
     <span class='ocr_line' id='line_1_6' title="bbox 86 463 1602 517; baseline 0.003 -15"><span class='ocrx_word' id='word_1_40' title='bbox 86 465 221 502; x_wconf 86' lang='lat' dir='ltr'>bellum</span> <span class='ocrx_word' id='word_1_41' title='bbox 251 463 338 502; x_wconf 70' lang='lat' dir='ltr'>nDe</span> <span class='ocrx_word' id='word_1_42' title='bbox 365 475 542 516; x_wconf 82' lang='lat' dir='ltr'>oppresso</span> <span class='ocrx_word' id='word_1_43' title='bbox 570 465 641 504; x_wconf 86' lang='lat' dir='ltr'>Dei</span> <span class='ocrx_word' id='word_1_44' title='bbox 666 468 752 515; x_wconf 86' lang='lat'>(12)</span> <span class='ocrx_word' id='word_1_45' title='bbox 782 465 935 512; x_wconf 86' lang='lat' dir='ltr'>verbo&#39;&#39;‚</span> <span class='ocrx_word' id='word_1_46' title='bbox 963 470 1147 517; x_wconf 85' lang='lat' dir='ltr'>quatenus</span> <span class='ocrx_word' id='word_1_47' title='bbox 1176 481 1235 505; x_wconf 91' lang='lat' dir='ltr'>me</span> <span class='ocrx_word' id='word_1_48' title='bbox 1261 467 1340 506; x_wconf 92' lang='lat' dir='ltr'>illic</span> <span class='ocrx_word' id='word_1_49' title='bbox 1362 468 1474 506; x_wconf 87' lang='lat' dir='ltr'>etiam</span> <span class='ocrx_word' id='word_1_50' title='bbox 1493 468 1602 505; x_wconf 85' lang='lat' dir='ltr'>mali-</span> 
     </span>
     <span class='ocr_line' id='line_1_7' title="bbox 83 530 1605 585; baseline 0.002 -17"><span class='ocrx_word' id='word_1_51' title='bbox 83 531 182 568; x_wconf 90' lang='lat' dir='ltr'>ciose</span> <span class='ocrx_word' id='word_1_52' title='bbox 207 530 435 581; x_wconf 86' lang='lat' dir='ltr'>perstringit,</span> <span class='ocrx_word' id='word_1_53' title='bbox 470 531 772 582; x_wconf 80' lang='lat' dir='ltr'>respondeamus,</span> <span class='ocrx_word' id='word_1_54' title='bbox 827 530 1019 569; x_wconf 89' lang='lat' dir='ltr'>Articulos</span> <span class='ocrx_word' id='word_1_55' title='bbox 1045 531 1162 581; x_wconf 84' lang='lat' dir='ltr'>igitur</span> <span class='ocrx_word' id='word_1_56' title='bbox 1188 532 1263 570; x_wconf 88' lang='lat' dir='ltr'>iam</span> <span class='ocrx_word' id='word_1_57' title='bbox 1288 532 1402 584; x_wconf 90' lang='lat' dir='ltr'>ipsos,</span> <span class='ocrx_word' id='word_1_58' title='bbox 1428 546 1493 585; x_wconf 90' lang='lat' dir='ltr'>per</span> <span class='ocrx_word' id='word_1_59' title='bbox 1521 533 1605 570; x_wconf 90' lang='lat' dir='ltr'>Ho-</span> 
     </span>
     <span class='ocr_line' id='line_1_8' title="bbox 82 594 922 641; baseline 0.002 -9"><span class='ocrx_word' id='word_1_60' title='bbox 82 594 179 632; x_wconf 89' lang='lat' dir='ltr'>sium</span> <span class='ocrx_word' id='word_1_61' title='bbox 204 594 244 633; x_wconf 90' lang='lat' dir='ltr'>in</span> <span class='ocrx_word' id='word_1_62' title='bbox 272 594 413 633; x_wconf 85' lang='lat' dir='ltr'>Albero</span> <span class='ocrx_word' id='word_1_63' title='bbox 442 596 673 641; x_wconf 84' lang='lat' dir='ltr'>observatos,</span> <span class='ocrx_word' id='word_1_64' title='bbox 698 595 922 634; x_wconf 86' lang='lat' dir='ltr'>intueamur.</span> 
     </span>
    </p>
   </div>
   <div class='ocr_carea' id='block_1_3' title="bbox 605 722 1086 774">
    <p class='ocr_par' dir='ltr' id='par_1_3' title="bbox 605 722 1086 774">
     <span class='ocr_line' id='line_1_9' title="bbox 605 722 1086 774; baseline 0.006 -15"><span class='ocrx_word' id='word_1_65' title='bbox 605 722 859 760; x_wconf 87' lang='lat' dir='ltr'>Articulus</span> <span class='ocrx_word' id='word_1_66' title='bbox 893 722 1086 774; x_wconf 88' lang='lat' dir='ltr'>primus.</span> 
     </span>
    </p>
   </div>
   <div class='ocr_carea' id='block_1_4' title="bbox 85 851 1608 1032">
    <p class='ocr_par' dir='ltr' id='par_1_4' title="bbox 85 851 1608 1032">
     <span class='ocr_line' id='line_1_10' title="bbox 136 851 1608 906; baseline 0.003 -17"><span class='ocrx_word' id='word_1_67' title='bbox 136 851 286 889; x_wconf 70' lang='lat' dir='ltr'>aLasco</span> <span class='ocrx_word' id='word_1_68' title='bbox 316 852 444 890; x_wconf 84' lang='lat' dir='ltr'>docet:</span> <span class='ocrx_word' id='word_1_69' title='bbox 473 852 514 890; x_wconf 84' lang='lat' dir='ltr'>Si</span> <span class='ocrx_word' id='word_1_70' title='bbox 541 865 611 890; x_wconf 91' lang='lat' dir='ltr'>nos</span> <span class='ocrx_word' id='word_1_71' title='bbox 633 852 777 890; x_wconf 85' lang='lat' dir='ltr'>edimus</span> <span class='ocrx_word' id='word_1_72' title='bbox 806 865 938 904; x_wconf 89' lang='lat' dir='ltr'>corpus</span> <span class='ocrx_word' id='word_1_73' title='bbox 967 852 1134 900; x_wconf 89' lang='lat' dir='ltr'>Domini,</span> <span class='ocrx_word' id='word_1_74' title='bbox 1163 853 1329 905; x_wconf 89' lang='lat' dir='ltr'>sequitur</span> <span class='ocrx_word' id='word_1_75' title='bbox 1355 855 1456 906; x_wconf 93' lang='lat' dir='ltr'>quod</span> <span class='ocrx_word' id='word_1_76' title='bbox 1488 854 1608 893; x_wconf 88' lang='lat' dir='ltr'>Maria</span> 
     </span>
     <span class='ocr_line' id='line_1_11' title="bbox 86 916 1607 969; baseline 0.005 -19"><span class='ocrx_word' id='word_1_77' title='bbox 86 916 306 968; x_wconf 68' lang='lat' dir='ltr'>aproprium</span> <span class='ocrx_word' id='word_1_78' title='bbox 343 916 461 955; x_wconf 89' lang='lat' dir='ltr'>filium</span> <span class='ocrx_word' id='word_1_79' title='bbox 499 931 606 955; x_wconf 92' lang='lat' dir='ltr'>suum</span> <span class='ocrx_word' id='word_1_80' title='bbox 644 916 816 962; x_wconf 85' lang='lat' dir='ltr'>comedit,</span> <span class='ocrx_word' id='word_1_81' title='bbox 855 917 1009 968; x_wconf 73' lang='lat' dir='ltr'>perinde</span> <span class='ocrx_word' id='word_1_82' title='bbox 1045 921 1157 969; x_wconf 79' lang='lat' dir='ltr'>atque</span> <span class='ocrx_word' id='word_1_83' title='bbox 1192 918 1283 956; x_wconf 89' lang='lat' dir='ltr'>feles</span> <span class='ocrx_word' id='word_1_84' title='bbox 1318 923 1355 957; x_wconf 86' lang='lat' dir='ltr'>et</span> <span class='ocrx_word' id='word_1_85' title='bbox 1391 933 1474 957; x_wconf 90' lang='lat' dir='ltr'>sues</span> <span class='ocrx_word' id='word_1_86' title='bbox 1503 933 1607 958; x_wconf 86' lang='lat' dir='ltr'>suam</span> 
     </span>
     <span class='ocr_line' id='line_1_12' title="bbox 85 980 865 1032; baseline 0.001 -16"><span class='ocrx_word' id='word_1_87' title='bbox 85 980 338 1032; x_wconf 70' lang='lat' dir='ltr'>aquandoque</span> <span class='ocrx_word' id='word_1_88' title='bbox 362 982 504 1032; x_wconf 89' lang='lat' dir='ltr'>prolem</span> <span class='ocrx_word' id='word_1_89' title='bbox 533 981 751 1020; x_wconf 55' lang='lat' dir='ltr'>devorant’z</span> <span class='ocrx_word' id='word_1_90' title='bbox 780 982 865 1029; x_wconf 88' lang='grc'>(13)</span> 
     </span>
    </p>
   </div>
   <div class='ocr_carea' id='block_1_5' title="bbox 701 1110 986 1161">
    <p class='ocr_par' dir='ltr' id='par_1_5' title="bbox 701 1110 986 1161">
     <span class='ocr_line' id='line_1_13' title="bbox 701 1110 986 1161; baseline 0.011 -15"><span class='ocrx_word' id='word_1_91' title='bbox 701 1110 986 1161; x_wconf 80' lang='lat' dir='ltr'>Responsio.</span> 
     </span>
    </p>
   </div>
   <div class='ocr_carea' id='block_1_6' title="bbox 79 1240 1615 2917">
    <p class='ocr_par' dir='ltr' id='par_1_6' title="bbox 79 1240 1615 2917">
     <span class='ocr_line' id='line_1_14' title="bbox 132 1240 1609 1294; baseline 0.001 -14"><span class='ocrx_word' id='word_1_92' title='bbox 132 1242 238 1280; x_wconf 86' lang='lat' dir='ltr'>Haec</span> <span class='ocrx_word' id='word_1_93' title='bbox 273 1255 292 1279; x_wconf 90' lang='lat' dir='ltr'>a</span> <span class='ocrx_word' id='word_1_94' title='bbox 328 1255 386 1279; x_wconf 90' lang='lat' dir='ltr'>me</span> <span class='ocrx_word' id='word_1_95' title='bbox 421 1242 472 1279; x_wconf 88' lang='lat' dir='ltr'>ita</span> <span class='ocrx_word' id='word_1_96' title='bbox 508 1254 586 1279; x_wconf 91' lang='lat' dir='ltr'>non</span> <span class='ocrx_word' id='word_1_97' title='bbox 621 1240 734 1278; x_wconf 89' lang='lat' dir='ltr'>modo</span> <span class='ocrx_word' id='word_1_98' title='bbox 771 1253 848 1278; x_wconf 91' lang='lat' dir='ltr'>non</span> <span class='ocrx_word' id='word_1_99' title='bbox 886 1244 972 1279; x_wconf 86' lang='lat' dir='ltr'>sunt</span> <span class='ocrx_word' id='word_1_100' title='bbox 1000 1240 1098 1279; x_wconf 85' lang='lat' dir='ltr'>dicta</span> <span class='ocrx_word' id='word_1_101' title='bbox 1127 1241 1310 1292; x_wconf 88' lang='lat' dir='ltr'>scriptave</span> <span class='ocrx_word' id='word_1_102' title='bbox 1338 1255 1516 1294; x_wconf 87' lang='lat' dir='ltr'>unquam,</span> <span class='ocrx_word' id='word_1_103' title='bbox 1544 1244 1609 1283; x_wconf 89' lang='lat' dir='ltr'>sed</span> 
     </span>
     <span class='ocr_line' id='line_1_15' title="bbox 80 1305 1615 1359; baseline 0.001 -13"><span class='ocrx_word' id='word_1_104' title='bbox 80 1321 126 1346; x_wconf 89' lang='lat' dir='ltr'>ne</span> <span class='ocrx_word' id='word_1_105' title='bbox 165 1308 328 1358; x_wconf 88' lang='lat' dir='ltr'>cogitata</span> <span class='ocrx_word' id='word_1_106' title='bbox 364 1307 528 1359; x_wconf 88' lang='lat' dir='ltr'>quidem.</span> <span class='ocrx_word' id='word_1_107' title='bbox 583 1306 709 1344; x_wconf 89' lang='lat' dir='ltr'>Didici</span> <span class='ocrx_word' id='word_1_108' title='bbox 743 1305 787 1344; x_wconf 91' lang='lat' dir='ltr'>de</span> <span class='ocrx_word' id='word_1_109' title='bbox 828 1306 978 1344; x_wconf 88' lang='lat' dir='ltr'>Christo</span> <span class='ocrx_word' id='word_1_110' title='bbox 1014 1306 1179 1345; x_wconf 89' lang='lat' dir='ltr'>Domino</span> <span class='ocrx_word' id='word_1_111' title='bbox 1208 1311 1243 1346; x_wconf 92' lang='lat' dir='ltr'>et</span> <span class='ocrx_word' id='word_1_112' title='bbox 1272 1313 1510 1347; x_wconf 86' lang='lat' dir='ltr'>sacrosancto</span> <span class='ocrx_word' id='word_1_113' title='bbox 1538 1310 1615 1348; x_wconf 89' lang='lat' dir='ltr'>eius</span> 
     </span>
     <span class='ocr_line' id='line_1_16' title="bbox 81 1370 1614 1424; baseline 0.002 -14"><span class='ocrx_word' id='word_1_114' title='bbox 81 1385 237 1424; x_wconf 90' lang='lat' dir='ltr'>corpore</span> <span class='ocrx_word' id='word_1_115' title='bbox 263 1372 367 1424; x_wconf 89' lang='lat' dir='ltr'>loqui</span> <span class='ocrx_word' id='word_1_116' title='bbox 394 1371 634 1416; x_wconf 87' lang='lat' dir='ltr'>reverentius,</span> <span class='ocrx_word' id='word_1_117' title='bbox 661 1372 782 1420; x_wconf 84' lang='lat' dir='ltr'>gratia</span> <span class='ocrx_word' id='word_1_118' title='bbox 810 1371 858 1408; x_wconf 91' lang='lat' dir='ltr'>sit</span> <span class='ocrx_word' id='word_1_119' title='bbox 885 1370 1085 1416; x_wconf 85' lang='lat' dir='ltr'>Domin0!‚</span> <span class='ocrx_word' id='word_1_120' title='bbox 1113 1385 1228 1422; x_wconf 87' lang='lat' dir='ltr'>quare</span> <span class='ocrx_word' id='word_1_121' title='bbox 1255 1372 1397 1411; x_wconf 91' lang='lat' dir='ltr'>Albero</span> <span class='ocrx_word' id='word_1_122' title='bbox 1425 1374 1510 1424; x_wconf 90' lang='lat' dir='ltr'>ipsi,</span> <span class='ocrx_word' id='word_1_123' title='bbox 1537 1388 1614 1413; x_wconf 92' lang='lat' dir='ltr'>non</span> 
     </span>
     <span class='ocr_line' id='line_1_17' title="bbox 79 1437 1613 1491; baseline 0.001 -15"><span class='ocrx_word' id='word_1_124' title='bbox 79 1443 200 1477; x_wconf 85' lang='lat' dir='ltr'>autem</span> <span class='ocrx_word' id='word_1_125' title='bbox 229 1439 321 1476; x_wconf 89' lang='lat' dir='ltr'>mihi</span> <span class='ocrx_word' id='word_1_126' title='bbox 351 1438 552 1489; x_wconf 87' lang='lat' dir='ltr'>imputetur</span> <span class='ocrx_word' id='word_1_127' title='bbox 582 1437 671 1474; x_wconf 88' lang='lat' dir='ltr'>haec</span> <span class='ocrx_word' id='word_1_128' title='bbox 700 1437 899 1474; x_wconf 90' lang='lat' dir='ltr'>verborum</span> <span class='ocrx_word' id='word_1_129' title='bbox 927 1437 1171 1488; x_wconf 88' lang='lat' dir='ltr'>impudentia,</span> <span class='ocrx_word' id='word_1_130' title='bbox 1200 1451 1295 1488; x_wconf 86' lang='lat' dir='ltr'>quae</span> <span class='ocrx_word' id='word_1_131' title='bbox 1310 1452 1495 1490; x_wconf 82' lang='lat' dir='ltr'>nusquam</span> <span class='ocrx_word' id='word_1_132' title='bbox 1515 1441 1613 1491; x_wconf 83' lang='lat' dir='ltr'>apud</span> 
     </span>
     <span class='ocr_line' id='line_1_18' title="bbox 80 1500 1613 1555; baseline 0.001 -15"><span class='ocrx_word' id='word_1_133' title='bbox 80 1516 139 1541; x_wconf 92' lang='lat' dir='ltr'>me</span> <span class='ocrx_word' id='word_1_134' title='bbox 165 1501 319 1553; x_wconf 89' lang='lat' dir='ltr'>reperiri</span> <span class='ocrx_word' id='word_1_135' title='bbox 344 1505 480 1552; x_wconf 85' lang='lat' dir='ltr'>potest.</span> <span class='ocrx_word' id='word_1_136' title='bbox 511 1501 597 1538; x_wconf 88' lang='lat' dir='ltr'>Hoc</span> <span class='ocrx_word' id='word_1_137' title='bbox 624 1513 682 1538; x_wconf 91' lang='lat' dir='ltr'>me</span> <span class='ocrx_word' id='word_1_138' title='bbox 710 1513 778 1549; x_wconf 84' lang='lat' dir='ltr'>ego</span> <span class='ocrx_word' id='word_1_139' title='bbox 806 1500 846 1537; x_wconf 89' lang='lat' dir='ltr'>in</span> <span class='ocrx_word' id='word_1_140' title='bbox 873 1513 955 1537; x_wconf 88' lang='lat' dir='ltr'>meo</span> <span class='ocrx_word' id='word_1_141' title='bbox 984 1500 1029 1537; x_wconf 87' lang='lat' dir='ltr'>de</span> <span class='ocrx_word' id='word_1_142' title='bbox 1058 1501 1310 1539; x_wconf 77' lang='lat' dir='ltr'>Sam-amentis</span> <span class='ocrx_word' id='word_1_143' title='bbox 1338 1501 1465 1540; x_wconf 93' lang='lat' dir='ltr'>libello</span> <span class='ocrx_word' id='word_1_144' title='bbox 1495 1504 1613 1555; x_wconf 85' lang='lat' dir='ltr'>scrip-</span> 
     </span>
     <span class='ocr_line' id='line_1_19' title="bbox 82 1564 1611 1617; baseline 0.001 -12"><span class='ocrx_word' id='word_1_145' title='bbox 82 1567 172 1605; x_wconf 87' lang='lat' dir='ltr'>sisse</span> <span class='ocrx_word' id='word_1_146' title='bbox 212 1567 343 1612; x_wconf 80' lang='lat' dir='ltr'>fateor,</span> <span class='ocrx_word' id='word_1_147' title='bbox 379 1565 480 1617; x_wconf 92' lang='lat' dir='ltr'>quod</span> <span class='ocrx_word' id='word_1_148' title='bbox 509 1569 749 1603; x_wconf 86' lang='lat' dir='ltr'>controversa</span> <span class='ocrx_word' id='word_1_149' title='bbox 777 1564 868 1602; x_wconf 86' lang='lat' dir='ltr'>haec</span> <span class='ocrx_word' id='word_1_150' title='bbox 896 1564 1080 1609; x_wconf 85' lang='lat' dir='ltr'>doctrina,</span> <span class='ocrx_word' id='word_1_151' title='bbox 1109 1565 1154 1603; x_wconf 87' lang='lat' dir='ltr'>de</span> <span class='ocrx_word' id='word_1_152' title='bbox 1181 1565 1273 1602; x_wconf 81' lang='lat' dir='ltr'>reali</span> <span class='ocrx_word' id='word_1_153' title='bbox 1300 1579 1344 1603; x_wconf 87' lang='lat' dir='ltr'>ac</span> <span class='ocrx_word' id='word_1_154' title='bbox 1372 1567 1611 1606; x_wconf 78' lang='lat' dir='ltr'>substantiali</span> 
     </span>
     <span class='ocr_line' id='line_1_20' title="bbox 81 1629 1609 1682; baseline 0.001 -12"><span class='ocrx_word' id='word_1_155' title='bbox 81 1631 285 1671; x_wconf 86' lang='lat' dir='ltr'>secundum</span> <span class='ocrx_word' id='word_1_156' title='bbox 335 1631 493 1682; x_wconf 89' lang='lat' dir='ltr'>speciem</span> <span class='ocrx_word' id='word_1_157' title='bbox 539 1631 658 1681; x_wconf 85' lang='lat' dir='ltr'>ipsam</span> <span class='ocrx_word' id='word_1_158' title='bbox 704 1630 871 1680; x_wconf 89' lang='lat' dir='ltr'>corporis</span> <span class='ocrx_word' id='word_1_159' title='bbox 918 1629 1059 1666; x_wconf 85' lang='lat' dir='ltr'>Christi</span> <span class='ocrx_word' id='word_1_160' title='bbox 1095 1629 1135 1667; x_wconf 93' lang='lat' dir='ltr'>in</span> <span class='ocrx_word' id='word_1_161' title='bbox 1177 1643 1273 1681; x_wconf 88' lang='lat' dir='ltr'>pane</span> <span class='ocrx_word' id='word_1_162' title='bbox 1308 1631 1404 1682; x_wconf 88' lang='lat' dir='ltr'>ipso,</span> <span class='ocrx_word' id='word_1_163' title='bbox 1438 1636 1502 1670; x_wconf 89' lang='lat' dir='ltr'>aut</span> <span class='ocrx_word' id='word_1_164' title='bbox 1540 1633 1609 1671; x_wconf 89' lang='lat' dir='ltr'>sub</span> 
     </span>
     <span class='ocr_line' id='line_1_21' title="bbox 81 1695 1611 1749; baseline 0.001 -14"><span class='ocrx_word' id='word_1_165' title='bbox 81 1711 175 1749; x_wconf 88' lang='lat' dir='ltr'>pane</span> <span class='ocrx_word' id='word_1_166' title='bbox 207 1697 351 1735; x_wconf 88' lang='lat' dir='ltr'>Coenae</span> <span class='ocrx_word' id='word_1_167' title='bbox 389 1695 654 1740; x_wconf 84' lang='lat' dir='ltr'>delitescentia,</span> <span class='ocrx_word' id='word_1_168' title='bbox 682 1695 818 1732; x_wconf 89' lang='lat' dir='ltr'>multas</span> <span class='ocrx_word' id='word_1_169' title='bbox 846 1695 884 1732; x_wconf 91' lang='lat' dir='ltr'>in</span> <span class='ocrx_word' id='word_1_170' title='bbox 915 1695 1120 1746; x_wconf 89' lang='lat' dir='ltr'>Scripturis</span> <span class='ocrx_word' id='word_1_171' title='bbox 1146 1708 1294 1746; x_wconf 78' lang='lat' dir='ltr'>pugnas</span> <span class='ocrx_word' id='word_1_172' title='bbox 1322 1699 1431 1734; x_wconf 89' lang='lat' dir='ltr'>serat.</span> <span class='ocrx_word' id='word_1_173' title='bbox 1487 1699 1611 1749; x_wconf 83' lang='lat' dir='ltr'>Atque</span> 
     </span>
     <span class='ocr_line' id='line_1_22' title="bbox 79 1759 1609 1810; baseline 0.001 -12"><span class='ocrx_word' id='word_1_174' title='bbox 79 1762 177 1800; x_wconf 91' lang='lat' dir='ltr'>inter</span> <span class='ocrx_word' id='word_1_175' title='bbox 212 1761 285 1799; x_wconf 89' lang='lat' dir='ltr'>alia</span> <span class='ocrx_word' id='word_1_176' title='bbox 319 1760 359 1798; x_wconf 88' lang='lat' dir='ltr'>id</span> <span class='ocrx_word' id='word_1_177' title='bbox 394 1759 506 1797; x_wconf 87' lang='lat' dir='ltr'>etiam</span> <span class='ocrx_word' id='word_1_178' title='bbox 543 1772 805 1804; x_wconf 88' lang='lat' dir='ltr'>commemoro,</span> <span class='ocrx_word' id='word_1_179' title='bbox 843 1759 1055 1810; x_wconf 85' lang='lat' dir='ltr'>Scripturas</span> <span class='ocrx_word' id='word_1_180' title='bbox 1090 1759 1129 1797; x_wconf 88' lang='lat' dir='ltr'>id</span> <span class='ocrx_word' id='word_1_181' title='bbox 1167 1772 1296 1797; x_wconf 87' lang='lat' dir='ltr'>omnes</span> <span class='ocrx_word' id='word_1_182' title='bbox 1334 1761 1609 1800; x_wconf 80' lang='lat' dir='ltr'>consentienter</span> 
     </span>
     <span class='ocr_line' id='line_1_23' title="bbox 81 1823 1609 1876; baseline 0.001 -12"><span class='ocrx_word' id='word_1_183' title='bbox 81 1827 224 1872; x_wconf 86' lang='lat' dir='ltr'>docere,</span> <span class='ocrx_word' id='word_1_184' title='bbox 250 1825 351 1876; x_wconf 86' lang='lat' dir='ltr'>quod</span> <span class='ocrx_word' id='word_1_185' title='bbox 379 1824 549 1862; x_wconf 87' lang='lat' dir='ltr'>Christus</span> <span class='ocrx_word' id='word_1_186' title='bbox 578 1823 762 1862; x_wconf 88' lang='lat' dir='ltr'>Dominus</span> <span class='ocrx_word' id='word_1_187' title='bbox 792 1824 958 1875; x_wconf 89' lang='lat' dir='ltr'>corporis</span> <span class='ocrx_word' id='word_1_188' title='bbox 987 1827 1023 1862; x_wconf 91' lang='lat' dir='ltr'>et</span> <span class='ocrx_word' id='word_1_189' title='bbox 1051 1825 1245 1872; x_wconf 71' lang='lat' dir='ltr'>sanguinis</span> <span class='ocrx_word' id='word_1_190' title='bbox 1274 1825 1331 1863; x_wconf 89' lang='lat' dir='ltr'>sui</span> <span class='ocrx_word' id='word_1_191' title='bbox 1358 1826 1609 1866; x_wconf 83' lang='lat' dir='ltr'>substantiam</span> 
     </span>
     <span class='ocr_line' id='line_1_24' title="bbox 82 1890 1610 1943; baseline 0.001 -14"><span class='ocrx_word' id='word_1_192' title='bbox 82 1892 199 1943; x_wconf 84' lang='lat' dir='ltr'>ipsam</span> <span class='ocrx_word' id='word_1_193' title='bbox 237 1905 257 1928; x_wconf 90' lang='lat' dir='ltr'>a</span> <span class='ocrx_word' id='word_1_194' title='bbox 294 1890 404 1929; x_wconf 89' lang='lat' dir='ltr'>nobis</span> <span class='ocrx_word' id='word_1_195' title='bbox 441 1903 486 1928; x_wconf 83' lang='lat' dir='ltr'>ex</span> <span class='ocrx_word' id='word_1_196' title='bbox 521 1893 638 1927; x_wconf 89' lang='lat' dir='ltr'>matre</span> <span class='ocrx_word' id='word_1_197' title='bbox 673 1890 820 1938; x_wconf 83' lang='lat' dir='ltr'>virgine</span> <span class='ocrx_word' id='word_1_198' title='bbox 853 1893 983 1927; x_wconf 91' lang='lat' dir='ltr'>autore</span> <span class='ocrx_word' id='word_1_199' title='bbox 1019 1890 1162 1941; x_wconf 85' lang='lat' dir='ltr'>Spiritu</span> <span class='ocrx_word' id='word_1_200' title='bbox 1201 1896 1330 1928; x_wconf 87' lang='lat' dir='ltr'>sancto</span> <span class='ocrx_word' id='word_1_201' title='bbox 1360 1892 1542 1943; x_wconf 88' lang='lat' dir='ltr'>acceperit</span> <span class='ocrx_word' id='word_1_202' title='bbox 1570 1893 1610 1931; x_wconf 89' lang='lat' dir='ltr'>in</span> 
     </span>
     <span class='ocr_line' id='line_1_25' title="bbox 82 1954 1610 2007; baseline 0 -12"><span class='ocrx_word' id='word_1_203' title='bbox 82 1971 147 1995; x_wconf 83' lang='lat' dir='ltr'>sua</span> <span class='ocrx_word' id='word_1_204' title='bbox 183 1955 453 2000; x_wconf 83' lang='lat' dir='ltr'>incarnatione,</span> <span class='ocrx_word' id='word_1_205' title='bbox 487 1955 600 2006; x_wconf 86' lang='lat' dir='ltr'>idque</span> <span class='ocrx_word' id='word_1_206' title='bbox 627 1956 712 2003; x_wconf 84' lang='lat'>(14)</span> <span class='ocrx_word' id='word_1_207' title='bbox 748 1967 812 2005; x_wconf 87' lang='lat' dir='ltr'>per</span> <span class='ocrx_word' id='word_1_208' title='bbox 848 1954 1185 2005; x_wconf 85' lang='lat' dir='ltr'>participationem.</span> <span class='ocrx_word' id='word_1_209' title='bbox 1240 1955 1331 1993; x_wconf 90' lang='lat' dir='ltr'>Non</span> <span class='ocrx_word' id='word_1_210' title='bbox 1357 1969 1466 2007; x_wconf 82' lang='lat' dir='ltr'>posse</span> <span class='ocrx_word' id='word_1_211' title='bbox 1492 1957 1610 2006; x_wconf 82' lang='lat' dir='ltr'>igitur</span> 
     </span>
     <span class='ocr_line' id='line_1_26' title="bbox 81 2017 1609 2070; baseline 0.001 -12"><span class='ocrx_word' id='word_1_212' title='bbox 81 2021 155 2058; x_wconf 88' lang='lat' dir='ltr'>duo</span> <span class='ocrx_word' id='word_1_213' title='bbox 184 2020 274 2057; x_wconf 86' lang='lat' dir='ltr'>haec</span> <span class='ocrx_word' id='word_1_214' title='bbox 301 2018 411 2056; x_wconf 89' lang='lat' dir='ltr'>simul</span> <span class='ocrx_word' id='word_1_215' title='bbox 440 2017 654 2062; x_wconf 89' lang='lat' dir='ltr'>consistere,</span> <span class='ocrx_word' id='word_1_216' title='bbox 681 2021 722 2055; x_wconf 87' lang='lat' dir='ltr'>ut</span> <span class='ocrx_word' id='word_1_217' title='bbox 749 2018 904 2056; x_wconf 87' lang='lat' dir='ltr'>eandem</span> <span class='ocrx_word' id='word_1_218' title='bbox 931 2018 1051 2069; x_wconf 86' lang='lat' dir='ltr'>ipsam</span> <span class='ocrx_word' id='word_1_219' title='bbox 1080 2019 1245 2070; x_wconf 89' lang='lat' dir='ltr'>corporis</span> <span class='ocrx_word' id='word_1_220' title='bbox 1273 2024 1309 2057; x_wconf 86' lang='lat' dir='ltr'>et</span> <span class='ocrx_word' id='word_1_221' title='bbox 1337 2021 1533 2070; x_wconf 81' lang='lat' dir='ltr'>sanguinis</span> <span class='ocrx_word' id='word_1_222' title='bbox 1551 2023 1609 2060; x_wconf 89' lang='lat' dir='ltr'>sui</span> 
     </span>
     <span class='ocr_line' id='line_1_27' title="bbox 81 2083 1610 2138; baseline 0.001 -14"><span class='ocrx_word' id='word_1_223' title='bbox 81 2085 261 2124; x_wconf 87' lang='lat' dir='ltr'>naturalis</span> <span class='ocrx_word' id='word_1_224' title='bbox 297 2084 544 2122; x_wconf 82' lang='lat' dir='ltr'>substantiam</span> <span class='ocrx_word' id='word_1_225' title='bbox 575 2084 686 2120; x_wconf 89' lang='lat' dir='ltr'>simul</span> <span class='ocrx_word' id='word_1_226' title='bbox 713 2087 748 2120; x_wconf 90' lang='lat' dir='ltr'>et</span> <span class='ocrx_word' id='word_1_227' title='bbox 775 2096 796 2120; x_wconf 88' lang='lat' dir='ltr'>a</span> <span class='ocrx_word' id='word_1_228' title='bbox 825 2083 933 2121; x_wconf 84' lang='lat' dir='ltr'>nobis</span> <span class='ocrx_word' id='word_1_229' title='bbox 971 2097 1036 2135; x_wconf 90' lang='lat' dir='ltr'>per</span> <span class='ocrx_word' id='word_1_230' title='bbox 1062 2084 1386 2135; x_wconf 83' lang='lat' dir='ltr'>participationem</span> <span class='ocrx_word' id='word_1_231' title='bbox 1415 2087 1610 2138; x_wconf 83' lang='lat' dir='ltr'>acceperit,</span> 
     </span>
     <span class='ocr_line' id='line_1_28' title="bbox 80 2148 1607 2203; baseline 0.001 -15"><span class='ocrx_word' id='word_1_232' title='bbox 80 2155 120 2188; x_wconf 88' lang='lat' dir='ltr'>ut</span> <span class='ocrx_word' id='word_1_233' title='bbox 156 2150 213 2187; x_wconf 91' lang='lat' dir='ltr'>illi</span> <span class='ocrx_word' id='word_1_234' title='bbox 250 2148 446 2187; x_wconf 89' lang='lat' dir='ltr'>nobiscum</span> <span class='ocrx_word' id='word_1_235' title='bbox 486 2148 694 2185; x_wconf 86' lang='lat' dir='ltr'>communis</span> <span class='ocrx_word' id='word_1_236' title='bbox 723 2151 830 2193; x_wconf 88' lang='lat' dir='ltr'>esset,</span> <span class='ocrx_word' id='word_1_237' title='bbox 866 2152 901 2186; x_wconf 86' lang='lat' dir='ltr'>et</span> <span class='ocrx_word' id='word_1_238' title='bbox 929 2148 1040 2185; x_wconf 90' lang='lat' dir='ltr'>nobis</span> <span class='ocrx_word' id='word_1_239' title='bbox 1067 2149 1178 2186; x_wconf 88' lang='lat' dir='ltr'>etiam</span> <span class='ocrx_word' id='word_1_240' title='bbox 1208 2150 1323 2187; x_wconf 87' lang='lat' dir='ltr'>veluti</span> <span class='ocrx_word' id='word_1_241' title='bbox 1351 2150 1395 2188; x_wconf 92' lang='lat' dir='ltr'>de</span> <span class='ocrx_word' id='word_1_242' title='bbox 1424 2164 1491 2189; x_wconf 91' lang='lat' dir='ltr'>suo</span> <span class='ocrx_word' id='word_1_243' title='bbox 1518 2165 1607 2203; x_wconf 88' lang='lat' dir='ltr'>pro-</span> 
     </span>
     <span class='ocr_line' id='line_1_29' title="bbox 81 2210 1608 2266; baseline 0.002 -14"><span class='ocrx_word' id='word_1_244' title='bbox 81 2215 161 2266; x_wconf 89' lang='lat' dir='ltr'>prio</span> <span class='ocrx_word' id='word_1_245' title='bbox 200 2213 361 2252; x_wconf 89' lang='lat' dir='ltr'>donarit.</span> <span class='ocrx_word' id='word_1_246' title='bbox 414 2212 504 2250; x_wconf 92' lang='lat' dir='ltr'>Non</span> <span class='ocrx_word' id='word_1_247' title='bbox 541 2212 639 2250; x_wconf 90' lang='lat' dir='ltr'>enim</span> <span class='ocrx_word' id='word_1_248' title='bbox 669 2210 827 2250; x_wconf 89' lang='lat' dir='ltr'>dicimur</span> <span class='ocrx_word' id='word_1_249' title='bbox 854 2226 1033 2264; x_wconf 88' lang='lat' dir='ltr'>unquam,</span> <span class='ocrx_word' id='word_1_250' title='bbox 1061 2217 1124 2251; x_wconf 90' lang='lat' dir='ltr'>aut</span> <span class='ocrx_word' id='word_1_251' title='bbox 1151 2214 1318 2265; x_wconf 87' lang='lat' dir='ltr'>accipere</span> <span class='ocrx_word' id='word_1_252' title='bbox 1344 2228 1438 2266; x_wconf 90' lang='lat' dir='ltr'>quae</span> <span class='ocrx_word' id='word_1_253' title='bbox 1466 2216 1511 2254; x_wconf 86' lang='lat' dir='ltr'>de</span> <span class='ocrx_word' id='word_1_254' title='bbox 1539 2230 1608 2255; x_wconf 88' lang='lat'><em>110-</em></span> 
     </span>
     <span class='ocr_line' id='line_1_30' title="bbox 79 2277 1608 2333; baseline 0.001 -14"><span class='ocrx_word' id='word_1_255' title='bbox 79 2285 156 2320; x_wconf 88' lang='lat' dir='ltr'>stro</span> <span class='ocrx_word' id='word_1_256' title='bbox 194 2280 267 2332; x_wconf 92' lang='lat' dir='ltr'>ipsi</span> <span class='ocrx_word' id='word_1_257' title='bbox 305 2280 445 2324; x_wconf 84' lang='lat' dir='ltr'>damus,</span> <span class='ocrx_word' id='word_1_258' title='bbox 480 2282 544 2316; x_wconf 88' lang='lat' dir='ltr'>aut</span> <span class='ocrx_word' id='word_1_259' title='bbox 582 2278 626 2316; x_wconf 91' lang='lat' dir='ltr'>de</span> <span class='ocrx_word' id='word_1_260' title='bbox 661 2285 791 2316; x_wconf 80' lang='lat' dir='ltr'>nostro</span> <span class='ocrx_word' id='word_1_261' title='bbox 828 2277 914 2315; x_wconf 86' lang='lat' dir='ltr'>dare</span> <span class='ocrx_word' id='word_1_262' title='bbox 949 2278 1002 2324; x_wconf 86' lang='lat' dir='ltr'>id,</span> <span class='ocrx_word' id='word_1_263' title='bbox 1038 2278 1139 2329; x_wconf 88' lang='lat' dir='ltr'>quod</span> <span class='ocrx_word' id='word_1_264' title='bbox 1177 2279 1328 2317; x_wconf 85' lang='lat' dir='ltr'>aliunde</span> <span class='ocrx_word' id='word_1_265' title='bbox 1365 2280 1506 2331; x_wconf 85' lang='lat' dir='ltr'>alioqui</span> <span class='ocrx_word' id='word_1_266' title='bbox 1542 2296 1608 2333; x_wconf 89' lang='lat' dir='ltr'>per</span> 
     </span>
     <span class='ocr_line' id='line_1_31' title="bbox 80 2343 1608 2398; baseline 0.001 -14"><span class='ocrx_word' id='word_1_267' title='bbox 80 2345 402 2398; x_wconf 88' lang='lat' dir='ltr'>participationem</span> <span class='ocrx_word' id='word_1_268' title='bbox 434 2343 614 2381; x_wconf 81' lang='lat' dir='ltr'>duntaxat</span> <span class='ocrx_word' id='word_1_269' title='bbox 642 2347 834 2394; x_wconf 86' lang='lat' dir='ltr'>acceptum</span> <span class='ocrx_word' id='word_1_270' title='bbox 864 2356 1059 2380; x_wconf 87' lang='lat' dir='ltr'>commune</span> <span class='ocrx_word' id='word_1_271' title='bbox 1079 2356 1170 2381; x_wconf 83' lang='lat' dir='ltr'>cum</span> <span class='ocrx_word' id='word_1_272' title='bbox 1198 2343 1281 2381; x_wconf 88' lang='lat' dir='ltr'>aliis</span> <span class='ocrx_word' id='word_1_273' title='bbox 1309 2344 1499 2384; x_wconf 86' lang='lat' dir='ltr'>habemus.</span> <span class='ocrx_word' id='word_1_274' title='bbox 1531 2346 1608 2385; x_wconf 91' lang='lat' dir='ltr'>Hic</span> 
     </span>
     <span class='ocr_line' id='line_1_32' title="bbox 83 2407 1609 2459; baseline 0 -9"><span class='ocrx_word' id='word_1_275' title='bbox 83 2425 167 2450; x_wconf 89' lang='lat' dir='ltr'>vero</span> <span class='ocrx_word' id='word_1_276' title='bbox 204 2410 315 2456; x_wconf 80' lang='lat' dir='ltr'>addo,</span> <span class='ocrx_word' id='word_1_277' title='bbox 346 2409 514 2447; x_wconf 88' lang='lat' dir='ltr'>omnium</span> <span class='ocrx_word' id='word_1_278' title='bbox 550 2408 588 2446; x_wconf 90' lang='lat' dir='ltr'>id</span> <span class='ocrx_word' id='word_1_279' title='bbox 626 2407 828 2446; x_wconf 87' lang='lat' dir='ltr'>clarissime</span> <span class='ocrx_word' id='word_1_280' title='bbox 863 2408 903 2445; x_wconf 90' lang='lat' dir='ltr'>in</span> <span class='ocrx_word' id='word_1_281' title='bbox 937 2409 1018 2459; x_wconf 87' lang='lat' dir='ltr'>ipso</span> <span class='ocrx_word' id='word_1_282' title='bbox 1057 2408 1192 2446; x_wconf 87' lang='lat' dir='ltr'>Matris</span> <span class='ocrx_word' id='word_1_283' title='bbox 1219 2408 1376 2459; x_wconf 85' lang='lat' dir='ltr'>virginis</span> <span class='ocrx_word' id='word_1_284' title='bbox 1403 2413 1439 2448; x_wconf 91' lang='lat' dir='ltr'>et</span> <span class='ocrx_word' id='word_1_285' title='bbox 1468 2411 1609 2450; x_wconf 85' lang='lat' dir='ltr'>Christi</span> 
     </span>
     <span class='ocr_line' id='line_1_33' title="bbox 81 2472 1609 2525; baseline 0.001 -11"><span class='ocrx_word' id='word_1_286' title='bbox 81 2475 235 2514; x_wconf 89' lang='lat' dir='ltr'>Domini</span> <span class='ocrx_word' id='word_1_287' title='bbox 280 2474 448 2525; x_wconf 81' lang='lat' dir='ltr'>exemplo</span> <span class='ocrx_word' id='word_1_288' title='bbox 499 2472 657 2524; x_wconf 83' lang='lat' dir='ltr'>perspici</span> <span class='ocrx_word' id='word_1_289' title='bbox 701 2486 822 2524; x_wconf 82' lang='lat' dir='ltr'>posse,</span> <span class='ocrx_word' id='word_1_290' title='bbox 868 2486 980 2524; x_wconf 90' lang='lat' dir='ltr'>quam</span> <span class='ocrx_word' id='word_1_291' title='bbox 1019 2473 1173 2511; x_wconf 89' lang='lat' dir='ltr'>dubium</span> <span class='ocrx_word' id='word_1_292' title='bbox 1222 2473 1361 2525; x_wconf 86' lang='lat' dir='ltr'>alioqui</span> <span class='ocrx_word' id='word_1_293' title='bbox 1398 2488 1476 2513; x_wconf 90' lang='lat' dir='ltr'>non</span> <span class='ocrx_word' id='word_1_294' title='bbox 1511 2481 1609 2515; x_wconf 86' lang='lat' dir='ltr'>esset</span> 
     </span>
     <span class='ocr_line' id='line_1_34' title="bbox 81 2537 1608 2589; baseline 0 -9"><span class='ocrx_word' id='word_1_295' title='bbox 81 2542 206 2580; x_wconf 89' lang='lat' dir='ltr'>Coena</span> <span class='ocrx_word' id='word_1_296' title='bbox 239 2539 394 2578; x_wconf 86' lang='lat' dir='ltr'>Domini</span> <span class='ocrx_word' id='word_1_297' title='bbox 429 2551 502 2576; x_wconf 90' lang='lat' dir='ltr'>una</span> <span class='ocrx_word' id='word_1_298' title='bbox 539 2551 622 2576; x_wconf 89' lang='lat' dir='ltr'>cum</span> <span class='ocrx_word' id='word_1_299' title='bbox 652 2538 845 2589; x_wconf 87' lang='lat' dir='ltr'>Apostolis</span> <span class='ocrx_word' id='word_1_300' title='bbox 873 2550 978 2575; x_wconf 87' lang='lat' dir='ltr'>usam</span> <span class='ocrx_word' id='word_1_301' title='bbox 1004 2551 1096 2577; x_wconf 87' lang='lat' dir='ltr'>esse.</span> <span class='ocrx_word' id='word_1_302' title='bbox 1150 2537 1348 2577; x_wconf 79' lang='lat' dir='ltr'>Quatenus</span> <span class='ocrx_word' id='word_1_303' title='bbox 1376 2540 1475 2578; x_wconf 89' lang='lat' dir='ltr'>enim</span> <span class='ocrx_word' id='word_1_304' title='bbox 1502 2546 1608 2580; x_wconf 83' lang='lat' dir='ltr'>extra</span> 
     </span>
     <span class='ocr_line' id='line_1_35' title="bbox 81 2603 1605 2654; baseline -0.001 -9"><span class='ocrx_word' id='word_1_305' title='bbox 81 2605 374 2645; x_wconf 88' lang='lat' dir='ltr'>controversiam</span> <span class='ocrx_word' id='word_1_306' title='bbox 411 2607 478 2650; x_wconf 87' lang='lat' dir='ltr'>est,</span> <span class='ocrx_word' id='word_1_307' title='bbox 516 2603 704 2641; x_wconf 88' lang='lat' dir='ltr'>Christum</span> <span class='ocrx_word' id='word_1_308' title='bbox 743 2603 948 2640; x_wconf 90' lang='lat' dir='ltr'>Dominum</span> <span class='ocrx_word' id='word_1_309' title='bbox 985 2616 1030 2641; x_wconf 83' lang='lat' dir='ltr'>ex</span> <span class='ocrx_word' id='word_1_310' title='bbox 1067 2606 1184 2642; x_wconf 87' lang='lat' dir='ltr'>matre</span> <span class='ocrx_word' id='word_1_311' title='bbox 1221 2604 1366 2654; x_wconf 90' lang='lat' dir='ltr'>virgine</span> <span class='ocrx_word' id='word_1_312' title='bbox 1403 2605 1449 2644; x_wconf 88' lang='lat' dir='ltr'>de</span> <span class='ocrx_word' id='word_1_313' title='bbox 1475 2610 1605 2644; x_wconf 86' lang='lat' dir='ltr'>nostro</span> 
     </span>
     <span class='ocr_line' id='line_1_36' title="bbox 80 2668 1608 2724; baseline -0.001 -14"><span class='ocrx_word' id='word_1_314' title='bbox 80 2672 233 2724; x_wconf 89' lang='lat' dir='ltr'>proprio</span> <span class='ocrx_word' id='word_1_315' title='bbox 267 2671 386 2722; x_wconf 89' lang='lat' dir='ltr'>ipsam</span> <span class='ocrx_word' id='word_1_316' title='bbox 422 2669 589 2721; x_wconf 88' lang='lat' dir='ltr'>corporis</span> <span class='ocrx_word' id='word_1_317' title='bbox 626 2672 659 2706; x_wconf 83' lang='lat' dir='ltr'>et</span> <span class='ocrx_word' id='word_1_318' title='bbox 697 2668 890 2718; x_wconf 85' lang='lat' dir='ltr'>sanguinis</span> <span class='ocrx_word' id='word_1_319' title='bbox 929 2668 986 2706; x_wconf 88' lang='lat' dir='ltr'>sui</span> <span class='ocrx_word' id='word_1_320' title='bbox 1013 2669 1196 2707; x_wconf 88' lang='lat' dir='ltr'>naturalis</span> <span class='ocrx_word' id='word_1_321' title='bbox 1224 2670 1475 2709; x_wconf 82' lang='lat' dir='ltr'>substantiam</span> <span class='ocrx_word' id='word_1_322' title='bbox 1502 2684 1608 2709; x_wconf 88' lang='lat' dir='ltr'>acce-</span> 
     </span>
     <span class='ocr_line' id='line_1_37' title="bbox 80 2735 1607 2788; baseline 0.001 -14"><span class='ocrx_word' id='word_1_323' title='bbox 80 2737 190 2788; x_wconf 86' lang='lat' dir='ltr'>pisse,</span> <span class='ocrx_word' id='word_1_324' title='bbox 217 2741 257 2775; x_wconf 94' lang='lat' dir='ltr'>ut</span> <span class='ocrx_word' id='word_1_325' title='bbox 282 2736 339 2774; x_wconf 89' lang='lat' dir='ltr'>illi</span> <span class='ocrx_word' id='word_1_326' title='bbox 367 2735 540 2786; x_wconf 89' lang='lat' dir='ltr'>deinceps</span> <span class='ocrx_word' id='word_1_327' title='bbox 566 2735 639 2772; x_wconf 88' lang='lat' dir='ltr'>iam</span> <span class='ocrx_word' id='word_1_328' title='bbox 669 2739 704 2772; x_wconf 91' lang='lat' dir='ltr'>et</span> <span class='ocrx_word' id='word_1_329' title='bbox 733 2747 814 2772; x_wconf 87' lang='lat' dir='ltr'>cum</span> <span class='ocrx_word' id='word_1_330' title='bbox 857 2738 976 2773; x_wconf 89' lang='lat' dir='ltr'>matre</span> <span class='ocrx_word' id='word_1_331' title='bbox 1003 2738 1037 2772; x_wconf 86' lang='lat' dir='ltr'>et</span> <span class='ocrx_word' id='word_1_332' title='bbox 1065 2747 1128 2786; x_wconf 90' lang='lat' dir='ltr'>per</span> <span class='ocrx_word' id='word_1_333' title='bbox 1153 2735 1256 2773; x_wconf 86' lang='lat' dir='ltr'>illam</span> <span class='ocrx_word' id='word_1_334' title='bbox 1286 2736 1480 2774; x_wconf 87' lang='lat' dir='ltr'>nobiscum</span> <span class='ocrx_word' id='word_1_335' title='bbox 1505 2750 1607 2775; x_wconf 92' lang='lat' dir='ltr'>com-</span> 
     </span>
     <span class='ocr_line' id='line_1_38' title="bbox 82 2799 1607 2854; baseline 0 -13"><span class='ocrx_word' id='word_1_336' title='bbox 82 2803 203 2841; x_wconf 89' lang='lat' dir='ltr'>munis</span> <span class='ocrx_word' id='word_1_337' title='bbox 231 2815 373 2854; x_wconf 87' lang='lat' dir='ltr'>semper</span> <span class='ocrx_word' id='word_1_338' title='bbox 400 2805 570 2846; x_wconf 86' lang='lat' dir='ltr'>esset‚—</span> <span class='ocrx_word' id='word_1_339' title='bbox 589 2803 686 2838; x_wconf 89' lang='lat' dir='ltr'>certe</span> <span class='ocrx_word' id='word_1_340' title='bbox 706 2800 886 2838; x_wconf 87' lang='lat' dir='ltr'>hactenus</span> <span class='ocrx_word' id='word_1_341' title='bbox 901 2799 974 2837; x_wconf 86' lang='lat' dir='ltr'>dici</span> <span class='ocrx_word' id='word_1_342' title='bbox 990 2813 1066 2839; x_wconf 89' lang='lat' dir='ltr'>non</span> <span class='ocrx_word' id='word_1_343' title='bbox 1079 2804 1214 2852; x_wconf 88' lang='lat' dir='ltr'>potest,</span> <span class='ocrx_word' id='word_1_344' title='bbox 1231 2801 1421 2840; x_wconf 88' lang='lat' dir='ltr'>Christum</span> <span class='ocrx_word' id='word_1_345' title='bbox 1441 2801 1607 2852; x_wconf 84' lang='lat' dir='ltr'>Do-(15)</span> 
     </span>
     <span class='ocr_line' id='line_1_39' title="bbox 83 2862 1606 2917; baseline -0.001 -11"><span class='ocrx_word' id='word_1_346' title='bbox 83 2868 223 2906; x_wconf 87' lang='lat' dir='ltr'>minum</span> <span class='ocrx_word' id='word_1_347' title='bbox 261 2867 305 2905; x_wconf 89' lang='lat' dir='ltr'>de</span> <span class='ocrx_word' id='word_1_348' title='bbox 339 2880 405 2905; x_wconf 90' lang='lat' dir='ltr'>suo</span> <span class='ocrx_word' id='word_1_349' title='bbox 441 2866 593 2917; x_wconf 85' lang='lat' dir='ltr'>proprio</span> <span class='ocrx_word' id='word_1_350' title='bbox 627 2862 783 2903; x_wconf 79' lang='lat' dir='ltr'>eandem</span> <span class='ocrx_word' id='word_1_351' title='bbox 818 2865 937 2917; x_wconf 87' lang='lat' dir='ltr'>ipsam</span> <span class='ocrx_word' id='word_1_352' title='bbox 974 2866 1140 2917; x_wconf 83' lang='lat' dir='ltr'>corporis</span> <span class='ocrx_word' id='word_1_353' title='bbox 1168 2869 1203 2904; x_wconf 90' lang='lat' dir='ltr'>et</span> <span class='ocrx_word' id='word_1_354' title='bbox 1232 2866 1424 2915; x_wconf 83' lang='lat' dir='ltr'>sanguinis</span> <span class='ocrx_word' id='word_1_355' title='bbox 1453 2866 1511 2904; x_wconf 89' lang='lat' dir='ltr'>sui</span> <span class='ocrx_word' id='word_1_356' title='bbox 1539 2880 1606 2905; x_wconf 88' lang='lat' dir='ltr'>na·</span> 
     </span>
    </p>
   </div>
  </div>
 </body>
</html>
