1818 3178
138 98 207 137 288

138 209 280 260 cipibus
307 213 343 248 et
370 209 489 246 doctis
517 212 552 246 et
578 207 771 254 Ecclesiis,
796 207 897 245 illius
924 207 1076 246 nomine
1104 209 1326 258 conjunctis,
1350 208 1549 260 petendam
1567 222 1657 247 esse.

136 275 304 312 Alterum
342 277 478 317 autem,
506 285 584 309 eam
613 272 729 309 solam
754 272 1099 323 interpretationem
1128 273 1398 312 defendendam
1428 272 1520 319 esse,
1546 286 1656 323 quam

135 337 334 382 Ecclesiae,
362 350 456 387 quae
481 337 584 374 illam
611 341 840 387 receperunt,
868 350 942 374 non
973 337 1123 387 quidem
1145 351 1286 390 semper
1303 342 1430 390 postea
1451 337 1540 386 (hoc
1559 338 1658 375 enim

136 415 211 440 non
248 402 298 438 ita
336 400 444 438 facile
471 400 717 450 probaverit),
745 400 806 438 sed
833 414 898 451 per
925 401 1068 451 aliquot
1096 401 1275 440 duntaxat
1302 415 1421 440 annos
1449 401 1657 438 docuerunt

133 470 168 501 et
205 463 461 501 defenderunt.
517 462 704 513 Quodque
740 463 786 500 ad
814 463 915 514 prius
941 464 1035 501 illud
1062 465 1207 511 attinet,
1234 465 1317 516 quis
1343 478 1421 503 uon
1449 464 1571 502 videat
1596 464 1657 500 fu-

134 541 215 565 cum
253 527 472 577 westphali,
510 526 599 564 dum
627 527 908 565 Confessionem
939 532 1050 577 negat
1077 529 1217 566 autoris
1245 542 1335 574 esse,
1363 529 1461 580 quod
1489 541 1565 565 non
1593 540 1657 578 per

130 592 265 641 ipsum,
301 591 364 628 sed
391 604 454 641 per
482 591 675 642 Principes
704 591 751 629 sit
777 592 972 629 exhibita?
1027 592 1149 630 Quid!
1180 593 1211 629 si
1238 594 1338 630 enim
1363 592 1564 643 Principes,
1591 591 1656 642 qui

132 655 415 692 Confessionem
452 655 554 693 Caes.
596 655 785 705 Majestati
822 656 1081 700 exhibuerunt,
1109 669 1182 695 non
1213 657 1383 707 equidem
1412 657 1516 694 illam
1543 655 1657 694 veluti

128 733 388 771 praemansum
426 720 610 770 quoddam
649 721 688 758 in
725 734 766 759 os
803 722 940 759 autoris
977 722 1227 771 ingesserunt,
1255 722 1332 766 sed,
1360 722 1404 760 de
1431 722 1502 759 fide
1529 721 1655 772 potius

128 785 339 835 pietateque
373 788 407 822 et
442 785 650 822 eruditione
687 785 848 823 hominis
884 786 1022 836 optime
1049 786 1191 837 alioqui
1217 787 1397 837 persuasi,
1422 785 1654 836 provinciam

130 849 348 886 scribendae
385 849 642 887 Confessionis
678 854 796 888 totam
829 851 896 887 uni
930 850 985 887 illi
1022 863 1109 901 prae
1148 850 1230 887 aliis
1258 850 1433 887 omnibus
1462 849 1655 887 concredi-

129 913 276 959 derunt,
312 914 573 965 scriptamque,
610 919 649 952 ut
685 919 796 960 extat,
826 916 935 965 juxta
972 914 1113 952 autoris
1143 914 1252 952 unius
1277 915 1380 951 illius
1407 913 1654 965 proculdubio

129 979 415 1029 explicationem
441 984 672 1031 receperunt,
697 985 880 1031 receptam
911 980 1213 1031 comprobarunt,
1242 979 1519 1030 comprobatam
1550 979 1654 1017 Caes.

129 1042 319 1093 Majestati
347 1057 390 1081 ac
416 1044 568 1094 reliquis
596 1044 710 1081 totius
739 1044 892 1095 Imperii
920 1043 1127 1081 Ordinibus
1155 1044 1416 1087 exhibuerunt,
1443 1046 1553 1093 atque
1572 1055 1654 1080 om-

129 1122 194 1146 nes
230 1109 331 1146 illam
368 1109 516 1146 demum
550 1109 665 1146 totius
701 1109 853 1160 Imperii
890 1109 1065 1155 Ordines,
1100 1113 1140 1147 ut
1166 1112 1222 1147 est
1249 1109 1428 1154 exhibita,
1457 1109 1655 1145 confirma-

128 1177 216 1210 runt
262 1176 298 1210 et
341 1173 491 1224 publico
537 1173 583 1210 ad
629 1177 834 1211 extremum
879 1173 1026 1211 foedere
1070 1177 1285 1211 sanxerunt.
1339 1172 1455 1218 Quid,
1489 1172 1658 1222 inquam,

128 1238 288 1275 etiamne
322 1237 445 1275 adhuc
480 1237 633 1286 negabit
672 1237 924 1288 Westphalus,
960 1238 1243 1275 Confessionem
1268 1237 1388 1288 ipsam
1415 1236 1527 1274 unius
1552 1235 1656 1273 illius

128 1301 212 1349 (fol.
243 1303 308 1349 29)
346 1301 486 1339 autoris
523 1314 613 1347 esse,
652 1305 689 1339 ut
726 1302 773 1339 ab
811 1315 853 1339 eo
892 1315 969 1340 non
1006 1306 1154 1353 petatur
1187 1302 1288 1340 illius
1317 1302 1544 1352 explicatio?
1598 1303 1657 1339 Ac

128 1378 206 1403 non
241 1365 365 1416 potius
403 1378 488 1403 vera
525 1379 568 1403 ac
602 1366 768 1415 legitima
805 1366 1061 1404 Confessionis
1088 1366 1360 1417 interpretatio,
1386 1365 1516 1403 invitis
1543 1365 1655 1403 etiam

128 1430 305 1468 omnibus
342 1429 551 1481 Westphali
586 1430 707 1476 furiis,
742 1431 900 1482 petenda
936 1431 1007 1469 erit
1033 1444 1078 1469 ex
1104 1431 1256 1482 publico
1285 1431 1367 1481 ipso
1397 1430 1654 1468 Confessionis

128 1495 279 1545 scripto,
314 1498 351 1531 ut
391 1498 505 1539 extat,
539 1498 602 1533 aut
629 1495 741 1532 unius
769 1495 910 1546 alioqui
935 1495 1037 1533 illius
1065 1495 1206 1533 autoris
1233 1494 1492 1546 explicatione,
1521 1494 1581 1532 cui
1606 1495 1655 1531 il-

125 1558 197 1596 lam
227 1559 293 1596 uni
320 1572 448 1597 omnes
475 1563 566 1597 tunc
592 1559 782 1610 Principes
810 1564 845 1597 et
874 1559 1109 1597 scribendam
1138 1559 1404 1597 commiserunt
1423 1563 1459 1596 et
1477 1558 1654 1609 scriptam

126 1623 381 1674 approbarunt
417 1628 452 1662 et
491 1624 735 1675 approbatam
762 1624 913 1675 publico
943 1624 1096 1675 Imperii
1123 1624 1272 1662 foedere
1299 1627 1516 1670 sanxerunt,
1542 1636 1653 1674 quam

127 1696 167 1725 ut
212 1701 330 1726 novos
371 1689 451 1738 ejus
488 1689 721 1739 interpretes,
756 1693 791 1726 et
828 1688 978 1739 quidem
1014 1688 1242 1739 incognitos,
1279 1688 1526 1739 quaeramus?
1580 1686 1653 1724 Sed

129 1752 229 1790 aliud
266 1752 343 1801 agit
381 1752 620 1803 Westphalus
647 1753 832 1791 Profetica
861 1753 1096 1804 simplicitate
1125 1767 1202 1793 sua.
1257 1753 1318 1791 Ad
1347 1753 1539 1804 Principes
1565 1766 1652 1804 pro-

128 1820 247 1862 vocat,
281 1830 356 1853 non
392 1817 491 1867 quod
519 1817 734 1868 Principum
761 1817 929 1868 ipsorum
954 1817 1263 1869 interpretatione
1289 1822 1388 1856 stare
1416 1818 1517 1864 velit,
1542 1831 1654 1869 quam

127 1881 270 1918 nullam
306 1881 447 1931 alioqui
483 1886 664 1932 expectat,
700 1882 763 1919 sed
800 1882 900 1933 quod
935 1886 1040 1933 putet
1068 1883 1139 1920 hoc
1165 1886 1364 1934 praetextu
1391 1895 1468 1920 non
1496 1883 1653 1920 Confes-

127 1943 244 1980 sionis
270 1944 382 1981 modo
409 1944 767 1995 interpretationem,
795 1959 920 1983 verum
951 1959 1081 1984 causae
1109 1948 1222 1985 etiam
1249 1947 1364 1985 totius
1393 1961 1587 1994 summam,
1606 1947 1653 1984 ad

129 2021 166 2045 se
193 2011 228 2045 et
257 2021 343 2045 suos
372 2009 611 2058 syncretistas
638 2009 804 2060 pertrahi
830 2023 951 2061 posse.
989 2011 1036 2048 Id
1065 2024 1153 2049 sane
1181 2012 1290 2049 facile
1318 2015 1373 2049 est
1400 2011 1535 2055 videre,
1563 2011 1653 2048 dum

127 2072 240 2109 altera
276 2073 447 2123 protinus
487 2073 705 2111 collectione
741 2074 859 2119 addit,
893 2088 973 2112 eam
1008 2076 1246 2126 potissimum
1274 2077 1495 2114 sententiam
1524 2075 1652 2113 defen-

130 2134 286 2171 dendam
329 2149 420 2180 esse,
463 2149 541 2174 non
577 2150 686 2187 quam
724 2138 914 2189 Principes
951 2139 1091 2190 alioqui
1128 2140 1200 2191 ipsi
1235 2140 1385 2178 allaturi
1419 2144 1555 2186 essent,
1588 2140 1652 2178 sed

129 2212 239 2249 quam
281 2200 469 2238 Ecclesiae
513 2203 622 2240 annis
659 2203 801 2254 aliquot
839 2204 1045 2242 docuerunt
1080 2209 1116 2242 et
1153 2205 1409 2244 defenderunt.
1464 2206 1653 2243 Ecclesiae

127 2270 247 2303 autem
286 2265 500 2317 Westphalo
536 2281 613 2305 non
651 2274 749 2313 sunt,
784 2269 857 2306 nisi
894 2269 1147 2308 Ecclesiarum
1183 2271 1370 2318 Pastores,
1405 2284 1499 2322 quos
1527 2284 1651 2308 secum

129 2330 358 2380 conspirasse
386 2332 502 2370 novit.
559 2332 741 2383 Quisquis
769 2333 866 2371 enim
897 2334 941 2371 ab
971 2334 1052 2385 ipso
1083 2335 1289 2381 dissentiat,
1315 2335 1487 2386 protinus
1514 2335 1569 2372 illi
1597 2339 1652 2372 est

128 2393 328 2431 Fanaticus
356 2395 676 2434 Sacramentarius
705 2403 741 2435 et
769 2398 1003 2437 chrmerus.
1051 2400 1242 2437 Caeterum
1272 2399 1400 2438 demus
1429 2400 1500 2437 hoc
1527 2399 1651 2436 West-

127 2457 253 2507 phalo,
288 2462 330 2494 ut
359 2457 615 2497 Confessionis
651 2461 997 2512 interpretationem
1027 2463 1073 2500 ab
1104 2463 1294 2510 Ecclesiis,
1321 2476 1415 2514 (luae
1442 2477 1521 2501 eam
1549 2476 1650 2501 rece·

127 2525 274 2571 pei-unt,
300 2524 481 2571 petamus,
508 2525 853 2564 numerabunturne
881 2527 1076 2572 duntaxat,
1094 2541 1136 2566 ac
1155 2541 1233 2566 non
1253 2528 1363 2565 etiam
1385 2527 1649 2578 ponderabun-

126 2589 187 2622 tur
213 2585 361 2622 illarum
389 2588 616 2625 sententiae?
672 2590 820 2628 Quodsi
847 2591 1026 2630 hactenus
1054 2597 1141 2630 sunt
1166 2592 1439 2644 ponderandae,
1467 2594 1649 2642 quatenus

129 2650 413 2688 Confessionem
441 2651 572 2702 ipsam,
600 2658 639 2691 ut
665 2659 720 2692 est
747 2655 928 2699 exhibita,
948 2661 1179 2707 receperunt,
1197 2679 1248 2686 —
1266 2656 1447 2707 equidem,
1466 2661 1649 2707 quatenus

126 2728 207 2752 eam
244 2728 320 2753 non
356 2715 420 2763 ita,
455 2720 497 2754 ut
532 2721 587 2755 est
623 2719 728 2758 Caes,
759 2719 949 2770 Majestati
976 2722 1155 2769 exhibita,
1182 2725 1367 2773 receptam
1394 2734 1473 2759 esse
1500 2721 1547 2759 ab
1575 2722 1650 2760 illis

130 2783 290 2825 constat,
327 2779 504 2818 hactenus
532 2781 643 2819 etiam
672 2783 756 2830 (fol.
786 2787 853 2832 30)
890 2785 1157 2838 interpretatio,
1184 2799 1296 2838 quam
1323 2785 1503 2833 adferent,
1530 2799 1650 2838 neque

128 2843 253 2882 locum
281 2858 400 2897 neque
426 2845 572 2897 pondus
600 2847 714 2885 ullum
743 2848 781 2886 in
810 2851 1028 2901 exponenda
1059 2851 1314 2890 Confessionis
1333 2855 1456 2889 mente
1482 2851 1649 2890 obtinere
