1818 3178
722 180 963 208 PRAEFATIO.
1495 175 1623 204 XXVII

88 288 256 330 Etenim
288 287 358 343 qui
389 285 547 343 publici
576 286 680 328 iuris
710 286 835 328 huius
865 286 1034 343 generis
1064 284 1266 342 opuscula
1296 283 1408 335 facit,
1437 282 1515 325 hoc
1535 297 1619 325 non

88 361 188 416 agit,
229 365 275 401 ut
305 357 396 400 aliis
426 373 572 400 eorum
605 358 758 400 iterum
790 359 1030 414 iterumque
1062 355 1516 414 recognoscendorum,
1549 353 1621 396 sed

91 439 136 473 ut
167 428 442 487 legendorum
477 430 640 485 copiam
672 429 808 471 faciat.
854 429 924 471 Ad
955 427 1190 485 expeditam
1221 427 1363 483 itaque
1386 425 1621 474 lectionem,

89 501 226 558 quoad
263 500 355 543 fieri
394 501 541 557 potuit,
576 500 702 542 Lasci
734 499 971 541 libellorum
1006 507 1167 542 textum
1196 497 1470 541 accomodare
1501 512 1622 539 cona-

90 579 158 615 tus
189 587 296 625 sum,
329 588 536 628 nusquam
568 573 610 614 in
643 573 768 614 meris
798 571 1034 614 scribarum
1066 579 1137 614 aut
1164 570 1532 628 typographorum
1554 583 1621 610 ar-

90 643 274 687 bitrariis
306 644 521 686 erroribus
553 644 846 687 hallucinatus.
882 643 1032 685 Talem
1061 658 1157 685 eum
1189 643 1299 700 typis
1337 640 1621 684 mandandum

91 716 249 767 curavi,
298 716 466 772 qualem
507 723 649 758 nostro
690 723 879 772 tempore
921 716 1021 771 ipse,
1065 715 1098 756 si
1128 715 1286 756 viveret
1315 713 1492 762 Lascus‚
1522 727 1622 754 eum

90 789 272 832 maxime
318 795 491 845 cuperet
532 788 704 839 editum,
750 787 894 830 solutis
939 788 1079 843 itaque
1126 785 1383 842 compendiis
1415 784 1621 834 omnibus,

89 861 337 904 detruncata
367 862 518 918 passim
552 864 677 903 densa
706 860 928 902 initialium
952 860 1069 913 silva,
1094 860 1228 902 vitatis
1251 867 1395 916 utpote
1415 858 1621 901 elementa

91 932 328 975 litterarum
359 932 635 989 componendi
665 931 975 976 variationibus.

148 1004 247 1046 Duo
278 1005 566 1045 tantummodo
596 1004 809 1045 variarum
842 1003 1069 1045 lectionum
1101 1018 1260 1060 genera
1291 1011 1400 1055 sunt,
1435 1018 1538 1060 quas
1565 1002 1624 1045 di-

89 1075 269 1131 ligenter
296 1074 348 1117 ad
379 1074 535 1116 calcem
576 1073 850 1116 recensendas
882 1090 969 1116 esse
1000 1073 1210 1118 duximus.
1272 1074 1466 1117 Primum
1500 1076 1541 1116 in
1575 1075 1624 1117 iis

88 1146 251 1195 libellis,
294 1161 477 1201 quorum
523 1152 596 1187 aut
642 1147 977 1202 manuscriptum
1024 1145 1253 1201 exemplar,
1296 1154 1370 1188 aut
1411 1146 1620 1188 recentior

89 1221 213 1264 editio
241 1235 338 1263 cum
370 1220 562 1269 editione,
594 1235 721 1276 quam
754 1221 885 1262 secuti
916 1236 1073 1272 sumus,
1097 1220 1280 1262 conferri
1302 1220 1450 1276 potuit,
1475 1219 1622 1262 sedulo

91 1294 132 1336 in
176 1293 369 1350 margine
420 1308 565 1335 omnes
617 1301 822 1349 quotquot
873 1294 1153 1350 adspersimus
1207 1294 1467 1344 variationes,
1516 1308 1623 1349 quae

91 1366 156 1408 vel
187 1365 444 1408 levissimum
474 1366 604 1421 ipsius
634 1366 862 1408 sententiae
894 1366 1116 1408 discrimen
1150 1365 1402 1417 redolerent,
1438 1379 1624 1422 praeser-

90 1437 165 1480 tim
196 1437 267 1479 ubi
298 1436 556 1494 dogmatices
587 1452 712 1479 causa
743 1436 793 1479 de
824 1437 1030 1479 industria
1063 1444 1270 1479 mutatum
1302 1437 1444 1479 locum
1474 1437 1621 1494 depre-

91 1508 380 1553 hendissimus.
444 1509 647 1551 Alterum
679 1510 893 1551 variarum
925 1509 1151 1551 lectionum
1185 1524 1320 1566 genus
1350 1509 1392 1551 iu
1424 1509 1622 1566 symboli-

90 1582 148 1623 cis
193 1582 358 1638 scriptis
399 1582 596 1637 reperies,
631 1597 814 1637 quorum
845 1582 1079 1624 versionem
1114 1581 1319 1638 belgicam
1354 1581 1405 1624 ad
1437 1582 1622 1624 litteram

91 1668 224 1710 usque
273 1668 400 1709 quam
447 1653 759 1695 accuratissime
791 1662 1110 1709 repraesentare
1141 1652 1389 1695 studuimus.
1452 1653 1621 1696 Etenim

91 1725 297 1768 scribendi
342 1726 449 1768 ratio
490 1725 601 1781 apud
646 1725 872 1781 populares
919 1733 1023 1767 tunc
1067 1726 1266 1782 temporis
1298 1740 1502 1782 perquam
1533 1732 1624 1768 erat

95 1795 294 1853 ambigua
342 1803 379 1838 et
421 1811 586 1852 anceps,
633 1803 673 1838 et
702 1795 815 1838 haud
855 1796 912 1838 ita
944 1811 1041 1838 raro
1072 1796 1254 1838 eundem
1284 1804 1499 1838 auctorem
1530 1803 1624 1852 post

92 1867 282 1924 elapsum
323 1867 505 1924 spatium
545 1883 616 1909 sex
662 1875 874 1924 septemve
905 1883 1111 1910 annorum
1148 1868 1268 1910 aliter
1300 1869 1341 1910 in
1374 1867 1620 1924 quibusdam

92 1939 262 1982 vocibus
306 1939 528 1981 exarandis
568 1947 781 1982 versatum
825 1956 913 1982 esse
956 1939 1125 1982 videbis.
1187 1939 1458 1996 Quamquam
1491 1941 1623 1996 igitur

93 2011 242 2054 harum
293 2026 460 2067 quoque
511 2012 725 2054 variarum
771 2012 993 2054 lectionem
1036 2013 1224 2055 illuviem
1264 2028 1399 2055 meras
1431 2013 1623 2069 plerique

93 2082 234 2125 sordes
274 2091 314 2124 et
361 2083 608 2139 quisquilias
648 2084 930 2136 aestimarent,
975 2099 1077 2139 quas
1118 2085 1150 2126 si
1182 2085 1438 2127 reticuissem
1473 2101 1525 2127 ne
1557 2085 1623 2127 vel

91 2155 340 2198 levissimam
372 2155 681 2211 perspicuitatis
712 2157 918 2198 iacturam
943 2156 1105 2199 fecisset
1127 2157 1252 2199 Lasci
1275 2157 1514 2199 libellorum
1536 2163 1624 2199 tex-

95 2234 174 2278 tus,
209 2226 274 2269 vel
307 2227 365 2268 sic
396 2235 536 2269 tamen
568 2226 641 2268 ubi
671 2227 815 2283 plures
845 2228 1118 2284 diversaeque
1140 2236 1355 2271 exstarent
1376 2230 1624 2286 recognitio·

93 2314 167 2341 nes
207 2300 478 2355 praecipuam
521 2299 563 2341 in
607 2300 718 2342 hisce
750 2300 937 2343 lectionis
967 2302 1211 2344 varietatem
1242 2302 1375 2345 obiter
1405 2303 1623 2360 adscripsi-

91 2385 198 2422 mus,
221 2377 269 2412 ut
292 2370 485 2412 minutila
507 2370 712 2426 quaedam
731 2371 782 2414 ad
800 2373 1106 2414 accuratiorem
1127 2373 1343 2415 vernaculi
1360 2373 1449 2416 eius
1465 2373 1622 2416 saeculi

92 2443 298 2485 idiomatis
329 2443 615 2500 cognitionem
647 2444 689 2485 in
723 2445 900 2486 transitu
931 2445 1204 2487 adferremus.
1249 2445 1422 2488 Nullius
1454 2447 1620 2501 quidem

93 2514 288 2571 ponderis
318 2514 520 2556 eiusmodi
553 2515 694 2557 variae
725 2515 924 2558 lectiones
955 2516 1141 2566 fuissent,
1174 2532 1252 2560 nec
1273 2533 1380 2573 quae
1402 2525 1622 2560 annotare-

94 2594 164 2628 tur
204 2585 371 2642 dignae,
402 2586 444 2628 in
481 2586 684 2642 scriptore
714 2587 910 2644 imperito
941 2595 984 2630 et
1014 2589 1086 2643 qui
1116 2588 1338 2632 arbitrarie
1368 2590 1623 2646 permiscere

93 2657 233 2700 omnia
275 2665 315 2700 et
351 2673 428 2714 pro
469 2657 590 2700 libitu
630 2658 796 2715 ineptiis
827 2660 913 2702 suis
943 2661 1162 2717 variegare
1194 2668 1353 2703 textum
1388 2661 1625 2706 studuisset.

93 2729 201 2771 Tam
238 2744 399 2771 crassae
438 2744 537 2771 vero
582 2729 867 2787 negligentiae
910 2732 952 2773 in
994 2731 1121 2774 Lasci
1152 2731 1301 2774 libellis
1335 2732 1540 2775 vertendis
1571 2748 1624 2775 ne

92 2802 183 2856 quis
217 2800 516 2844 U'rnNHovluM
549 2817 669 2844 reum
701 2810 814 2859 agat,
848 2803 1057 2860 expendat
1087 2803 1214 2846 velim
1245 2819 1352 2859 quae
1384 2804 1532 2847 nobilis
1553 2805 1624 2847 ille

95 2873 327 2916 Gandavus
367 2873 409 2915 in
453 2874 628 2916 introitu
660 2874 711 2916 ad
744 2874 1060 2918 Catechismum
1091 2876 1403 2919 Londinensem
1440 2878 1624 2932 (nostrae

96 2944 161 2989 ed.
196 2944 320 2987 Tom.
353 2943 411 2987 ΙΙ.
445 2961 486 3003 p.
524 2945 624 3003 346)
672 2945 781 2989 hisce
823 2947 936 2990 ultro
968 2947 1123 2991 fatetur
1155 2947 1309 2991 verbis:
1347 2970 1368 2996 n
1394 2951 1516 2995 Quem
1547 2950 1621 3011 (sc.
