1818 3178
764 177 1012 207 PRAEFATIO.
1583 175 1664 206 LIII

120 284 218 327 culo
248 283 298 326 de
329 283 445 340 lapso
476 284 715 339 iterumque
748 286 939 327 restituto
971 285 1160 327 homine:
1195 300 1302 342 quae
1334 283 1385 326 ad
1417 282 1654 335 Hardenh,

117 355 304 398 exhiberi
344 355 386 396 in
419 370 468 396 eo
502 354 715 398 doctrinae
748 373 847 399 suae
881 373 1105 407 summam,
1140 358 1401 413 potissimum
1433 363 1574 398 autem
1606 356 1656 398 de

118 434 375 486 argumento
424 429 774 470 sacramentario:
819 424 927 484 quae
972 428 1280 471 Melanchthon
1311 428 1361 470 de
1394 429 1657 471 heterodoxis

118 501 277 542 circum
320 499 570 555 baptismum
621 500 888 555 reprehendit
939 500 1217 555 opinionibus,
1262 501 1402 543 omnia
1449 500 1657 557 aptissime

117 573 159 614 in
203 571 389 614 codicem
436 571 558 613 illum
603 572 827 628 quadrant.
892 572 1084 621 Accedit,
1127 572 1237 627 quod
1269 573 1413 615 eodem
1446 573 1659 616 volumine

118 643 300 686 aliorum
341 644 390 685 de
428 643 554 685 Lasci
597 643 702 686 libro
748 643 1012 700 perplurima
1045 643 1199 686 iudicia
1231 653 1447 701 compacta
1478 653 1586 694 sunt,
1619 652 1660 687 et

118 714 223 758 duas
253 722 471 771 praeterea
502 715 628 757 Lasci
660 716 855 771 epistolas
890 715 999 757 idem
1032 715 1164 757 codex
1196 716 1375 758 exhibet.
1424 716 1539 769 Quin
1572 718 1656 758 imo

119 788 247 844 ipsius
278 787 405 830 Lasci
437 788 549 830 curis
583 787 744 829 Emdae
777 788 890 829 hunc
921 787 1105 829 codicem
1141 789 1428 844 conscriptum
1449 788 1656 831 eiusdem-

117 875 200 916 que
231 860 360 916 ipsius
392 875 520 901 manu
555 860 736 901 revisum
758 875 845 900 esse
867 867 992 913 atque
1013 858 1297 910 emendatum,
1322 859 1494 902 crebrae
1516 867 1650 902 osten—

121 932 229 974 dunt
276 933 315 974 in
363 933 557 988 margine
597 931 983 981 correctiunculae;
1018 939 1224 973 monstrat
1257 947 1427 988 quoque
1450 931 1657 974 membra-

119 1019 245 1045 neum
289 1003 440 1045 codicis
465 1003 765 1058 involucrum,
799 1003 919 1045 cuius
949 1003 1084 1059 plicae
1127 1004 1361 1045 etiamnum
1395 1004 1555 1046 itineris
1586 1020 1655 1045 ve-

117 1076 240 1131 stigia
271 1076 480 1131 produnt;
513 1075 666 1115 evincit
697 1075 878 1129 denique
910 1075 952 1115 in
985 1090 1106 1116 verso
1128 1075 1252 1116 huius
1273 1075 1480 1117 involucri
1502 1076 1649 1118 etiam-

118 1162 234 1189 nunc
267 1146 445 1203 legibilis
477 1147 702 1198 annotatio,
739 1161 845 1200 quae
877 1145 1076 1187 idiomate
1106 1145 1297 1188 Phrisiae
1329 1145 1560 1188 Orientalis
1591 1148 1651 1189 in-

118 1220 308 1262 colarum
339 1227 529 1274 sumptus
562 1221 702 1259 nescio
734 1233 836 1273 quos
868 1233 918 1259 ex
954 1225 1132 1268 moneta,
1168 1234 1273 1273 quae
1306 1227 1408 1260 tunc
1429 1220 1469 1260 in
1494 1220 1650 1262 ditione

116 1293 188 1334 illa
231 1291 455 1342 obtinebat,
507 1307 656 1346 nempe
707 1306 780 1346 per
814 1290 1070 1345 ssschwpeffl'
1103 1300 1143 1332 et
1177 1291 1381 1338 '‘mitten”
1414 1299 1642 1348 computat.

120 1364 381 1419 Conspectus
413 1363 557 1414 libelli,
593 1379 718 1420 quem
750 1364 792 1405 in
825 1363 1017 1419 opusculi
1039 1364 1214 1406 introitu
1237 1365 1523 1420 apposuimus,
1544 1372 1592 1406 ut
1614 1372 1653 1406 et

115 1435 483 1494 paragraphorum
518 1437 683 1478 numeri
716 1437 756 1478 in
789 1436 930 1478 codice
960 1435 1318 1478 desiderabantur.
1383 1437 1471 1479 Nos
1501 1453 1550 1479 ea
1583 1437 1654 1479 ad-

116 1508 294 1550 didimus
337 1507 604 1550 diluciditatis
637 1523 777 1560 causa,
812 1510 879 1550 cui
913 1509 953 1549 in
987 1523 1036 1549 eo
1069 1509 1317 1565 cumprimis
1352 1508 1481 1551 Lasci
1515 1508 1657 1551 libello

115 1581 354 1638 prospicere
386 1581 610 1632 voluimus,
644 1581 764 1623 cuius
796 1581 1227 1637 repraesentationem
1248 1581 1289 1622 in
1313 1596 1502 1624 summae
1524 1582 1649 1624 totius

117 1653 307 1696 editionis
337 1660 505 1694 nostrae
538 1652 746 1694 felicitatis
775 1661 895 1709 parte
928 1653 1136 1709 ponimus.

172 1798 210 1840 9.
273 1795 480 1838 ErisTOLA
511 1811 566 1838 AD
598 1809 824 1839 MINISTROS
856 1810 1102 1838 BREMENSES
1139 1798 1192 1854 (a.
1228 1798 1355 1847 1548,
1392 1799 1416 1840 9
1451 1796 1585 1854 data).

175 1939 310 1982 Ernda
342 1956 378 1982 a.
428 1940 538 1983 1549
586 1939 830 1983 Londinum
879 1939 1146 1996 profecturus
1177 1940 1448 1983 directionem
1491 1942 1650 1983 itineris

119 2013 227 2068 cepit
267 2012 290 2053 ὲ,
329 2011 471 2054 Lasco
509 2028 584 2067 per
617 2012 763 2068 plagas
795 2012 1141 2068 septentrionales
1173 2013 1378 2054 orientem
1415 2028 1575 2064 versus,
1611 2020 1655 2055 ut

122 2083 246 2125 simul
289 2084 487 2125 Bremam
531 2090 571 2125 et
618 2083 917 2140 Hamburgam
952 2084 1102 2125 viseret
1135 2084 1314 2139 indeque
1347 2085 1482 2127 fausto
1514 2084 1653 2127 oblato

119 2161 243 2196 vento
260 2155 300 2196 in
327 2154 531 2210 Angliam
555 2155 748 2199 solveret.
782 2154 879 2199 Sive
904 2155 1145 2212 paullulum
1166 2163 1287 2198 antea
1306 2157 1473 2212 scriptis
1493 2157 1543 2213 ¹),
1569 2157 1654 2200 sive

118 2227 219 2269 dum
256 2227 437 2268 Bremae
479 2227 565 2282 ipse
612 2227 967 2279 commorabatur,
1002 2228 1051 2269 (le
1096 2243 1141 2269 re
1182 2229 1511 2270 sacramentaria
1552 2244 1648 2270 eum

115 2299 226 2341 inter
254 2305 297 2339 et
328 2299 577 2340 Bremenses
608 2306 794 2354 pastores
826 2299 971 2341 incidit
1003 2299 1137 2341 amica
1171 2298 1428 2356 disceptatio,
1462 2315 1569 2356 quae
1593 2308 1651 2342 ta—

119 2390 211 2416 men
261 2374 511 2415 Bremenses
558 2381 745 2430 pastores
791 2374 983 2416 nonnihil
1016 2384 1353 2430 exasperaverat.
1416 2374 1481 2417 Ne
1512 2375 1653 2431 itaque

115 2446 285 2504 longius
333 2447 433 2488 haec
480 2454 667 2502 serperet
711 2447 903 2503 suspicio,
949 2447 1062 2489 unde
1095 2447 1217 2489 facile
1250 2446 1514 2490 dissensionis
1545 2448 1653 2490 scin·

118 2519 208 2562 tilla
241 2520 548 2568 exardesceret,
583 2519 814 2575 placidiore
848 2519 1059 2575 colloquio
1091 2519 1325 2562 doctrinam
1360 2535 1478 2562 suam
1507 2535 1657 2576 appro—

119 2591 219 2634 bare
266 2592 314 2633 iis
361 2592 518 2648 cupivit
552 2600 709 2642 noster,
744 2592 787 2633 in
820 2592 940 2634 cuius
974 2593 1033 2634 rei
1065 2593 1246 2649 gratiam
1279 2599 1426 2634 autore
1460 2592 1656 2634 Harden-

119 2663 266 2720 bergio
297 2663 516 2720 epistolam
551 2663 601 2705 ad
626 2679 771 2706 omnes
794 2663 921 2706 simul
944 2665 1187 2706 Bremensis
1210 2664 1424 2706 Ecclesiae
1448 2664 1657 2706 ministros

161 2865 187 2904 ¹)
212 2865 305 2907 Quod
333 2866 467 2907 probare
492 2866 644 2897 videntur
671 2866 746 2896 hacc
771 2866 837 2897 eins
862 2866 975 2897 verba:
1001 2869 1057 2903 „et
1081 2867 1213 2907 epistola
1235 2869 1399 2906 praeterea
1419 2866 1462 2896 ad
1477 2866 1660 2898 Brpmenses

119 2920 287 2953 Ministros
309 2932 328 2952 a
352 2932 398 2952 me
415 2922 533 2962 paulo
552 2924 646 2963 post
670 2921 800 2962 scs-istm,
825 2921 844 2953 i.
869 2933 894 2954 c.
919 2924 991 2964 post
1016 2934 1042 2954 a.
1068 2922 1158 2954 1546.
1182 2922 1279 2954 Errat
1297 2924 1412 2960 tamen,
1429 2921 1483 2963 qui
1499 2921 1577 2955 talia
1594 2922 1660 2955 ubi-

117 2987 178 3018 que
201 2977 239 3010 ad
263 2977 372 3009 vivum
397 2980 529 3009 resecat.
