1818 3178
603 119 717 147 runo.
747 118 837 147 iux.
867 119 1062 149 FRANcoF.
1522 114 1593 153 267

114 220 245 259 Virtus
285 219 464 270 mysticae
500 220 786 263 benedictionis,
822 221 910 259 dum
947 235 1026 260 sese
1060 223 1101 260 in
1129 223 1240 261 nobis
1268 224 1398 267 exerit,
1427 224 1529 270 facit,
1555 229 1595 263 ut

65 285 255 323 Christum
300 285 340 322 in
383 284 493 322 nobis
541 290 576 322 et
620 298 689 323 nos
733 286 773 323 in
809 286 875 324 illo
913 287 1035 324 carnis
1071 288 1183 325 ctiam
1219 301 1305 326 suae
1342 288 1519 326 societate
1554 301 1597 326 ac

67 350 330 388 communione
357 349 601 400 corporaliter
629 350 798 388 habitare
825 364 902 388 non
932 351 1156 391 dubitemus.

117 414 218 462 Ergo
248 426 383 464 corpus
411 417 447 451 et
475 415 628 462 sanguis
656 413 796 452 Christi
822 415 956 466 reipsa,
983 419 1047 456 διὰ
1077 419 1200 463 ε’ίδους
1229 430 1272 454 ac
1294 417 1534 468 corporaliter
1556 418 1596 456 in

62 491 158 529 pane
193 481 228 515 et
269 478 356 515 vino
385 491 521 516 coenae
549 477 770 517 Dominicae
797 479 1033 523 delitescunt,
1060 485 1147 518 sunt
1176 481 1316 532 ubique
1346 486 1382 520 et
1408 482 1520 520 etiam
1549 483 1597 520 ab

64 541 299 592 im-(62)piis
328 542 408 579 sine
434 543 508 580 fide
536 546 746 581 sumuntur.
776 543 838 580 Sic
866 544 1042 581 nimirum
1070 545 1179 582 facile
1196 546 1438 596 probaverint
1459 547 1596 585 omnia.

118 605 191 642 Sed
225 605 301 643 illis
338 607 418 643 sola.
453 610 607 644 externa.
642 607 706 644 illa
742 607 953 645 benedictio
992 609 1081 645 satis
1117 613 1185 653 est,
1223 623 1318 660 quae
1344 611 1508 648 ministri
1535 624 1598 648 ore

63 670 266 720 profertur,
301 671 447 708 etiamsi
482 672 523 708 in
561 671 673 708 corda
710 677 840 709 nostra
876 685 953 709 non
988 677 1168 722 penetret,
1204 687 1315 724 quam
1354 675 1497 726 alioqui
1522 689 1597 714 una

66 747 151 771 cum
179 734 353 786 Papistis,
379 749 594 787 quanquam
622 736 695 774 alio
724 736 889 786 quodam
915 736 1041 782 modo,
1068 738 1296 787 operativam
1324 752 1404 777 esse
1436 741 1596 789 fingunt.

63 799 146 837 Nos
181 813 295 850 porro
330 802 505 844 fatemur,
541 805 733 838 externam
762 801 865 838 illam
893 801 1055 838 ministri
1085 802 1385 841 benedictionem
1412 805 1484 842 huc
1511 819 1596 856 per-

64 864 184 901 tinere
221 878 266 902 ex
304 865 445 902 Christi
482 865 637 902 Domini
671 865 922 910 institutione,
958 869 999 902 ut
1037 866 1147 903 nobis
1184 867 1221 904 in
1262 880 1398 906 coenae
1425 882 1496 907 usu
1522 883 1597 907 una

66 943 148 968 cum
185 943 281 981 pane
320 936 356 967 et
393 930 481 967 vino
520 943 654 980 corpus
690 934 726 967 et
762 929 914 978 sanguis
953 930 1092 968 Christi
1128 931 1168 968 in
1204 945 1326 970 escam
1356 933 1598 984 spiritualem,

64 996 138 1033 fide
165 995 455 1046 percipiendam,
483 994 669 1032 offeratur.
698 995 772 1031 Sed
801 1007 992 1043 negamus,
1019 1008 1243 1046 quemquam
1270 997 1369 1034 dono
1400 999 1485 1036 huic
1511 1012 1597 1049 par·

63 1060 230 1111 ticipare,
273 1060 347 1097 nisi
373 1059 413 1096 in
443 1059 547 1096 cuius
574 1058 698 1095 anima
728 1071 791 1096 seu
821 1059 931 1097 corde
960 1059 1112 1110 spiritus
1141 1066 1291 1099 sanctus
1321 1062 1447 1100 divino
1475 1063 1598 1102 affiatu

65 1137 132 1162 suo
171 1123 474 1162 benedictionem
510 1123 614 1160 illam
642 1123 855 1173 insculpsit.

114 1188 271 1226 Frustra
291 1188 408 1237 igitur
423 1190 659 1224 accusatores
674 1187 794 1224 nostri
810 1187 1039 1237 operativam
1054 1188 1140 1232 vim,
1152 1188 1278 1225 nescio
1295 1203 1416 1240 quam,
1426 1194 1599 1230 externae

66 1253 136 1290 soli
155 1253 321 1290 ministri
341 1252 597 1289 benedictioni
611 1252 651 1289 in
671 1264 807 1289 coenae
824 1265 896 1289 usu
914 1265 959 1290 ex
982 1253 1113 1302 Cyrilli
1131 1254 1329 1292 autoritate
1346 1255 1398 1293 ita
1414 1256 1600 1303 tribuunt,

66 1323 106 1355 ut
133 1323 216 1368 post
243 1330 324 1355 eam
351 1329 416 1354 ore
442 1316 606 1354 ministri
623 1315 816 1353 recitatam
839 1321 874 1354 et
891 1329 1025 1367 corpus
1041 1317 1162 1368 ipsum
1183 1318 1322 1356 Christi
1336 1319 1436 1370 pani,
1458 1325 1494 1358 et
1512 1323 1597 1369 (63)

64 1381 216 1430 sanguis
244 1381 333 1419 item
362 1381 449 1418 vino
477 1381 651 1430 protinus
678 1379 828 1418 realiter
854 1394 897 1418 ac
914 1382 1158 1432 corporaliter
1177 1389 1448 1422 connectantur
1475 1385 1595 1422 inclu-

65 1444 274 1495 danturque
290 1448 401 1495 atque
417 1444 496 1481 illic
517 1444 748 1488 delitescant,
766 1450 801 1482 et
819 1444 872 1482 ita
893 1444 1160 1496 demum,pane
1173 1460 1216 1484 ac
1231 1448 1365 1497 poculo
1384 1448 1598 1494 distributo,

64 1510 140 1547 sive
166 1509 238 1560 piis
267 1510 344 1546 sive
371 1509 508 1560 impiis,
538 1509 710 1547 Christus
737 1509 850 1547 etiam
879 1510 916 1547 in
944 1510 1020 1547 illis
1050 1512 1292 1561 corporaliter
1312 1512 1468 1557 habitet,
1485 1526 1597 1564 prop·

65 1582 120 1613 ter
147 1579 336 1626 sumptum
365 1575 535 1612 videlicet
562 1575 602 1612 iu
621 1588 776 1625 paneae
797 1575 884 1612 vino
907 1588 1042 1613 coenae
1061 1577 1208 1614 realiter
1227 1580 1291 1617 ἑιὲι
1320 1581 1441 1624 ε’ίέσυς
1464 1591 1598 1629 corpus

64 1646 100 1678 et
137 1640 357 1690 sanguinem
393 1639 525 1690 ipsius.
557 1641 586 1686 ¹)
641 1639 751 1676 Nihil
788 1639 887 1676 enim
922 1639 1031 1678 huius
1069 1640 1181 1678 habet
1209 1641 1385 1690 Cyrinus,
1421 1641 1485 1692 qui
1521 1655 1597 1680 non

63 1709 141 1741 tam
186 1703 356 1754 equidem
403 1703 448 1740 de
493 1708 647 1740 externa
690 1715 756 1753 per
800 1702 1015 1740 ministrum
1061 1703 1334 1741 benedictionis
1368 1704 1598 1748 recitatione,

65 1782 178 1819 quam
213 1769 258 1806 de
283 1768 432 1805 interna
459 1767 582 1818 potius
611 1767 789 1816 mysticae
815 1766 917 1805 illius
946 1758 1219 1806 benedictionis
1248 1769 1383 1806 virtute
1409 1769 1448 1806 in
1478 1770 1599 1815 nobis,

62 1833 243 1884 loquitur,
280 1846 391 1884 quam
420 1833 571 1883 spiritus
598 1832 741 1882 alioqui
768 1838 919 1870 sanctus
948 1833 1125 1870 cordibus
1151 1834 1291 1871 nostris
1320 1834 1445 1871 divino
1473 1835 1597 1872 afflatu

65 1912 131 1935 suo
159 1898 370 1948 insculpsit.
409 1897 522 1934 Cuius
550 1897 726 1934 nimirum
757 1897 791 1933 vi
822 1897 947 1934 divina
974 1899 1029 1943 fit,
1054 1902 1096 1935 ut
1125 1898 1168 1935 de
1194 1898 1240 1935 iis
1269 1911 1345 1936 non
1374 1899 1598 1945 dubitemus,

65 1974 159 2011 quae
195 1960 305 1998 nobis
341 1960 381 1997 in
417 1973 488 1997 usu
526 1965 842 1996 sacramentorum
880 1966 914 1997 ct
951 1973 1041 1997 voce
1075 1960 1239 1998 ministri
1274 1961 1423 2010 publice
1449 1974 1596 1998 annun-

65 2026 156 2063 ciari
191 2025 375 2070 audimus,
402 2026 434 2072 Ξ)
472 2029 507 2062 et
542 2024 728 2062 institutis
764 2037 784 2061 a
811 2024 975 2062 Domino
1006 2026 1123 2074 signis
1152 2026 1364 2064 visibilibus
1393 2027 1439 2064 ob
1469 2029 1596 2066 oculos

111 2113 133 2149 ¹)
162 2111 199 2141 Iu
223 2092 302 2142 Cod.
330 2110 479 2141 Francos.
509 2109 699 2151 praecedens
731 2110 881 2151 pericopa
911 2111 985 2141 inde
1015 2111 1067 2141 ab:
1098 2111 1158 2141 Sed
1185 2111 1249 2141 illis
1270 2112 1338 2142 sola
1363 2136 1368 2142 .
1394 2137 1400 2144 .
1425 2137 1430 2144 .
1455 2137 1462 2144 .
1509 2113 1600 2144 Nihil

63 2167 142 2197 enim
166 2166 257 2207 kijns
279 2166 368 2196 habet
396 2165 539 2208 Cyrillus,
563 2165 597 2196 in
619 2165 704 2196 hune
727 2166 857 2197 modum
880 2170 1042 2198 exaratur:
1067 2167 1128 2197 Sed
1150 2167 1200 2197 illi
1222 2167 1265 2197 acl
1286 2167 1504 2198 benedietionis
1523 2179 1598 2209 opus

63 2222 162 2262 ipsum
186 2224 344 2252 externum
368 2220 403 2250 id
424 2223 520 2251 tottam
545 2222 696 2261 referunt,
721 2221 808 2252 euius
833 2221 947 2252 virlnte
969 2221 1003 2252 id
1013 2222 1093 2263 fieri
1109 2224 1236 2262 putant,
1261 2225 1295 2252 ut
1309 2225 1339 2252 et
1355 2233 1464 2263 corpus
1484 2223 1598 2255 Christi

62 2277 97 2307 z'n
119 2287 204 2318 pane
226 2279 255 2307 et
277 2276 406 2317 san-(sicis
430 2276 461 2305 in
485 2276 556 2306 vino
572 2276 720 2316 protinus
743 2276 937 2314 delitescant,
954 2279 1029 2317 post
1049 2277 1212 2307 recitatam
1235 2277 1481 2314 benedictionem,
1505 2290 1596 2320 qnam

62 2333 114 2364 i'lzss
137 2333 169 2363 in
192 2332 289 2363 verbis
321 2331 440 2374 alioqui
470 2342 582 2362 coenae
603 2331 795 2369 solemnibus,
824 2334 859 2362 ut
882 2334 1001 2369 vocant,
1025 2333 1226 2369 constituant,
1249 2334 1278 2362 et
1299 2332 1344 2362 ita
1367 2332 1495 2371 demum,
1513 2345 1598 2374 pane

63 2400 102 2419 ιισ
122 2390 237 2429 poculo
267 2388 442 2425 distributo,
465 2387 530 2418 sice
546 2387 620 2428 piis,
643 2387 706 2418 Sive
728 2387 839 2428 impiis,
867 2387 1008 2418 Christus
1031 2388 1124 2418 etiam
1147 2389 1180 2418 in
1203 2388 1268 2418 illis
1290 2389 1495 2428 eoiymraliter
1516 2391 1598 2421 leubi-

62 2447 106 2475 tet
129 2447 259 2485 propter
285 2447 435 2484 sumptum
465 2443 607 2474 videlicet
636 2443 667 2473 in
689 2455 774 2483 pane
796 2454 833 2473 ac
860 2444 930 2474 vino
957 2444 1075 2474 caenae
1095 2443 1224 2475 realiter
1247 2439 1311 2476 διὰ
1339 2440 1462 2484 εἴδους
1486 2456 1597 2486 cos-pus

61 2502 92 2530 et
114 2500 293 2541 sanquinem
318 2499 424 2539 ipsius.
469 2499 512 2529 At
535 2510 606 2529 ceso
628 2499 710 2529 nihil
731 2499 822 2530 huius
843 2499 933 2529 habnt
961 2499 1104 2540 (psl-illus.

107 2555 134 2593 Ξ)
159 2555 247 2595 Quae
272 2554 465 2595 praecedunt
489 2564 586 2594 usquc
611 2554 649 2584 ad
678 2554 830 2591 malimus,
863 2554 894 2584 in
920 2554 996 2585 Cod.
1021 2554 1168 2586 Francos.
1191 2555 1236 2586 ita
1260 2555 1375 2587 fluunt:
1400 2567 1495 2598 neque
1516 2556 1595 2586 enim

62 2609 101 2639 de
122 2612 248 2640 externo
270 2609 490 2639 benedictionis
513 2620 610 2649 opere,
633 2609 688 2639 secl
709 2609 748 2638 (le
770 2609 893 2639 interna
915 2610 1156 2640 sacramentalis
1178 2610 1397 2641 benedictionis
1421 2612 1542 2649 virtute,
1565 2623 1597 2642 se

62 2662 148 2704 loqui
175 2662 304 2699 indicat,
340 2663 427 2703 cnjus
455 2662 596 2693 videlicet
624 2665 717 2692 antor
743 2662 784 2692 sit
814 2662 950 2702 Spiritus
973 2663 1113 2700 ›sant-tas,
1137 2675 1202 2693 cnm
1227 2667 1354 2694 ezterna
1377 2665 1596 2696 benedictionis

62 2720 133 2758 (per
160 2718 336 2748 ministrnm
365 2720 456 2758 olma)
483 2729 539 2758 per
565 2729 598 2748 se
625 2717 744 2759 alioqui
774 2718 856 2747 nihil
882 2718 967 2748 intra
995 2729 1050 2749 nos
1073 2718 1105 2748 in
1127 2719 1219 2750 corde
1241 2722 1347 2750 nostro
1370 2723 1519 2760 operatior,
1541 2721 1597 2751 sed

58 2772 183 2804 interna
213 2773 361 2815 mysticae
391 2773 611 2804 benedictionis
640 2772 739 2803 virtus
769 2773 864 2803 corda
895 2775 1002 2803 nostra
1025 2773 1147 2814 Spiritu
1171 2775 1284 2805 Sca-zeto
1307 2777 1416 2805 autore
1431 2776 1594 2814 percellat,

61 2829 102 2858 ut'
118 2827 156 2858 de
178 2838 212 2859 eo
234 2839 297 2860 non
319 2828 500 2865 decbitemns,
524 2827 607 2869 qnod
627 2828 755 2859 externa
779 2827 914 2859 ministri
936 2838 1007 2860 voce
1029 2828 1113 2860 nobis
1136 2828 1167 2859 in
1192 2829 1258 2871 ipso
1273 2829 1491 2861 benedictionis
1507 2840 1596 2872 opere

60 2883 251 2915 annunt-iuri
272 2883 428 2916 audimus.
