1818 3178
452 183 504 211 DE
532 181 815 211 SAcRAMENTls
846 177 1061 207 ECCIAESIAE
1090 174 1272 202 CHRISTI.
1556 159 1624 198 217

104 291 281 331 stantiam
307 286 468 336 intelligi
495 285 695 337 oportebit,
720 288 762 322 ut
789 284 851 321 hie
878 284 925 320 sit
952 280 1152 318 verborum
1180 289 1316 314 coenae
1345 285 1495 312 sensus:
1533 272 1630 315 Hoc,

104 358 142 396 id
171 360 240 401 est,
265 356 305 393 in
332 354 404 391 hoc
430 350 637 389 ministerio
665 353 728 387 aut
755 361 819 400 per
847 348 919 384 hoc
944 343 1195 383 ministerium
1223 340 1291 378 sub
1320 337 1484 376 ministri
1511 349 1633 387 opere,

107 430 170 463 est.
205 421 243 459 id
279 422 348 465 est,
383 416 578 455 exhibetur
614 413 777 452 ministri
812 411 999 452 manibus,
1034 420 1171 457 corpus
1208 417 1338 449 meum,
1372 402 1410 440 id
1438 404 1506 445 est,
1542 399 1633 437 sub-

108 487 246 526 stantia
274 482 440 535 eorporis
466 481 551 519 mei.

157 551 270 589 Hanc
306 561 394 587 sane
419 544 764 596 interpretationem
792 541 879 578 addi
907 537 1105 590 opor-(fol.
1135 535 1301 580 122„)tet
1328 530 1451 569 verbis
1479 542 1636 569 coenae.

107 616 138 654 si
173 614 264 652 unio
302 609 588 649 sacramentalis
623 621 699 645 non
735 606 774 643 in
812 602 1044 642 connexione
1079 600 1143 636 illa
1179 597 1346 648 corporis
1383 594 1523 633 Christi
1551 606 1634 630 cum

107 693 214 732 pane,
258 678 321 716 sed
353 677 393 714 in
428 673 593 712 ministri
628 684 738 722 opere
774 667 953 706 constitui
988 665 1133 709 debeat,
1158 659 1356 699 ministerii
1385 658 1443 696 sui
1470 656 1636 695 nomine.

110 745 168 784 Ex
203 742 326 781 verbis
362 753 509 785 coenae,
543 742 585 775 ut
622 738 770 775 sonant.
805 744 997 782 nunquam
1037 729 1126 766 haec
1164 725 1336 764 doctrina
1365 721 1543 761 constitui
1569 733 1637 771 po-

108 814 194 849 test.
249 808 443 846 Quorsum
471 816 556 841 vero
585 801 717 839 attinet
742 799 796 836 ita
823 809 997 848 operosas
1025 804 1200 845 quaerere
1226 788 1563 840 interpretationes,
1593 798 1640 823 ne

111 874 234 912 dicam
261 875 428 915 coactas,
457 881 539 906 cum
564 879 622 904 res
651 865 699 902 sit
725 861 956 914 planissima,
983 859 1015 897 si
1041 859 1146 895 iuxta
1174 856 1334 893 aliorum
1361 854 1531 891 locorum
1561 850 1639 887 eol-

111 938 291 976 lationem
325 935 365 973 in
401 934 528 972 eadem
563 931 644 982 ipsa
674 940 809 966 coenae
836 924 1075 963 institutione
1101 921 1215 959 verba
1243 919 1335 956 haec
1363 929 1498 955 coenae
1526 927 1640 966 expo-

114 1002 272 1042 namus?
300 1000 375 1039 nisi
401 998 501 1050 quod
527 997 579 1034 ita
607 994 698 1032 libet
725 990 896 1030 fortassis
924 988 1044 1027 nodos
1070 987 1109 1024 in
1141 985 1262 1036 scirpo
1290 995 1477 1034 quaerere,
1505 993 1552 1017 ne
1579 979 1642 1016 alii

113 1068 196 1106 aliis
225 1065 378 1104 cessisse
403 1062 606 1100 videamur.

167 1130 370 1170 Verissime
413 1131 536 1165 autem
582 1124 723 1161 dietum
767 1124 835 1166 est,
870 1117 1076 1169 simplicem
1112 1127 1191 1152 esse
1226 1110 1392 1150 veritatis
1426 1108 1645 1152 orationem,

116 1210 235 1249 neque
261 1198 367 1233 tanto
396 1192 596 1229 verborum
623 1192 686 1226 aut
715 1183 1064 1236 interpretationum
1092 1181 1273 1230 apparatu
1299 1189 1420 1225 egere.
1471 1173 1647 1217 Proinde,

117 1275 200 1300 cum
227 1260 417 1298 videamus
445 1255 654 1293 doctrinam
682 1254 868 1300 utranque
895 1248 993 1285 hanc
1021 1245 1065 1283 de
1094 1240 1357 1282 sacramentali
1386 1239 1524 1276 unione
1552 1238 1646 1286 (sive

117 1341 197 1365 eam
240 1325 281 1363 in
318 1321 551 1362 connexione
585 1316 753 1368 mysterii
790 1327 874 1352 cum
909 1310 1115 1355 elementis,
1152 1309 1229 1346 sive
1264 1307 1303 1344 in
1340 1304 1502 1343 ministri
1539 1315 1648 1354 opere

118 1390 341 1435 statuamus)
370 1383 569 1437 approbari
598 1395 675 1420 non
702 1392 823 1432 posse,
850 1377 926 1416 nisi
953 1374 1133 1413 adhibitis
1161 1372 1269 1410 novis
1295 1370 1454 1408 insuetis
1483 1367 1647 1420 operosis

117 1457 283 1506 adeoque
318 1456 354 1491 et
383 1450 520 1489 coactis
548 1443 934 1498 interpretationibus,
960 1463 1011 1471 —
1038 1453 1122 1477 eum
1149 1438 1340 1475 videamus
1367 1435 1458 1473 item
1483 1433 1648 1482 dignita-

116 1526 192 1559 tem
240 1517 407 1557 omnium
453 1516 778 1552 Sacramentorum
823 1510 963 1546 sartam
1007 1508 1144 1543 tectam
1189 1500 1433 1540 nihilominus
1478 1497 1650 1540 retineri,

118 1585 264 1624 etiamsi
292 1584 336 1621 de
361 1578 576 1620 istiusmodi
601 1575 807 1615 unionibus
835 1572 931 1611 nihil
952 1571 1105 1609 omnino
1125 1567 1387 1616 imaginemur,
1407 1563 1541 1600 —imo
1562 1575 1648 1600 vero

119 1648 333 1688 istiusmodi
378 1643 583 1683 unionibus
618 1641 723 1679 illam
757 1652 833 1677 non
868 1637 998 1675 leviter
1035 1635 1146 1673 etiam
1182 1629 1378 1669 obscurari
1413 1627 1578 1678 adeoque
1615 1630 1651 1664 et

121 1713 269 1758 elevari,
297 1704 834 1763 quemad-(fol.123³)modum
862 1702 983 1740 adhuc
1011 1700 1166 1743 dicetur,
1184 1718 1235 1726 --
1252 1699 1452 1747 postremo,
1480 1706 1564 1730 cum
1585 1705 1650 1729 ne-

122 1779 204 1829 gari
230 1790 306 1815 non
334 1774 452 1827 possit
477 1770 785 1821 imaginationem
813 1767 911 1805 hanc
939 1765 984 1803 de
1010 1763 1100 1802 reali
1129 1761 1295 1812 corporis
1324 1757 1466 1796 Christi
1492 1756 1530 1794 in
1557 1768 1653 1806 pane

124 1855 259 1880 coenae
293 1837 502 1891 praesentia
536 1835 641 1873 iuxta
679 1833 838 1884 speciem
863 1831 983 1882 ipsam
1011 1830 1204 1879 parentem
1230 1837 1311 1862 esse
1339 1822 1461 1860 omnis
1496 1820 1651 1872 papisti-

126 1920 188 1944 cae
223 1902 458 1942 idololatriae
493 1913 536 1938 ac
565 1896 851 1950 superstitionis,
887 1906 1007 1944 neque
1043 1905 1112 1930 nos
1148 1890 1194 1928 ab
1232 1889 1295 1926 illa
1322 1899 1475 1938 prorsus
1501 1883 1652 1922 liberari

125 1984 245 2023 posse,
271 1967 452 2017 tantisper
480 1965 568 2002 dum
597 1962 765 2001 doctrina
796 1960 885 2013 haec
913 1970 988 1996 non
1008 1968 1158 2008 prorsus
1178 1950 1563 1996 aboletur,—iustam
1582 1961 1652 1985 nos

129 2049 217 2074 sane
254 2045 379 2071 coram
407 2031 484 2068 Deo
511 2028 693 2066 rationem
723 2029 872 2063 nostrae
901 2023 970 2060 hac
996 2022 1036 2058 in
1062 2023 1167 2071 parte
1195 2017 1386 2055 doctrinae
1413 2014 1548 2051 habere
1576 2025 1652 2050 non

129 2100 355 2139 dubitamus,
390 2108 501 2146 quam
537 2091 677 2143 alioqui
713 2095 748 2128 et
786 2086 989 2139 Seripturis
1025 2085 1116 2136 ipsis
1154 2083 1256 2120 omni
1294 2092 1445 2132 prorsus
1481 2090 1523 2115 ex
1551 2080 1656 2128 parte

132 2169 418 2202 consentaneam
447 2158 613 2208 adeoque
639 2160 675 2194 et
702 2154 923 2193 familiarem
952 2151 992 2189 in
1011 2151 1230 2199 argumento
1257 2146 1329 2182 hoe
1354 2141 1656 2186 sacramentario,

130 2233 166 2267 et
204 2228 340 2265 claram
377 2237 419 2262 ac
455 2221 686 2274 perspicuam
723 2217 909 2258 omnibus,
943 2214 1102 2265 denique
1139 2212 1284 2262 plenam
1315 2206 1583 2246 consolationis
1611 2218 1653 2242 ae

132 2304 283 2343 prorsus
311 2289 508 2327 salutarem
538 2298 616 2323 esse
643 2283 845 2321 manifeste
872 2280 1052 2318 videmus

186 2354 438 2407 Exposuimus
466 2364 551 2388 vero
578 2350 618 2387 in
647 2346 912 2399 superioribus,
939 2343 1082 2395 qualem
1113 2353 1181 2379 nos
1209 2336 1520 2376 Sacramentalem
1549 2334 1658 2372 unio-

139 2436 221 2462 nem
256 2421 297 2458 in
334 2432 403 2456 usu
440 2418 764 2454 Sacramentorum
800 2414 1017 2451 statuamus,
1054 2406 1229 2444 nimirum
1267 2403 1305 2440 in
1344 2402 1502 2453 Spiritus
1531 2400 1661 2443 sancti,

136 2501 211 2525 non
240 2488 362 2523 autem
390 2482 430 2519 in
456 2478 619 2518 ministri
647 2489 768 2527 opere,
794 2478 977 2526 quatenus
1006 2470 1177 2509 videlicet
1202 2468 1266 2505 ille
1292 2470 1348 2505 est
1375 2465 1478 2503 testis
1506 2477 1550 2502 ac
1578 2464 1660 2514 glo-

138 2553 302 2589 rificator
338 2546 509 2586 assiduus
538 2542 678 2581 Christi
715 2539 868 2578 Domini
896 2539 935 2576 in
962 2535 1129 2587 qualibet
1157 2547 1222 2571 sua
1250 2531 1485 2570 ordinatione
1513 2533 1548 2567 et
1574 2542 1660 2579 pro-

139 2615 228 2654 inde
263 2614 301 2651 in
340 2609 545 2649 ministerio
583 2619 730 2658 quoque
768 2605 1105 2644 Sacramentorum,
1142 2597 1321 2648 efficitque
1357 2595 1483 2632 divina
1508 2594 1663 2644 ipsemet

141 2681 279 2718 virtute
307 2691 383 2722 sua,
411 2687 487 2712 non
515 2677 633 2710 autem
662 2683 727 2721 per
753 2667 916 2706 ministri
945 2678 1048 2716 opus,
1084 2667 1126 2701 ut
1151 2676 1223 2700 usu
1249 2660 1416 2710 legitimo
1445 2660 1663 2696 Sacramen-

142 2748 268 2782 torum
303 2741 341 2778 et
369 2739 609 2787 obsignemur
636 2747 699 2785 per
726 2733 954 2770 incrementa
982 2728 1069 2767 fidei
1095 2727 1134 2765 in
1161 2730 1288 2764 nostra
1317 2737 1397 2762 cum
1419 2722 1566 2760 Christo
1586 2721 1664 2758 Do-

145 2808 230 2856 (fol.
260 2803 475 2852 123b)mino
506 2798 781 2841 communione,
818 2793 984 2845 corporis
1011 2793 1164 2843 inquam
1191 2794 1228 2828 et
1257 2787 1448 2838 sanguinis
1477 2785 1604 2836 ipsius,
1630 2789 1665 2823 et

146 2885 187 2909 ea
223 2870 391 2906 fruamur
428 2878 511 2903 vere
547 2863 593 2900 ad
630 2862 743 2899 vitam
771 2863 969 2902 aeternam,
1006 2857 1118 2907 inque
1147 2867 1248 2906 spem
1277 2850 1517 2890 certissimam
1545 2848 1664 2898 eriga-

149 2949 232 2973 mur
259 2931 508 2984 expectandae
535 2929 621 2967 olim
651 2927 773 2965 adhue
799 2922 1061 2962 illustrationis
1087 2921 1126 2960 in
1156 2919 1264 2957 nobis
1291 2917 1370 2955 eius
1388 2915 1502 2968 ipsius
1519 2919 1668 2952 nostrae
