1818 3178
133 140 202 177 156
482 142 531 170 nn
560 136 839 167 sAcaAMEN'rrs
870 133 1082 162 necta-sna
1109 133 1287 162 cnms'm.

184 248 243 286 Ab
271 247 339 284 hac
366 256 450 282 vero
478 242 553 280 vita
578 243 725 277 aeterna
753 237 822 276 etsi
847 250 911 288 per
938 235 1102 273 eiusdem
1126 235 1239 286 primi
1264 234 1385 274 nostri
1422 235 1639 287 progenito·

131 313 180 351 ris
224 308 508 349 inobedientiam
551 303 690 342 exclusi
733 314 883 353 prorsus
925 312 1099 345 essemus,
1140 300 1193 337 sic
1226 304 1268 338 ut
1304 300 1435 338 mortis
1470 303 1641 338 aeternae

130 376 322 427 imperium
356 374 394 410 in
430 383 495 409 nos
530 373 710 418 tyrannus
747 370 873 404 noster
907 366 1042 413 (Satan
1075 364 1229 414 inquam
1265 365 1362 416 ipse)
1397 365 1550 403 haberet
1589 366 1639 413 ¹);

130 441 214 491 quia
248 443 368 476 tamen
396 448 471 472 non
505 432 580 470 ullo
616 430 744 469 rebelli
773 432 1098 479 contemptoreque
1125 427 1336 466 divinorum
1365 429 1531 466 omnium
1558 428 1641 466 ani-

128 517 186 543 mo
222 500 472 553 progenitores
508 496 626 534 nostri
658 497 872 546 peccarunt.
908 493 969 530 sed
996 492 1137 529 iudicio
1166 506 1253 530 suae
1287 493 1443 531 rationis
1469 507 1533 544 per
1568 493 1640 531 im-

128 566 358 620 prudentiam
397 562 550 613 deeepti,
585 560 650 597 ubi
685 559 803 596 divini
838 557 968 595 iudicii
1003 556 1232 594 severitatem
1262 570 1338 595 non
1367 558 1456 595 satis
1483 571 1640 609 perpen-

129 633 265 669 dissent
285 631 329 676 Ξ),
356 626 538 666 succurrit
564 625 638 662 illis
665 628 697 661 et
726 623 836 660 nobis
864 622 918 671 (in
948 621 1040 669 illis)
1068 621 1255 666 omnibus,
1284 622 1408 660 divina
1429 622 1639 660 misericor-

127 697 184 734 dia
210 694 409 743 effecitque,
436 694 475 728 ut
501 690 576 728 vita
604 688 847 726 nihilominus
874 691 1034 731 aeterna,
1062 698 1138 724 non
1166 685 1317 736 quidem
1342 686 1383 723 in
1411 687 1520 724 nobis
1548 687 1640 738 ipsis

126 761 209 803 iam,
245 758 308 808 qui
343 757 389 794 ab
425 755 487 792 illa
522 767 672 805 prorsus
700 753 966 797 excideramus,
994 750 1056 788 sed
1085 750 1124 788 in
1150 750 1228 787 filio
1258 749 1327 788 Dei
1354 750 1402 788 ad
1431 764 1500 788 nos
1526 752 1641 801 perti-

127 828 239 869 neret,
264 825 443 873 quatenus
466 823 609 857 tantum
637 818 753 869 ipsius
782 816 1002 854 beneficium
1030 828 1104 853 non
1135 818 1454 852 contemneremus
1483 813 1527 862 ³).

175 887 330 925 Interim
372 897 456 922 vero
503 883 672 921 satisfieri
717 881 880 932 oportuit
925 881 1034 918 etiam
1069 879 1233 917 institiae
1265 879 1386 918 Patris
1424 879 1506 926 Dei,
1547 894 1641 931 quae

125 952 272 1003 quidem
307 950 345 987 in
380 950 454 986 lato
492 948 603 986 semel
640 947 786 984 decreto
824 959 889 984 suo
925 945 1103 983 adversus
1140 944 1261 982 nostri
1296 944 1546 995 progenitoris
1582 945 1641 982 in-

125 1013 370 1052 obedientiam
415 1024 490 1048 non
525 1010 647 1061 potuit
684 1009 826 1046 violari.
880 1008 1075 1046 Eiusmodi
1110 1007 1226 1057 igitur
1260 1008 1463 1045 remedium
1509 1009 1641 1047 mortis

125 1082 272 1116 nostrae
308 1075 483 1113 constitui
518 1073 681 1125 oportuit
716 1073 755 1110 in
791 1072 868 1110 filio
906 1072 991 1120 (fol.
1017 1073 1104 1120 49¹³)
1140 1072 1222 1118 Dei,
1257 1085 1322 1123 per
1357 1085 1465 1123 quem
1501 1072 1641 1123 alioqui

124 1141 197 1178 vita
233 1143 377 1177 aeterna
413 1138 460 1175 ad
488 1150 568 1181 nos,
595 1135 797 1187 quamlibet
827 1135 938 1173 morti
964 1140 1134 1173 aeternae
1162 1135 1361 1180 subiectos,
1394 1136 1498 1174 iuxta
1524 1137 1642 1188 patris

126 1205 195 1242 Dei
236 1202 520 1254 providentiam,
551 1200 771 1252 pertinebat,
814 1200 914 1251 quod
950 1200 1060 1237 nobis
1096 1200 1247 1251 quidem
1283 1200 1396 1238 vitam
1443 1206 1642 1248 aeternam,

124 1269 197 1306 iam
233 1267 417 1312 amissam,
452 1266 670 1311 restitueret,
707 1265 770 1302 sed
806 1264 970 1302 iustitiae
1005 1265 1251 1302 nihilominus
1287 1266 1404 1316 patris
1432 1265 1503 1304 Dei
1529 1266 1640 1304 etiam

126 1334 165 1370 in
211 1345 275 1369 suo
320 1331 457 1368 iudicio
502 1330 741 1368 satisfaceret.
795 1329 885 1367 Non
929 1330 1025 1368 enim
1073 1334 1255 1380 repugnat
1289 1330 1326 1367 in
1363 1330 1442 1368 Deo
1478 1331 1641 1369 iustitiae

127 1395 390 1440 misericordia,
436 1394 498 1432 sed
536 1394 670 1431 veritas
705 1393 846 1432 iustitia
881 1407 956 1444 pax
991 1397 1026 1431 et
1063 1394 1210 1432 bonitas
1248 1407 1325 1432 sese
1353 1394 1392 1432 in
1418 1394 1483 1431 illo
1510 1399 1639 1433 mutuo

125 1461 337 1499 osculantur
362 1460 407 1507 ⁴).

176 1527 291 1563 Porro
319 1524 506 1562 decretum
533 1527 701 1561 aeternae
728 1522 797 1561 Dei
823 1522 998 1561 adversus
1027 1526 1196 1560 nostrum
1225 1535 1370 1560 carnem
1407 1527 1442 1560 et
1473 1527 1642 1561 nostrum

128 1590 343 1639 sanguinem
374 1588 535 1626 iustitiae
571 1588 641 1624 hoe
670 1591 758 1632 erat,
795 1590 833 1624 ut
860 1591 923 1624 aut
961 1587 999 1624 in
1036 1587 1111 1624 vita
1148 1590 1296 1624 aeterna
1331 1592 1574 1637 permaneret,
1611 1588 1642 1626 si

127 1655 288 1691 Domino
316 1652 394 1690 Deo
423 1665 487 1690 suo
515 1652 551 1689 in
589 1651 756 1689 mandati
784 1651 840 1688 sui
869 1651 986 1689 divini
1013 1650 1224 1688 obedientia
1260 1650 1475 1694 adhaereret
1502 1653 1546 1700 ⁵),
1578 1656 1642 1690 aut

127 1719 172 1757 ab
210 1718 272 1755 illa
310 1717 459 1754 omnino
497 1716 548 1753 ita
584 1715 853 1761 excluderetur,
881 1715 911 1752 si
938 1715 1155 1752 mandatum
1184 1714 1349 1752 divinum
1377 1716 1642 1766 quoquomodo

128 1797 191 1834 per
226 1782 555 1831 transgressionem
592 1781 777 1826 violasset,
813 1785 854 1818 ut
881 1780 927 1818 ad
954 1794 1034 1818 eam
1062 1781 1206 1818 restitui
1234 1781 1272 1818 in
1311 1784 1502 1818 aeternum
1529 1781 1643 1820 nullis

129 1848 204 1885 suis
232 1847 372 1885 viribus
401 1847 574 1896 nullaque
603 1860 666 1883 sua
694 1845 877 1883 industria
905 1849 967 1883 aut
994 1845 1175 1894 dignitate
1204 1859 1367 1896 unquam
1382 1846 1535 1883 omnino
1555 1859 1642 1897 pos·

130 1916 182 1948 set
201 1913 244 1958 6).
274 1912 476 1949 Aeternum
502 1910 615 1958 igitur
644 1909 713 1946 hoc
743 1909 930 1947 decretum
956 1909 1044 1947 iusti
1073 1909 1141 1947 Dei
1168 1913 1277 1960 atque
1305 1910 1535 1948 immutabile
1562 1925 1643 1949 esse

129 1975 303 2026 oportuit,
347 1973 657 2025 quemadmodum
686 1973 825 2011 iustitia
852 1973 966 2024 ipsius
994 1978 1143 2018 aeterna.
1171 1977 1279 2024 atque
1305 1973 1550 2012 immutabilis
1577 1979 1645 2020 est,

128 2054 246 2091 neque
283 2052 364 2076 caro
393 2041 519 2075 nostra
547 2037 616 2075 sub
644 2042 796 2075 mortem
824 2038 899 2074 iam
926 2051 988 2088 per
1015 2041 1205 2088 peceatum
1242 2038 1430 2082 conclusa,
1457 2038 1502 2075 ad
1531 2052 1643 2090 quam

128 2104 264 2155 alioqui
299 2104 418 2141 adhuc
447 2103 520 2140 vita
548 2106 694 2140 aeterna
722 2102 761 2140 in
789 2102 857 2139 Dei
884 2102 960 2139 filio
989 2102 1092 2140 iuxta
1132 2102 1246 2153 patris
1275 2102 1344 2140 Dei
1370 2102 1642 2153 providentiam

129 2168 345 2219 pertinebat,
372 2167 446 2204 ullo
475 2167 546 2203 alio
574 2165 685 2203 modo
714 2165 759 2203 ad
788 2179 867 2203 eam
894 2166 1013 2216 ipsam
1041 2166 1167 2210 vitam,
1193 2180 1213 2203 a
1251 2179 1320 2217 qua
1359 2166 1557 2213 exciderat,
1583 2181 1643 2206 re-

130 2231 231 2268 stitui
266 2231 397 2281 potuit,
432 2230 503 2267 nisi
539 2243 685 2266 rursum
723 2242 787 2280 per
816 2229 1064 2267 obedientiam
1093 2243 1209 2275 suam,
1237 2229 1550 2281 quemadmodum
1578 2245 1642 2282 per

130 2294 313 2344 propriam
349 2293 639 2331 inobedientiam
677 2293 715 2330 in
749 2293 878 2343 primis
914 2294 1052 2331 nostris
1088 2294 1392 2344 progenitoribus
1427 2308 1447 2331 a
1477 2295 1550 2332 vita
1577 2309 1642 2332 ex-

131 2358 229 2394 clusa
271 2358 352 2405 (fol.
382 2359 463 2404 50³)
496 2363 585 2395 erat.
638 2357 792 2407 Alioqui
827 2370 901 2394 non
938 2362 1032 2395 esset
1058 2362 1249 2396 aeternum
1276 2361 1386 2408 atque
1410 2357 1643 2396 immutabile

131 2422 314 2458 decretum
349 2421 440 2457 illud
475 2421 555 2467 Dei,
581 2434 651 2471 quo
681 2426 828 2459 nostrae
855 2428 891 2459 et
920 2435 994 2460 non
1031 2422 1138 2460 alteri
1176 2422 1277 2459 carni
1313 2421 1427 2459 vitam
1454 2426 1641 2460 aeternam

130 2486 268 2523 addicit
305 2485 342 2521 in
380 2485 515 2522 nostlis
542 2486 669 2535 primis
696 2486 1013 2536 prooenitoribus,
1047 2491 1229 2538 quatenus
1256 2487 1313 2525 illi
1338 2487 1375 2525 in
1406 2488 1532 2526 eadem
1560 2489 1641 2540 ipsa

131 2563 240 2587 carne
268 2553 392 2586 nostra
420 2548 593 2586 mandato
619 2549 733 2599 ipsius
762 2550 1001 2589 obediissent.

182 2616 232 2651 At
261 2626 345 2650 vero
373 2613 411 2649 in
438 2613 606 2649 universa
635 2627 743 2652 carne
770 2620 896 2652 nostra
924 2615 1084 2654 humana
1113 2630 1220 2654 nemo
1248 2617 1399 2668 reperiri
1424 2618 1559 2668 potuit,
1577 2618 1643 2669 qui

130 2680 300 2715 amissam
329 2676 439 2715 semel
467 2676 712 2715 obedientiam
740 2679 991 2729 redintegrare
1017 2694 1164 2719 rursum
1191 2686 1330 2732 posset,
1362 2688 1473 2733 atque
1499 2682 1549 2720 ita
1579 2683 1641 2722 de·

176 2816 198 2840 ἰ
226 2814 301 2845 llcb.
325 2815 353 2846 2.
443 2814 469 2853 ²)
494 2815 570 2846 Gen.
594 2815 622 2847 3,
713 2816 737 2854 ³)
765 2817 845 2849 l'sal.
869 2818 936 2850 103.
1022 2819 1048 2859 ⁴)
1073 2818 1155 2852 Psal.
1178 2820 1227 2853 85.
1317 2822 1343 2860 5)
1369 2821 1464 2854 Gene.
1487 2821 1516 2854 2.

173 2874 198 2896 0·
228 2869 306 2901 ΙύιϊΙ.
333 2870 379 2902 12.
