1818 3178
470 176 521 203 m:
549 177 832 204 SACRAMENTIS
863 176 1080 204 nocensne
1108 175 1288 205 CHRISTI.
1571 167 1642 203 219

117 292 252 319 coenae
294 279 514 317 Dominicae
554 279 889 324 administratione,
930 292 1048 330 neque
1092 279 1180 318 item
1219 278 1319 318 aliud
1357 279 1518 317 ministri
1553 291 1646 331 opus

116 345 295 390 videmus,
327 356 401 395 quo
438 343 550 381 nobis
587 344 666 395 ipsa
696 344 862 395 corporis
891 344 1031 382 Christi
1059 345 1270 383 substantia
1307 345 1438 383 debeat
1464 345 1646 389 exhiberi.

116 421 227 459 quam
253 409 373 459 ipsam
399 407 507 459 panis
535 412 570 445 et
597 409 722 459 poculi
751 408 1066 446 distributionem.
1113 411 1189 448 Aut
1217 410 1331 460 igitur
1360 409 1551 447 fatendum
1579 414 1647 454 est,

117 474 364 511 substantiam
392 473 558 524 corporis
586 473 724 511 Christi
752 474 840 525 pani
869 475 1106 512 coniunctam
1135 488 1234 520 esse,
1270 479 1308 512 ut
1339 488 1409 512 una
1439 488 1520 512 cum
1550 488 1647 526 pane

118 537 278 575 ministri
314 537 489 575 manibus
528 538 788 583 distribuatur,
825 542 900 580 aut,
934 538 964 575 si
992 539 1080 589 pani
1111 539 1311 577 coniuncta
1341 552 1414 577 non
1442 544 1509 582 est,
1546 539 1646 577 indi-

117 601 277 639 candum
314 607 382 645 est,
416 601 573 640 ubinam
600 603 658 640 vel
685 603 929 640 distribuatur
958 603 1121 640 ministri
1146 604 1336 648 manibus,
1363 605 1421 641 vel
1448 618 1469 641 a
1498 617 1646 642 sumen-

115 666 217 705 tibus
243 667 485 718 percipiatur.

168 730 255 768 Hoc
297 744 382 768 vero
429 731 546 769 velint
582 731 703 769 nolint
738 731 847 768 fateri
883 735 1087 780 coguntur,
1124 744 1259 782 corpus
1301 731 1439 770 Christi
1477 731 1645 770 exhiberi

117 808 180 846 per
207 808 340 833 manus
368 795 529 833 ministri
554 809 650 847 pane
677 795 771 846 ipso,
799 795 856 832 vel
883 808 948 846 per
974 808 1120 846 panem,
1146 796 1205 833 vel
1230 796 1270 833 in
1297 809 1404 847 pane.
1461 799 1525 839 At,
1559 796 1646 834 dum

118 860 189 898 hoe
217 860 359 904 dicunt,
386 861 460 898 iam
487 873 635 897 rursum
663 864 830 898 statuunt
857 862 989 911 (quam
1015 873 1216 910 agnoscere
1237 861 1431 908 nolebant)
1448 861 1646 899 ministerii

117 937 202 962 cum
228 924 420 962 elementis
447 925 531 973 (fol.
562 924 985 972 125³)1connexionem,
1011 925 1238 975 perindeque
1264 929 1320 963 est
1347 930 1458 976 atque
1488 926 1518 963 si
1535 926 1645 964 unio—

117 1001 202 1026 nem
242 988 345 1026 illam
381 988 421 1025 in
458 988 691 1026 connexione
726 988 884 1039 positam
931 1001 1125 1039 nunquam
1159 989 1442 1027 transtulissent
1478 991 1517 1028 in
1554 1003 1646 1042 opus

116 1051 293 1096 ministri,
327 1065 410 1090 cum
448 1065 539 1103 opus
572 1051 735 1089 ministri
773 1052 810 1090 in
847 1052 927 1103 ipsa
962 1053 1228 1090 elementorum
1257 1053 1522 1092 distributione
1551 1055 1646 1092 dun-

115 1121 219 1154 taxat
255 1124 431 1162 versetur,
469 1122 652 1167 quatenus
687 1130 708 1154 a
747 1116 856 1154 nobis
893 1116 1010 1154 videri
1036 1121 1175 1168 potest;
1214 1122 1253 1155 ut
1286 1131 1363 1155 non
1398 1123 1474 1156 tam
1502 1132 1570 1156 nos
1598 1119 1646 1156 ab

117 1181 181 1219 illa
215 1181 355 1220 unione
389 1182 429 1219 in
467 1182 700 1219 connexione
726 1181 847 1233 posita
875 1181 1027 1219 liberari
1054 1182 1246 1219 videamus
1274 1195 1338 1232 per
1363 1182 1474 1220 istam
1502 1183 1580 1220 eius
1609 1183 1645 1220 in

116 1261 209 1298 opus
244 1247 408 1284 ministri
442 1246 748 1291 translationem,
785 1259 894 1297 quam
931 1246 1056 1297 potius
1094 1246 1151 1283 illi
1186 1260 1255 1284 nos
1283 1247 1402 1297 magis
1430 1248 1546 1285 multo
1576 1248 1646 1285 im-

115 1312 244 1363 plicari
278 1324 321 1349 ae
357 1324 433 1349 rem
471 1311 631 1361 denique
657 1311 776 1362 ipsam
802 1311 922 1359 magis
950 1311 1080 1355 multo,
1108 1325 1220 1363 quam
1249 1325 1411 1362 unquam
1440 1316 1560 1359 antea,
1586 1313 1645 1350 in-

116 1378 215 1414 volvi
249 1381 284 1415 et
310 1376 417 1414 reddi
444 1376 698 1414 obscuriorem
727 1377 838 1414 simul
863 1389 906 1414 ac
934 1376 1191 1416 difficiliorem.
1247 1377 1326 1415 Qui
1354 1377 1484 1415 dieunt
1512 1391 1646 1429 corpus

117 1443 257 1481 Christi
292 1443 332 1480 in
369 1442 482 1480 verbo
512 1455 574 1480 seu
601 1455 667 1493 per
693 1443 849 1479 verbum
876 1442 1068 1489 exhiberi,
1105 1442 1237 1480 docere
1266 1456 1341 1480 non
1368 1446 1540 1493 possunt,
1567 1456 1646 1480 ma·

117 1509 227 1547 nibus
261 1508 300 1546 id
335 1508 499 1546 ministri
535 1507 717 1552 exhiberi,
746 1521 832 1545 nam
859 1521 993 1545 manus
1024 1507 1178 1545 verbum
1207 1521 1283 1546 non
1311 1508 1500 1553 exhibent,
1528 1521 1646 1559 neque

114 1573 205 1611 item
239 1585 304 1624 per
340 1572 505 1616 verbum,
543 1576 582 1609 ut
618 1571 782 1610 ministri
810 1585 915 1623 opus,
943 1572 1152 1609 substantia
1181 1572 1347 1623 eorporis
1377 1572 1515 1610 Christi
1541 1572 1647 1610 exhi-

117 1637 195 1674 beri
225 1640 358 1684 potest.
388 1636 457 1674 Est
485 1636 583 1673 enim
613 1635 780 1681 verbum,
807 1641 990 1686 quatenus
1019 1636 1180 1673 ministri
1207 1649 1299 1687 opus
1327 1640 1395 1682 est,
1421 1637 1521 1674 aliud
1540 1637 1649 1681 nihil,

116 1714 225 1752 quam
256 1714 327 1738 vox
353 1699 551 1746 transiens,
587 1700 902 1750 quemadmodum
932 1701 1168 1749 Augustinus
1195 1701 1375 1751 loquitur,
1402 1705 1438 1739 et
1465 1701 1565 1738 aliud
1593 1704 1648 1738 est

115 1778 190 1802 vox
223 1765 421 1808 transiens,
448 1763 548 1802 aliud
578 1764 902 1802 verosubstantia
929 1765 969 1802 in
999 1778 1063 1802 sua
1092 1766 1213 1815 specie
1243 1765 1408 1815 corporis
1429 1764 1581 1810 Christi,
1606 1769 1648 1802 ut

119 1830 178 1867 hic
212 1829 308 1866 nihil
343 1828 442 1866 aliud
478 1827 601 1865 videre
633 1828 833 1878 possimus,
868 1841 979 1878 quam
1017 1828 1216 1866 verborum
1252 1828 1419 1877 argutias
1458 1827 1648 1878 quasdam,

117 1907 211 1945 quae
248 1895 371 1931 fumos
406 1892 588 1944 quosdam
625 1893 743 1930 oeulis
783 1893 1007 1943 simplicium
1037 1893 1243 1939 offundant,
1285 1898 1322 1931 ut
1348 1897 1479 1944 putent
1507 1893 1647 1943 aliquid

119 1959 258 1996 dietum
287 1971 378 2004 esse,
412 1970 496 1995 cum
523 1971 649 1995 revera
678 1957 772 1995 nihil
799 1958 846 1994 ad
873 1971 949 1995 rem
977 1959 1062 2006 (fol.
1091 1956 1352 2009 125¹³yipsum
1382 1957 1455 1995 dici
1492 1962 1646 1995 constet.

173 2022 311 2060 Mirum
347 2026 403 2060 est
438 2025 573 2066 autem,
608 2034 683 2068 eos,
717 2021 782 2072 qui
816 2021 993 2059 unionem
1031 2023 1341 2060 Sacramentalem
1377 2023 1415 2060 in
1444 2035 1553 2073 opere
1579 2022 1648 2059 mi-

119 2087 227 2125 nistri
263 2090 413 2137 propter
447 2089 599 2137 pactum
638 2087 895 2132 constituunt,
928 2099 1061 2136 urgere
1094 2087 1230 2124 realem
1267 2086 1371 2124 iuxta
1407 2087 1527 2137 ipsam
1564 2099 1647 2137 spe-

122 2152 212 2189 eiem
252 2151 482 2188 substantiae
520 2151 686 2201 corporis
725 2150 864 2188 Christi
901 2152 1080 2188 naturalis
1117 2151 1157 2189 in
1186 2164 1301 2188 coena
1328 2164 1392 2202 per
1418 2163 1550 2188 manus
1578 2151 1646 2187 mi-

120 2216 228 2253 nistri
254 2214 537 2260 exhibitionem,
564 2219 600 2252 et
627 2214 774 2252 interim
806 2216 996 2261 affirmare,
1032 2215 1132 2266 quod
1170 2228 1249 2252 eam
1277 2215 1393 2265 ipsam
1420 2215 1473 2252 ita
1501 2214 1646 2252 exhibi-

118 2284 192 2317 tam
223 2279 388 2330 eorporis
411 2278 552 2315 Christi
579 2278 759 2315 naturalis
789 2278 1038 2315 substantiam
1066 2278 1145 2315 sola
1171 2277 1244 2314 fide
1270 2277 1534 2328 percipiamus;
1564 2290 1647 2314 cum

120 2343 223 2389 fides,
256 2356 348 2394 quae
384 2345 440 2380 est
477 2355 599 2379 rerum
635 2342 847 2379 absentium
881 2342 985 2379 iuxta
1015 2342 1186 2393 speciem,
1223 2346 1448 2379 nouantem
1474 2354 1647 2392 praesen-

120 2409 226 2453 tium,
265 2411 308 2445 ut
343 2407 418 2444 iam
455 2411 563 2444 antea
591 2405 733 2444 dictum
761 2410 828 2451 est,
854 2420 901 2444 ne
927 2406 1100 2444 admittat
1127 2406 1278 2457 quidem
1304 2406 1515 2444 istiusmodi
1543 2419 1648 2457 prae-

120 2474 277 2511 sentiam
313 2476 377 2510 aut
415 2471 684 2509 exhibitionem
724 2471 891 2522 corporis
919 2471 1071 2515 Christi,
1107 2472 1241 2508 nedum
1281 2475 1320 2508 ut
1346 2471 1448 2508 illam
1477 2471 1650 2521 requirat,

120 2542 156 2576 et
193 2551 251 2576 res
287 2538 427 2588 alioqui
462 2549 660 2587 corporeae
699 2536 736 2574 in
773 2550 836 2574 sua
873 2537 1108 2587 potissimum
1154 2536 1364 2574 substantia
1403 2535 1475 2573 fide
1512 2535 1649 2586 percipi

123 2617 197 2641 non
227 2602 388 2653 possint.
992 2647 1001 2655 ο

172 2668 303 2718 Neque
329 2671 450 2718 potest
476 2666 618 2703 firmius
645 2669 908 2714 argumentum
937 2666 1050 2703 ullum
1082 2665 1209 2703 haberi
1231 2679 1276 2703 ex
1297 2666 1538 2716 ipsorummet
1557 2677 1647 2702 con·

123 2731 285 2769 sessione
326 2730 372 2768 ad
411 2730 692 2767 convellendam
727 2729 829 2766 illam
862 2730 996 2767 realem
1034 2729 1265 2767 substantiae
1301 2729 1465 2780 corporis
1510 2728 1649 2766 Christi

124 2796 303 2833 naturalis
329 2795 369 2832 in
398 2803 510 2832 coena
540 2793 841 2831 distributionem
869 2807 933 2844 per
959 2793 1122 2831 ministri
1149 2807 1280 2832 manus
1297 2815 1359 2839 —,
1377 2794 1453 2830 sive
1478 2793 1579 2830 illam
1607 2794 1648 2831 iu

123 2860 355 2897 connexione
384 2872 466 2896 cum
493 2857 696 2903 elementis,
725 2858 800 2895 sive
820 2858 858 2896 in
875 2858 1038 2896 ministri
1056 2872 1165 2910 opere
1185 2863 1399 2902 statuamus,
1416 2879 1464 2885 ——
1478 2870 1588 2907 quam
1617 2857 1648 2895 si

123 2923 223 2961 illam
251 2923 324 2961 fide
350 2937 371 2961 a
401 2923 509 2961 nobis
536 2923 675 2974 percipi
704 2922 873 2961 doceant.
904 2923 1035 2975 Neque
1061 2923 1158 2960 enim
1187 2924 1277 2961 fides
1308 2923 1401 2959 circa
1430 2935 1486 2960 res
1516 2935 1646 2973 corpo-
