1818 3178
173 118 246 157 492
820 127 880 156 ΕΡ.
913 128 1054 154 oocra.

172 232 374 280 temptores
409 228 596 279 pertinere
633 227 808 264 ostendat
845 227 915 265 Dei
951 227 1258 274 misericordiam,
1284 240 1379 279 quae
1406 226 1556 279 quidem
1583 227 1694 266 nobis

176 293 332 331 salutem
378 295 545 329 nostram
582 290 769 335 restituat,
810 289 948 328 diserte
987 290 1057 328 ait:
1099 289 1359 329 Misericordia
1395 290 1549 328 Domini
1586 304 1696 341 super

172 357 346 395 timentes
373 368 470 393 eum.
516 356 567 392 At
594 367 681 392 vero
707 353 822 392 timor
850 367 1000 405 quoque
1025 354 1106 405 ipse
1133 354 1257 392 varius
1283 359 1350 394 est.
1389 355 1458 392 Est
1482 354 1596 393 timor
1621 355 1694 392 im-

172 420 320 472 piorum
356 419 395 457 in
432 431 591 470 poenam
629 418 951 469 contemptoribus
979 417 1143 462 additus,
1170 418 1236 469 qui
1265 418 1412 456 sublata
1439 418 1542 456 omni
1568 418 1698 456 veniae

174 497 237 535 spe
263 483 381 533 adigit
407 483 454 520 ad
482 482 790 533 desperationem.
844 482 916 520 Sed
954 482 1016 519 hic
1042 495 1117 519 non
1146 486 1223 520 tam
1251 485 1307 520 est
1332 483 1445 520 timor
1471 482 1559 528 iam,
1585 495 1697 533 quam

174 547 307 584 horror
349 546 499 597 quidam
544 545 680 596 potius,
724 558 865 596 poenae
909 544 1012 582 illius
1048 544 1212 590 initium,
1254 558 1327 595 qua
1364 545 1463 583 Deus
1504 549 1697 596 contemp-

173 615 252 650 tum
288 611 345 649 sui
372 610 576 649 ulciscitur.
629 610 763 661 Neque
791 623 875 647 cum
903 609 975 647 hoc
1003 609 1146 660 aliquid
1175 622 1371 647 commune
1400 609 1512 647 habet
1538 609 1698 661 amplius

174 677 244 715 Dei
280 676 547 721 misericordia,
582 682 697 726 quum
732 675 826 713 tales
861 675 1000 725 potius,
1027 687 1121 726 quos
1150 674 1211 711 hic
1240 674 1372 711 horror
1399 675 1511 712 semel
1538 687 1699 726 occupa-

174 741 238 788 vit,
271 740 371 779 aliud
408 741 483 778 iam
517 753 605 791 prae
641 739 760 777 oculis
797 739 934 777 habere
971 751 1047 776 non
1082 742 1241 789 possunt
1278 751 1389 789 quam
1424 738 1700 776 formidabilem

171 806 275 843 illam
310 804 542 842 inevitabilis
577 803 711 841 iudicii
747 803 1062 854 exspectationem
1099 807 1135 840 et
1161 802 1261 852 ignis
1290 802 1573 847 vehementiam,
1607 815 1702 853 quae

170 869 257 906 illos
291 867 443 906 tandem
479 866 628 905 tandem
669 866 821 904 devoret
857 871 967 916 atque
1002 865 1216 903 absorbeat.
1272 865 1335 902 Sic
1385 878 1587 916 numquam
1625 878 1701 903 non

175 933 327 970 horrent
363 932 540 970 demones
575 931 623 968 ad
661 930 729 968 Dei
755 930 975 982 potentiam.
1033 930 1097 967 Sic
1123 933 1159 968 et
1189 929 1282 967 Cain
1310 934 1346 967 et
1374 929 1507 967 Iudam
1534 929 1702 967 timuisse

173 997 345 1046 legimus.
390 996 463 1034 Sed
492 1009 630 1033 nomen
658 995 829 1032 divinum
855 995 1051 1032 invocasse
1078 982 1155 1032 non
1184 994 1356 1043 legimus,
1381 999 1576 1045 propterea
1602 993 1702 1044 quod

171 1062 220 1099 ab
248 1061 351 1099 omni
377 1061 508 1099 veniae
536 1073 599 1111 spe
625 1059 780 1103 exclusi,
808 1059 972 1096 animum
1002 1071 1110 1096 suum
1138 1058 1185 1095 ad
1212 1057 1417 1095 Dominum
1436 1057 1607 1095 attollere
1626 1070 1701 1095 non

171 1128 388 1176 potuerunt.
425 1124 553 1163 Quare
580 1123 694 1161 alium
723 1123 896 1161 timorem
925 1136 1005 1160 esse
1032 1127 1191 1173 oportet,
1216 1122 1264 1160 ad
1300 1135 1407 1173 quem
1435 1121 1616 1173 propheta
1643 1121 1702 1159 in-

173 1189 274 1227 dicat
310 1189 379 1227 Dei
415 1187 709 1226 misericordiam
748 1187 898 1239 proprie
924 1187 1121 1238 pertinere,
1151 1200 1283 1238 nempe
1309 1200 1394 1225 eum
1421 1200 1494 1238 quo
1520 1191 1702 1238 perterre·

172 1267 255 1292 mur
282 1254 431 1306 quidem
461 1253 709 1295 vehementer.
743 1252 889 1303 quoties
928 1265 997 1290 nos
1034 1252 1137 1302 ipsos
1165 1251 1356 1303 vitamque
1384 1256 1552 1289 nostram
1579 1251 1703 1289 intue-

173 1330 268 1361 mur,
295 1317 360 1355 sed
387 1316 478 1354 adeo
507 1329 585 1354 nou
611 1316 861 1354 absterremur
888 1319 1014 1353 tamen
1041 1329 1062 1352 a
1091 1328 1154 1365 spe
1183 1315 1468 1366 consequendae
1496 1316 1635 1362 veniae,
1661 1320 1702 1354 ut

173 1394 216 1419 eo
251 1381 450 1419 incitemur
477 1381 590 1418 etiam
617 1380 662 1417 ad
691 1379 988 1430 resipiscentiam
1017 1392 1197 1431 opemque
1231 1379 1384 1418 Domini
1417 1380 1703 1432 implorandam,

173 1460 247 1497 qua
282 1446 363 1483 sola
398 1446 558 1483 fatemur
586 1458 656 1483 nos
690 1458 710 1482 a
746 1448 876 1482 nostra
905 1445 1128 1490 calamitate,
1155 1458 1220 1496 per
1246 1458 1359 1496 quam
1385 1445 1425 1483 in
1452 1446 1615 1496 peccatis
1644 1446 1702 1483 vel

171 1509 283 1548 inviti
317 1510 467 1548 haerere
504 1510 686 1559 cogimur,
723 1509 911 1547 sublevari
947 1513 1130 1560 oportere.
1185 1509 1247 1546 Sic
1273 1509 1399 1547 timuit
1425 1514 1566 1560 patrem
1594 1523 1701 1547 suum

173 1574 426 1624 Euangelicus
461 1574 525 1611 ille
553 1574 647 1612 male
684 1573 785 1623 frugi
812 1573 926 1618 filius,
954 1573 1008 1611 sic
1033 1573 1239 1610 Dominum
1269 1573 1403 1617 David,
1430 1574 1483 1611 sic
1511 1574 1701 1612 Christum

173 1640 307 1677 Petrus
334 1644 369 1677 et
396 1643 486 1677 sunt
511 1638 685 1690 protinus
712 1637 1006 1675 misericordiam
1037 1637 1269 1688 consequuti.
1299 1638 1388 1675 Non
1405 1643 1461 1676 est
1477 1638 1567 1676 satis
1587 1638 1703 1676 dixis-

174 1718 212 1742 se
243 1703 452 1756 npeccavi''
479 1703 518 1741 id
547 1703 647 1754 quod
677 1702 848 1754 equidem
877 1706 912 1740 et
940 1702 1033 1740 Cain
1060 1707 1097 1740 et
1125 1702 1214 1739 Saul
1242 1706 1278 1740 et
1297 1702 1411 1740 Iudas
1431 1703 1612 1749 fecerunt,
1640 1703 1704 1741 sed

173 1768 269 1807 illud
305 1773 362 1806 est
397 1767 582 1819 imprimis
619 1767 882 1812 necessarium,
907 1771 949 1805 ut
976 1780 1124 1804 omnem
1154 1770 1320 1805 nostram
1350 1768 1599 1805 calamitatem
1626 1780 1702 1806 non

173 1836 251 1871 tam
280 1832 507 1878 hominibus,
536 1845 647 1883 quam
676 1831 756 1869 Deo
784 1835 915 1869 nostro
943 1831 1081 1882 potius,
1110 1844 1230 1882 neque
1257 1831 1346 1869 huic
1373 1832 1474 1870 velut
1499 1832 1616 1870 iudici
1642 1846 1704 1871 so-

173 1898 252 1936 lum
288 1901 352 1935 aut
387 1897 566 1943 Domino,
603 1896 667 1934 sed
703 1897 815 1935 etiam
844 1896 962 1934 veluti
988 1897 1086 1947 patri
1115 1897 1285 1935 omnium
1311 1897 1424 1946 longe
1449 1897 1704 1947 indulgentis·

175 1962 268 2000 simo
297 1966 408 2013 atque
436 1961 528 1999 adeo
556 1961 738 1999 servatori
765 1965 896 2000 nostro
925 1961 1087 1999 filiorum
1115 1974 1218 1999 more
1245 1974 1488 2013 exponamus,
1519 1962 1620 2000 illius
1645 1962 1705 2000 iu-

176 2027 316 2064 dicium
360 2040 381 2064 a
427 2026 538 2064 nobis
576 2025 816 2077 deprecemur
852 2030 887 2063 et
924 2026 1042 2063 solam
1078 2025 1157 2064 eius
1190 2026 1484 2064 misericordiam
1526 2032 1704 2078 concepta

175 2107 239 2144 per
266 2091 455 2130 Christum
485 2094 585 2129 certa
612 2090 750 2128 fiducia
775 2090 1035 2142 imploremus.
1091 2092 1185 2129 Tum
1214 2091 1362 2129 demum
1390 2091 1490 2129 enim
1519 2092 1707 2143 adspiciet

176 2171 247 2196 nos
281 2156 531 2209 proculdubio
571 2156 691 2194 oculis
727 2168 813 2194 suae
847 2156 1139 2202 misericordiae,
1174 2156 1303 2206 agnito
1343 2156 1415 2194 hoc
1443 2156 1500 2194 sui
1527 2157 1567 2195 in
1594 2156 1706 2195 nobis

176 2224 324 2267 timore,
349 2222 415 2273 qui
441 2220 534 2259 adeo
561 2234 637 2259 non
665 2224 789 2272 potest
817 2221 958 2272 alioqui
985 2234 1062 2259 non
1090 2234 1170 2260 esse
1196 2225 1327 2270 gratus
1346 2221 1426 2259 Deo
1445 2221 1549 2259 iuxta
1567 2222 1706 2260 Christi

176 2287 294 2338 ipsius
320 2285 591 2330 testimonium,
617 2290 659 2323 ut
687 2299 762 2323 una
790 2285 880 2323 haec
907 2298 980 2323 vox
1011 2285 1216 2336 “peccavi’'
1243 2300 1265 2323 a
1291 2285 1357 2323 tali
1384 2286 1550 2337 profecta
1577 2286 1703 2324 animo

177 2350 297 2388 maius
333 2348 513 2399 gaudium
550 2348 687 2386 excitet
721 2348 760 2386 in
799 2349 914 2395 coelo,
950 2361 1062 2399 quam
1098 2348 1308 2397 nonaginta
1352 2361 1485 2386 novem
1521 2349 1705 2387 iustorum

179 2415 356 2454 accessio,
410 2414 522 2452 Unde
558 2417 594 2451 et
628 2413 810 2465 propheta
847 2413 950 2459 alibi,
985 2413 1074 2451 dum
1112 2413 1157 2451 de
1192 2426 1235 2451 eo
1271 2413 1352 2465 ipso
1380 2413 1514 2451 timore
1540 2414 1705 2464 loquitur

179 2492 289 2531 quem
317 2479 417 2518 Deus
445 2479 485 2516 in
512 2478 623 2516 nobis
650 2478 825 2529 requirit:
855 2478 1128 2524 Misericordia,
1147 2478 1282 2529 inquit,
1303 2491 1413 2529 super
1431 2478 1602 2516 timentes
1621 2491 1704 2515 eum

180 2547 217 2582 et
252 2543 293 2581 in
328 2556 392 2581 eos
427 2542 492 2593 qui
528 2546 679 2593 sperant
714 2555 824 2593 super
859 2542 1115 2580 misericordia
1142 2542 1235 2588 eius,
1270 2546 1311 2580 ut
1338 2541 1592 2591 intelligamus
1619 2554 1702 2579 eum

179 2609 351 2647 timorem
387 2607 435 2645 ad
471 2620 579 2658 quem
606 2607 678 2645 Dei
704 2607 890 2658 pertineat
915 2607 1175 2646 misericordia
1202 2607 1332 2646 veniae
1360 2620 1459 2658 spem
1489 2618 1564 2644 non
1591 2605 1704 2643 modo

182 2683 258 2710 non
301 2669 512 2714 excludere,
546 2669 611 2706 sed
648 2668 866 2707 adiunctam
903 2669 975 2707 sibi
1011 2673 1201 2720 praeterea
1228 2669 1341 2708 etiam
1374 2668 1511 2707 habere
1551 2668 1703 2706 omnino

181 2738 363 2786 oportere.
403 2733 554 2771 Quibus
580 2733 755 2784 equidem
781 2734 907 2772 verbis
933 2734 1088 2785 planum
1114 2735 1205 2773 facit
1231 2733 1424 2785 propheta,
1453 2732 1606 2770 Domini
1633 2732 1704 2770 mi·

183 2798 423 2837 sericordiam
458 2797 505 2836 ad
531 2797 703 2835 infirmos
732 2797 927 2844 duntaxat,
954 2811 1031 2837 non
1057 2802 1180 2837 autem
1208 2799 1255 2837 ad
1283 2800 1557 2848 contemptores
1584 2810 1705 2848 neque

182 2863 228 2900 ad
263 2863 458 2915 prolapsos
492 2861 532 2901 in
569 2861 864 2912 desperationem
899 2865 1102 2914 (quatenus
1139 2876 1180 2901 ea
1217 2866 1452 2914 contemptus
1480 2875 1599 2913 poena
1626 2865 1705 2910 est)
