1818 3178
740 128 983 160 PRAEFA'PJO.
1507 123 1623 158 xcvu'

97 237 138 279 in
170 236 331 279 edendo
364 235 630 280 Catechismo
660 237 907 286 observavit,
938 235 1129 279 omnibus
1160 235 1281 278 facile
1315 234 1558 292 probabitur
1580 241 1620 277 et

94 309 219 351 simul
262 324 346 366 quo
377 309 468 350 iure
499 309 588 350 eius
619 315 779 351 textum
812 309 941 351 secuti
974 310 1114 359 simus,
1147 308 1387 351 luculenter
1417 307 1617 350 ostendet.

96 381 258 423 Etenim
293 382 351 423 sic
380 381 421 422 in
454 381 712 436 praefatione
744 382 830 437 ipse
862 388 1008 423 auctor
1040 388 1205 423 narrat:
1244 403 1264 428 ῃ
1283 380 1430 422 Hebbe
1452 379 1617 421 derhal-

99 476 119 500 u
143 468 225 494 uen
258 452 427 494 erstlick
460 452 540 494 den
571 453 680 494 Text
711 452 783 495 des
815 452 1082 502 catechismi,
1114 455 1194 495 aba
1227 455 1311 495 dem
1341 455 1529 494 attereret
1555 466 1622 505 qe-

99 548 119 573 η
145 525 336 566 druekten
367 524 601 577 Emmplar,
635 524 705 566 dat
735 524 801 566 ick
834 524 906 566 uth
939 540 1085 581 mynes
1118 523 1161 567 S.
1194 524 1361 567 Vaders
1382 523 1620 567 Bernhardi

99 618 120 643 η
143 596 342 637 Buwonis
385 595 514 638 Frisii
561 596 627 651 (de
668 611 779 638 anno
825 596 937 638 1544
966 596 1082 638 thom
1114 596 1320 638 Pastoren
1353 597 1426 638 tho
1457 595 1616 638 Eilsum

97 691 118 716 ῃ
142 668 173 710 is
205 667 394 710 bestellet
425 667 609 723 worden)
642 667 866 710 bibliothec
897 667 1117 716 bekomen,
1154 668 1271 710 recht
1302 667 1411 709 unde
1438 674 1619 724 getruw-

97 762 118 786 u
144 740 227 782 liek
245 740 579 797 affgeschreuen,
604 739 931 782 nichtenidauon
956 739 1063 780 noch
1086 739 1156 781 tho
1177 739 1384 795 gedaen.'’
1405 739 1435 796 ¹)
1470 739 1616 791 Quum

98 819 237 854 tamen
283 811 377 860 loci,
408 828 431 854 e
462 827 581 854 sacra
613 812 823 867 scriptura
853 810 1075 867 desumpti,
1110 825 1186 852 suo
1218 819 1350 853 marte
1381 811 1546 853 auxisse
1576 827 1619 853 se

97 883 219 932 dicat,
240 899 310 925 eos
327 883 367 925 in
390 883 569 925 editione
589 890 731 925 nostra
751 883 994 939 pressimus.
1026 882 1288 924 Divisionem
1311 897 1477 938 quoque
1505 882 1621 924 omit—

97 955 266 998 tendam
296 955 505 1006 duximus,
539 956 738 1011 quoniam
771 955 821 996 de
850 970 927 997 suo
958 970 1051 996 eam
1082 955 1216 996 textui
1240 954 1441 996 addidisse
1463 970 1505 996 se
1526 970 1620 996 nar·

96 1033 161 1068 rat
190 1034 352 1075 auctor,
387 1033 433 1068 ut
467 1027 561 1083 (nisi
596 1027 793 1068 mentitus
824 1027 878 1068 sit
909 1026 1163 1068 Eiishemius
1183 1026 1223 1067 in
1245 1026 1504 1082 praefatione
1528 1028 1617 1080 sua)

96 1097 329 1154 genuinum
362 1103 521 1139 textum
554 1113 730 1154 prorsus
761 1099 1056 1141 intemeratum
1082 1097 1206 1138 editio
1228 1104 1371 1139 nostra
1391 1096 1618 1140 exhiberet.

152 1168 356 1212 Latinum
374 1176 533 1211 textum
553 1168 742 1210 dedimus
759 1185 781 1210 e
799 1169 1040 1211 recensione
1064 1168 1285 1212 Gerobuli.
1319 1168 1516 1224 Namque
1538 1176 1621 1210 tres

94 1241 219 1284 huius
251 1241 507 1284 catechismi
538 1242 749 1283 versiones
780 1241 820 1282 in
853 1241 989 1283 lucem
1025 1241 1288 1297 prodierunt,
1320 1240 1486 1291 Latina,
1515 1239 1618 1282 Gal-

95 1312 176 1355 lica.
207 1319 248 1354 et
279 1312 467 1369 Belgica.
531 1312 711 1356 Latinae
744 1313 946 1355 versionis
977 1312 1045 1355 hic
1076 1312 1223 1354 titulus
1255 1320 1336 1354 est:

159 1387 382 1428 catechesis
421 1386 626 1428 Ecclesiae
658 1387 865 1428 Emdanae
893 1386 934 1427 in
961 1386 1139 1439 qratiam
1168 1385 1370 1427 studiosae
1401 1384 1623 1426 iuventutis

96 1471 230 1498 reeens
259 1457 469 1499 latinitate
501 1459 663 1505 donata,
687 1457 872 1498 Ioanne
899 1458 1136 1498 Gerobalo
1157 1457 1366 1509 Hayaao
1388 1456 1622 1508 interprete.

97 1531 294 1572 Aembdae
327 1529 452 1572 1566.
499 1530 536 1572 V
534 1531 671 1571 males
700 1532 810 1583 apud
838 1530 1028 1571 Ioannem
1064 1530 1304 1570 G'aadarium
1339 1528 1621 1585 Bibliopolam.

99 1602 186 1644 120.
218 1616 265 1643 ex
293 1602 449 1657 officina
482 1600 533 1645 G.
572 1603 774 1644 Galiaert.

156 1672 324 1716 Gallica
368 1673 502 1715 versio
544 1672 749 1717 SAMUELO
796 1674 854 1717 H.
888 1688 942 1716 DE
973 1687 1025 1715 LA
1056 1673 1204 1716 VIGNE
1235 1671 1412 1714 debetur
1442 1679 1483 1714 et
1513 1672 1626 1714 hunc

105 1760 203 1801 prae
234 1761 276 1787 se
309 1745 390 1787 fert
421 1745 619 1789 titulum:

159 1818 397 1859 Cateelzisme
427 1819 524 1860 e’est
553 1818 579 1860 ἃ,
609 1819 695 1861 dire
729 1819 980 1861 Instruction
1011 1820 1077 1861 des
1108 1820 1292 1874 Erifam',
1316 1834 1401 1872 par
1430 1819 1469 1860 S.
1503 1820 1558 1861 H.
1576 1820 1626 1861 de

99 1891 141 1931 la
180 1890 302 1942 Viqne
335 1892 481 1946 (1612)
517 1891 568 1948 2).
600 1890 743 1933 Edidit
774 1906 865 1933 eam
898 1891 951 1933 R.
985 1890 1038 1933 L.
1070 1890 1432 1933 Grimershemius
1464 1890 1624 1933 Emdae

103 1977 138 2004 a.
176 1962 287 2004 1630
320 1964 366 2018 ⁵).
430 1962 628 2020 Repetita
657 1970 720 2005 est
750 1963 887 2013 editio,
920 1978 1015 2005 cum
1049 1970 1167 2005 textu
1202 1961 1413 2007 saxonico
1444 1980 1467 2006 a
1497 1963 1628 2006 latere

100 2033 175 2075 sibi
206 2034 409 2090 apposita,
443 2049 479 2076 a.
513 2035 626 2077 1650
658 2033 911 2091 Groningae
943 2037 992 2091 ⁴).

161 2106 337 2162 Belgica
366 2106 546 2163 denique
577 2108 714 2150 versio
747 2123 782 2150 a.
817 2109 927 2151 1717
958 2107 1036 2150 sub
1066 2108 1144 2150 hoc
1175 2107 1298 2150 titulo
1328 2108 1450 2150 exiit:

163 2180 431 2221 catechismus
460 2180 510 2230 of
535 2180 798 2222 Kinderleere
829 2185 890 2222 tot
918 2186 992 2223 nut
1021 2197 1068 2223 en
1099 2182 1231 2223 dienst
1261 2196 1339 2222 van
1369 2183 1416 2222 cle
1439 2181 1558 2236 y'eaqt
1587 2181 1631 2223 in

107 2251 420 2307 Oostfrieslancl.
482 2253 591 2294 Door
635 2254 682 2294 de
726 2253 944 2295 dienaaren
986 2254 1054 2295 (les
1088 2254 1283 2309 yodlyslcen
1315 2255 1461 2295 woorcls
1490 2254 1635 2296 bivinen

103 2323 257 2364 Emden
289 2338 334 2376 op
365 2325 430 2364 laet
447 2324 575 2365 lcorste
591 2329 802 2367 vervattet.
836 2325 901 2366 En
923 2341 977 2366 na
999 2325 1062 2366 m‘t
1079 2326 1127 2366 cle
1142 2325 1348 2367 Salesisclce
1368 2329 1445 2367 met
1465 2326 1512 2367 de
1532 2327 1635 2368 volle

101 2394 508 2450 Seliriftairplaatsen
551 2396 593 2436 in
632 2397 680 2437 de
722 2396 1051 2438 Nederlandseke
1096 2397 1200 2438 Paal
1227 2398 1385 2451 volyens
1415 2398 1527 2439 order
1557 2412 1635 2439 van

101 2467 169 2508 hel
202 2466 450 2509 Eerwaarcle
499 2466 785 2509 Consistoriam
830 2468 975 2510 binuen
1008 2469 1163 2510 Emden
1194 2470 1447 2522 overqebraqt
1487 2484 1535 2510 ea
1565 2485 1635 2510 na—

99 2539 247 2592 qesien.
313 2539 497 2582 Gedrukt
536 2545 574 2582 te
620 2541 783 2582 Emden.
826 2541 891 2597 By
930 2541 991 2583 H.
1033 2557 1111 2583 van
1154 2541 1310 2583 senden
1343 2543 1456 2583 ende
1486 2543 1635 2582 andere

105 2611 447 2665 Boelcverlcoopers
475 2613 519 2653 in
554 2612 800 2666 Compaynie.
835 2612 947 2654 1717
980 2611 1029 2667 ⁵).

148 2705 172 2745 ¹)
195 2706 419 2743 EILSHEMms,
443 2704 658 2742 Handtboeck,
681 2704 714 2735 in
737 2703 944 2746 praefatione.

147 2762 175 2802 ²)
199 2760 225 2794 Ι.
247 2761 274 2794 Ι.
296 2762 576 2799 HARCKENROTH,
602 2759 736 2791 Emdens
761 2759 965 2794 Her-derstaf.
989 2771 1020 2802 p.
1044 2761 1096 2792 23.

149 2816 177 2857 8)
200 2817 456 2855 Rnansnnmus,
480 2828 509 2849 o.
532 2817 552 2848 l.
576 2827 606 2858 p.
631 2816 681 2854 21,
704 2816 734 2848 2.

148 2873 176 2912 ⁴)
201 2873 272 2905 Cat.
295 2873 382 2905 Bibl.
404 2873 497 2904 Emd.
526 2872 627 2904 Theol.
651 2871 696 2905 8⁰.
720 2871 792 2904 521.

150 2929 178 2970 ὅ)
202 2929 340 2963 Ibidem.
369 2929 470 2963 Theol.
495 2929 539 2960 8⁰.
564 2928 635 2965 520.
1289 2968 1472 3000 Manu*
