1818 3178
480 120 531 150 nn
560 119 841 149 sacammuvms
872 116 1087 148 motusue
1116 117 1293 149 cameri.
1580 111 1647 148 143

128 223 294 275 ipsorum
322 223 538 262 testimonio
567 223 704 261 sentire
732 235 807 260 non
834 220 992 272 possint.
1031 221 1084 258 Hi
1111 222 1209 259 enim
1238 235 1366 259 omnes
1393 221 1551 259 delatam
1580 222 1651 260 sibi

130 289 270 327 habent
316 287 479 338 gratuito
515 292 552 324 et
587 287 658 338 ipsi
696 285 993 323 communionem
1034 285 1130 323 hanc
1167 299 1250 324 cum
1286 287 1436 324 Christo
1475 286 1652 331 Domino,

130 359 313 403 quatenus
348 352 515 403 equidem
555 352 719 389 membra
754 354 840 387 sunt
867 362 953 386 suae
981 348 1182 396 Ecclesiae,
1218 350 1257 388 in
1284 364 1355 401 qua
1384 351 1485 388 nulla
1513 351 1651 401 alioqui

130 422 285 455 naturae
318 422 468 454 nostrae
495 416 630 453 adnata
658 415 768 453 nobis
795 413 1005 458 infirmitas,
1031 413 1069 451 in
1099 414 1287 452 Christum
1315 415 1435 466 ipsum
1463 416 1654 459 translata,

129 483 240 520 nobis
276 482 434 532 amplius
470 481 646 531 imputari
681 484 801 531 potest
835 478 881 516 ad
918 484 1085 516 nostram
1122 479 1493 526 eondemnationem3
1530 485 1568 518 ut
1596 481 1652 517 vel

130 546 216 583 hine
253 546 363 583 facile
402 550 575 596 appareat
603 544 638 582 et
667 543 826 582 foederis
855 542 1052 580 nobiscum
1082 542 1197 580 divini
1226 544 1503 589 firmitudinem,
1531 543 1568 582 et
1594 544 1652 581 iu-

131 610 270 648 stitiam
315 610 705 659 regenerationemque
750 620 792 645 ac
839 607 1119 644 renovationem
1164 613 1328 645 nostram
1366 609 1506 646 fructus
1543 613 1654 659 atque

128 674 256 711 effecta
300 674 480 725 quaedam
526 686 604 711 esse
652 677 800 710 nostrae
844 683 927 708 cum
974 670 1123 708 Christo
1160 671 1320 716 Domino
1359 673 1653 719 communionis3

130 737 301 788 hancque
345 737 455 775 nobis
491 750 554 788 per
590 737 733 774 fructus
769 738 805 772 et
840 733 966 771 effecta
1002 748 1068 772 sua
1104 735 1143 772 in
1181 736 1429 773 Saeramentis
1468 737 1655 785 designari

128 813 172 839 ac
211 801 475 847 commendari,
520 814 604 837 cum
648 799 753 847 signa
790 799 1114 836 Sacramentorum
1151 799 1256 848 signa
1297 800 1455 838 foederis
1491 800 1655 838 iustitiae

129 865 421 915 regenerationis
448 877 491 902 ac
518 862 770 901 renovationis
798 874 877 899 esse
905 861 1087 900 audimus.

183 928 244 966 Ad
280 928 439 967 eundem
465 940 575 978 porro
602 926 755 963 modum
783 938 803 962 a
826 926 905 966 fine
932 938 997 963 suo
1026 925 1181 975 eandem
1209 927 1325 977 ipsam
1355 928 1653 965 communionem

130 998 298 1031 nostram
326 1006 411 1030 cum
439 992 588 1030 Christo
617 990 822 1040 significari
850 991 961 1028 nobis
989 991 1315 1042 commendarique
1343 992 1381 1029 in
1405 983 1654 1031 Sacramentis

131 1058 389 1107 intelligimus,
425 1056 512 1094 dum
540 1055 647 1104 signa
682 1056 832 1108 illorum
868 1056 998 1094 salutis
1037 1060 1185 1094 nostrae
1213 1057 1381 1107 vitaeque
1407 1063 1576 1096 aeternae
1603 1059 1654 1096 si-

131 1136 205 1171 gna
233 1135 311 1160 esse
336 1121 519 1159 audimus.
561 1119 666 1157 Finis
694 1120 793 1157 enim
820 1124 970 1157 nostrae
999 1120 1108 1157 huius
1138 1133 1220 1158 cum
1251 1121 1398 1159 Christo
1420 1121 1466 1160 D.
1488 1136 1654 1160 commu-

132 1186 256 1225 nionis
292 1190 346 1223 est
380 1185 455 1222 vita
491 1188 653 1222 aeterna.
708 1184 824 1222 Venit
850 1184 950 1222 enim
979 1184 1149 1222 Christus
1178 1186 1262 1233 (fol.
1292 1188 1375 1233 3422)
1406 1186 1589 1225 Dominus
1616 1189 1656 1225 in

132 1251 251 1288 nostri
286 1248 598 1293 communionem,
634 1261 677 1286 ac
710 1262 780 1287 nos
816 1262 963 1286 rursum
999 1249 1039 1286 in
1077 1250 1134 1287 sui
1172 1250 1470 1288 communionem
1508 1253 1657 1303 recepit,

133 1321 174 1353 ut
201 1316 241 1353 in
268 1315 349 1365 ipso
378 1314 490 1352 vitam
520 1319 708 1351 aeternam
736 1318 772 1351 et
798 1314 949 1366 quidem
976 1314 1295 1353 abundantissime
1324 1316 1536 1356 habeamus.

183 1379 339 1417 Perinde
373 1383 428 1416 est
462 1378 588 1428 igitur,
615 1383 657 1415 ut
684 1384 792 1416 antea
820 1391 969 1429 quoque
995 1378 1170 1424 diximus,
1199 1379 1275 1417 sive
1301 1381 1458 1428 gratiam
1487 1381 1556 1418 Dei
1584 1382 1654 1419 Pa-

131 1443 198 1481 tris
231 1443 270 1480 in
299 1443 461 1487 Christo,
489 1442 724 1480 sive-foedus
750 1443 839 1480 item
866 1442 968 1480 illius
996 1443 1205 1486 nobiscum,
1233 1444 1309 1480 sive
1336 1449 1569 1494 peccatorum
1600 1459 1655 1483 re-

131 1507 346 1544 missionem
381 1512 417 1545 et
443 1507 625 1545 iustitiam
651 1507 750 1553 fidei,
778 1507 855 1544 sive
881 1507 1201 1556 regenerationem
1228 1509 1346 1545 nostri
1374 1521 1417 1545 ac
1444 1511 1655 1547 renovatio-

130 1585 227 1617 nem,
265 1585 329 1610 seu
365 1585 450 1610 vero
487 1577 655 1610 nostram
683 1585 766 1609 cum
795 1572 943 1610 Christo
965 1571 1136 1609 ‘Domino
1164 1572 1203 1610 in
1233 1585 1386 1623 corpore
1413 1577 1447 1611 et
1475 1574 1656 1623 sanguine

129 1637 245 1687 ipsius
282 1636 597 1681 communionem,
632 1637 959 1674 Sacramentorum
995 1636 1163 1673 omnium
1203 1637 1419 1687 mysterium
1447 1651 1525 1675 esse
1553 1638 1654 1676 dica-

130 1714 225 1740 muS.
279 1701 351 1738 Sed
389 1713 472 1738 cum
508 1700 598 1738 haec
631 1700 756 1737 omnia
790 1700 830 1738 in
863 1701 944 1751 ipsa
980 1700 1214 1751 potissimum
1241 1706 1367 1737 nostra
1396 1713 1478 1738 cum
1508 1701 1654 1739 Christo

131 1765 394 1803 communione
431 1765 633 1803 consistere
669 1769 779 1815 atque
816 1765 863 1802 ab
900 1764 965 1802 illa
992 1765 1153 1802 maxima
1181 1778 1269 1803 sane
1296 1778 1339 1802 ex
1368 1769 1471 1816 parte
1497 1766 1656 1817 pendere

131 1830 312 1876 videmus,
348 1830 484 1867 clarius
521 1830 630 1868 nobis
668 1843 745 1867 rem
779 1829 900 1880 ipsam
927 1829 1146 1880 explicaturi
1174 1829 1351 1876 videmur,
1378 1831 1408 1869 si
1437 1832 1655 1869 Sacramen-

129 1900 253 1932 torum
295 1894 511 1944 mysterium
557 1898 723 1932 nostram
760 1907 843 1932 cum
891 1894 1040 1932 Christo
1078 1894 1241 1933 Domino
1280 1896 1578 1934 communionem
1616 1897 1653 1934 in

129 1973 284 2011 corpore
309 1964 347 1997 et
374 1959 555 2008 sanguine
583 1972 648 1997 suo
676 1973 755 1997 esse
783 1959 961 1998 dieamus.

182 2024 249 2061 Est
284 2024 410 2074 itaque
448 2024 775 2061 Sacramentorum
808 2024 977 2061 omnium
1015 2024 1231 2074 mysterium
1271 2025 1483 2062 communio
1526 2029 1653 2063 nostra

132 2102 214 2126 cum
252 2087 400 2125 Christo
437 2087 600 2125 Domino
637 2087 677 2124 in
713 2100 866 2137 corpore
904 2092 940 2125 et
977 2087 1157 2136 sanguine
1184 2087 1313 2138 ipsius,
1340 2088 1653 2138 quemadmodum

131 2152 168 2189 id
197 2152 307 2190 etiam
334 2151 374 2188 in
404 2151 638 2200 singulorum
665 2152 991 2189 Sam-amentorum
1020 2152 1266 2203 explicatione
1285 2154 1654 2201 commeasti-abitur,

131 2228 250 2266 neque
277 2215 338 2252 hic
363 2215 479 2251 ullam
507 2215 660 2252 omnino
689 2215 980 2253 controversiam
1008 2229 1086 2253 esse
1114 2221 1298 2266 putamus.
1327 2217 1410 2264 (fol.
1439 2219 1524 2265 34¹»)

183 2280 376 2317 Caeterum
412 2279 451 2316 in
487 2279 598 2316 modo
635 2279 896 2317 constituendo
932 2279 1011 2317 eius
1048 2280 1163 2331 ipsius
1201 2286 1348 2318 nostrae
1385 2294 1464 2319 cum
1503 2282 1650 2321 Christo

132 2343 295 2381 Domino
334 2342 620 2387 communionis,
654 2343 708 2380 ibi
737 2357 822 2381 vero
849 2345 1070 2394 interpretes
1099 2344 1239 2382 variare
1264 2346 1422 2395 primum
1451 2346 1548 2385 iuter
1574 2361 1653 2385 sese

132 2411 344 2458 coeperunt.
400 2407 476 2444 Alii
520 2407 618 2445 enim
662 2407 765 2444 illam
811 2408 1044 2445 constituunt
1079 2408 1116 2445 in
1152 2408 1333 2446 eiusmodi
1371 2410 1653 2462 participatione

134 2472 210 2511 veri
248 2471 515 2522 naturalisque,
563 2472 665 2509 iuxta
704 2472 824 2522 ipsam
871 2473 1130 2517 substantiam,
1176 2474 1341 2524 corporis
1386 2480 1422 2512 et
1459 2477 1651 2525 sanguinis

134 2536 286 2582 Christi,
321 2549 415 2586 quae
450 2549 512 2574 ore
549 2536 688 2573 carnali
722 2536 786 2574 fiat
812 2549 876 2586 per
913 2536 1059 2582 realem,
1095 2540 1136 2573 ut
1173 2544 1320 2581 vocant,
1357 2538 1396 2576 in
1424 2552 1556 2578 caenae
1583 2554 1650 2591 po-

131 2599 316 2638 tissimum
353 2601 605 2644 Sacramento,
640 2612 705 2650 per
732 2600 811 2637 eius
838 2600 1032 2643 clementa,
1058 2599 1206 2638 iliorum
1235 2603 1520 2652 perceptionem.
1574 2605 1651 2642 Alii

135 2677 219 2701 vero
265 2665 304 2702 in
350 2664 463 2702 simili
498 2664 645 2715 quidem
688 2664 798 2702 etiam
834 2663 998 2701 eiusdem
1033 2664 1149 2714 ipsius
1186 2657 1351 2716 corporis
1387 2672 1423 2704 et
1459 2669 1651 2716 sanguinis

134 2729 273 2766 Christi
310 2729 488 2767 naturalis
524 2729 626 2766 iuxta
665 2729 783 2779 ipsam
817 2728 1065 2766 substantiam
1102 2730 1323 2780 sumptione.
1360 2732 1420 2769 sed
1460 2746 1551 2782 quae
1578 2733 1651 2771 fide

133 2793 224 2838 sola,
252 2805 327 2830 non
356 2798 478 2830 autem
507 2806 570 2830 ore
598 2792 736 2830 carnali
763 2791 995 2843 percipiatur.
1036 2793 1091 2829 Ac
1118 2806 1261 2831 rursum
1291 2794 1367 2838 alii,
1396 2795 1457 2845 qui
1486 2800 1651 2834 nostram

136 2855 231 2893 hanc
266 2869 348 2894 cum
378 2857 526 2895 Christo
556 2856 715 2895 Domino
745 2855 1056 2901 communionem,
1082 2856 1298 2894 iamdudum
1326 2857 1463 2914 alioqui
1489 2860 1652 2910 gratuito
