1818 3178
583 127 632 156 Da
660 129 824 159 onalsrl
852 127 1172 159 1N0ARNAT10NE.
1586 117 1632 157 47

120 229 273 278 hendas,
298 253 348 260 —
376 234 450 277 aut,
479 231 509 267 si
538 232 649 269 verbo
669 232 739 270 Dei
759 234 983 271 credendum
1001 236 1123 283 putas,
1141 230 1278 269 nostris
1298 228 1512 267 hauddubie
1526 228 1636 265 etiam

120 296 346 346 syllogismis
383 295 519 341 credes,
557 297 620 347 qui
657 298 749 335 nihil
788 298 888 335 aliud
917 297 1122 341 continent,
1149 309 1273 346 quam.
1299 294 1399 345 quod
1427 293 1540 330 verbo
1568 292 1637 329 Dei

119 375 334 412 expressum
361 361 530 398 habetur.
562 362 739 412 Repetam
769 367 887 400 autem
918 376 1001 400 cum
1030 361 1300 411 syllogismum,
1327 372 1401 410 quo
1431 358 1638 396 doctrinam

119 434 287 464 nostram
315 425 359 462 de
388 425 527 462 Christi
554 426 708 464 Domini
735 427 994 465 incarnatione
1022 427 1297 470 confirmamus,
1324 437 1370 461 ne
1387 423 1498 461 nudis
1515 426 1639 460 tecum

120 489 243 527 verbis
280 493 418 526 certare
445 489 656 537 videa1nur3
685 505 804 542 neque
832 491 876 528 de
901 491 1002 527 illius
1031 489 1225 533 sententia,
1252 488 1396 526 etiamsi
1423 487 1535 524 verba
1561 499 1638 524 non

118 559 277 597 teneam,
305 554 487 604 quidquid
516 555 669 592 omnino
697 557 863 593 mutabo.
900 555 1024 591 Prima
1051 554 1257 604 propositio
1286 553 1474 600 colligitur
1501 566 1521 590 e
1538 551 1638 589 Scri-

118 624 248 669 pturae
284 619 488 669 perspicuis
525 620 729 663 sententiis,
766 620 904 669 quibus
933 619 1107 656 doeemur
1133 617 1315 654 iustitiam
1342 630 1385 653 ac
1413 616 1639 653 voluntatem

118 682 190 720 Dei
215 688 402 720 aeternam
429 688 539 733 atque
564 683 833 720 immutabilem
861 695 950 720 esse.
978 682 1056 719 Aut
1081 681 1197 730 igitur
1226 694 1353 717 verum
1379 684 1446 725 est,
1460 679 1640 716 iustitiam

119 759 162 783 ae
200 747 427 784 voluntatem
465 747 533 784 Dei
561 752 746 785 aeternam
782 751 893 796 atque
918 758 1071 796 prorsus
1097 744 1369 782 immutabilem
1395 757 1485 790 esse,
1513 757 1641 794 quem-

119 812 322 849 admodum
351 812 542 862 Scriptura
570 812 688 855 docet,
718 811 832 849 Num.
852 810 957 848 xxiii.
987 809 1084 846 Psal.
1105 808 1223 846 xxxii.
1252 808 1338 846 Esa.
1358 808 1447 846 xlvi.
1478 807 1640 845 Malach.

117 876 171 914 iii.
201 876 320 914 Heln:
358 876 406 914 vi.
444 876 574 914 Iacob.
611 876 644 921 i;
680 880 719 912 et
745 879 825 912 tum
852 874 971 924 prima
999 885 1146 923 quoque
1174 873 1380 922 syllogismi
1409 872 1527 909 nostri
1553 884 1642 922 pro-

118 940 254 991 positio
294 940 504 990 impugnari
541 939 693 977 omnino
732 951 805 976 non
842 937 990 988 poterit.
1045 938 1135 981 Aut,
1164 936 1232 972 hac
1258 935 1489 985 impugnata,
1516 935 1642 972 omnia

118 1017 266 1054 quoque
300 1005 364 1041 illa
399 1004 612 1042 testimonia
638 1003 851 1054 impugnari
880 1001 1086 1052 oportebit3
1115 1001 1195 1038 fieri
1221 1000 1320 1038 enim
1347 1013 1421 1037 non
1451 1004 1583 1051 potest,
1611 1001 1642 1038 si

118 1069 291 1106 voluntas
331 1069 398 1105 Dei
426 1082 509 1106 vere
536 1074 591 1105 est
616 1067 861 1104 immutabilis
889 1072 1000 1116 atque
1027 1070 1177 1103 aeterna
1204 1065 1263 1112 (H
1289 1065 1353 1112 ib),
1379 1070 1420 1101 ut
1447 1065 1524 1101 ulla
1542 1064 1641 1101 illins

120 1133 350 1177 constitutio,
367 1132 565 1183 quominus
583 1131 793 1181 impleatur,
811 1130 1002 1167 immutari
1014 1128 1278 1180 quoquomodo
1288 1128 1418 1178 possit.
1440 1128 1502 1165 Sic
1520 1132 1641 1166 autem

119 1194 231 1232 habet
257 1194 360 1245 prior
387 1193 595 1243 syllogismi
623 1193 742 1230 nostri
768 1192 988 1242 propositio,
1016 1191 1161 1229 etiamsi
1188 1191 1271 1228 aliis
1299 1191 1395 1228 forte
1415 1191 1536 1228 verbis
1553 1204 1640 1228 con-

119 1264 202 1297 stet.
240 1259 321 1296 Nos
349 1259 447 1295 enim
476 1259 519 1295 de
547 1255 742 1302 sententia,
769 1270 846 1294 non
875 1257 918 1293 de
946 1256 1069 1293 verbis
1099 1259 1294 1294 certamus,
1338 1255 1479 1293 Quod
1508 1256 1644 1292 carni

120 1329 318 1361 nostrae
345 1323 431 1360 Dei
460 1323 656 1360 decreto
678 1317 1008 1359 c'onstitutum
1027 1325 1118 1366 est,
1138 1320 1291 1358 hocin
1312 1334 1455 1358 carne
1474 1325 1639 1359 nostra

119 1387 326 1437 dependi
353 1387 644 1437 expiarique
672 1390 879 1436 oportet,
904 1390 946 1423 ut
973 1385 1278 1422 immutabili
1307 1384 1392 1422 Dei
1410 1385 1645 1422 iustitiae

118 1451 360 1497 satisfiat,
388 1451 629 1501 siquidem
658 1450 846 1488 servari
875 1450 1142 1488 debeamus.
1171 1449 1247 1487 Hie
1274 1450 1370 1487 nihil
1397 1450 1498 1487 aliud
1517 1450 1643 1499 urgeri

117 1516 231 1563 vides,
275 1530 387 1568 quam
431 1521 602 1554 aeternae
637 1516 841 1553 voluntatis
877 1515 1037 1553 Divinae
1072 1514 1344 1552 immutabilem
1381 1515 1644 1561 constantiam,

118 1594 230 1631 quam
275 1581 306 1618 si
342 1594 466 1629 neges,
503 1581 707 1631 scripturae
719 1610 727 1624 ‚
755 1593 832 1617 non
873 1593 994 1617 meam
1029 1579 1268 1617 autoritatem
1303 1580 1554 1630 impugnabis.
1592 1602 1643 1609 --

118 1645 247 1682 Altera
272 1645 477 1695 propositio
507 1644 673 1681 continet
700 1643 792 1693 legis
821 1656 884 1681 seu
910 1643 1079 1681 mandati
1106 1642 1234 1680 Divini
1262 1655 1411 1689 nexum,
1438 1656 1511 1693 quo
1531 1642 1644 1680 morti

118 1710 349 1756 subiicimur,
377 1710 450 1747 nisi
476 1710 596 1758 legem
625 1722 689 1746 seu
715 1709 934 1746 mandatiun
959 1708 1190 1758 impleamus,
1220 1707 1314 1746 Gen.
1336 1708 1374 1746 ii.
1402 1708 1514 1746 Dent.
1540 1708 1642 1746 xxvi.

120 1774 206 1814 Gal.
225 1775 292 1820 iii„
310 1788 422 1825 quam
441 1774 552 1812 etiam
573 1787 708 1823 negare
732 1786 809 1810 non
826 1777 931 1823 potes
951 1786 1074 1810 veram
1093 1786 1183 1817 esse,
1203 1772 1275 1810 nisi
1295 1772 1515 1823 scripturam
1524 1773 1642 1823 ipsam

118 1838 304 1875 mendacii
338 1851 500 1876 accuses.
557 1838 618 1875 Sic
645 1842 768 1875 autem
795 1837 907 1874 habet
933 1837 1050 1874 altera
1077 1837 1295 1887 propositio.
1349 1837 1478 1874 Mors
1508 1837 1643 1874 carni

118 1908 319 1941 nostrae
344 1903 392 1940 in
418 1916 616 1953 poenam
631 1907 833 1953 propter
852 1902 1248 1939 inobedientiam
1278 1902 1553 1940 constituta
1572 1907 1644 1940 est

119 1968 316 2006 decreto
344 1972 564 2005 aeternae
591 1972 737 2018 atque
762 1967 1090 2004 immutabilis
1118 1967 1329 2005 Divinae
1348 1968 1643 2006 voluntatis.

122 2032 227 2070 Quid
255 2045 340 2069 vero
370 2032 495 2077 habes,
523 2031 624 2082 quod
652 2031 713 2069 hic
738 2031 961 2081 impugnes?
990 2031 1182 2082 Scriptura
1200 2032 1239 2069 id
1260 2032 1379 2078 docet,
1396 2045 1473 2070 non
1491 2045 1573 2082 ego.
1603 2032 1643 2068 Si

119 2097 234 2146 igitur
261 2097 355 2134 nihil
381 2096 422 2133 in
449 2100 607 2146 utraque
635 2095 704 2132 hac
730 2095 985 2146 propositione
1011 2095 1172 2132 inficiari
1185 2100 1303 2146 potes,
1322 2101 1419 2134 certe
1436 2096 1527 2133 velis
1546 2097 1642 2134 nolis

120 2160 250 2210 largiri
283 2164 320 2198 te
347 2160 385 2197 id
415 2159 524 2197 nobis
554 2159 752 2209 oportebit,
780 2159 878 2210 quod
907 2159 1062 2197 efficitur
1090 2159 1148 2207 (H
1175 2159 1237 2206 fia)
1266 2173 1311 2196 ex
1338 2164 1467 2197 mutua
1493 2159 1643 2197 illarum

120 2225 330 2270 collatione,
351 2238 492 2275 nempe,
508 2225 555 2262 in
573 2228 744 2262 nostra
770 2228 813 2262 et
840 2238 931 2262 non
962 2224 1059 2261 alia
1089 2237 1232 2261 carne
1253 2224 1462 2274 dependi
1481 2225 1643 2276 expia·

119 2290 259 2341 rique
307 2289 592 2341 oportuisse
644 2293 854 2335 mortem,
899 2302 1008 2340 quae
1046 2293 1245 2327 nostrae
1282 2294 1325 2327 et
1362 2302 1453 2327 non
1494 2290 1642 2328 alteri

121 2355 258 2393 carni
282 2354 375 2391 ulli
405 2355 602 2391 decreto
632 2353 713 2391 Dei
746 2353 1027 2390 constituta
1055 2357 1169 2398 erat,
1196 2358 1247 2391 ut
1275 2354 1460 2391 servari
1479 2368 1642 2405 posse-

119 2433 230 2458 mus.
268 2419 329 2464 Et,
356 2431 470 2469 quum
497 2418 537 2454 in
565 2416 705 2454 Christi
733 2430 842 2454 carne
868 2418 1098 2466 persolutum
1114 2417 1375 2468 expiatumque
1393 2432 1471 2456 esse
1488 2424 1643 2465 constet,

121 2485 221 2534 quod
241 2487 390 2521 nostrae
410 2482 513 2520 carni
532 2482 651 2519 fuerat
672 2482 927 2527 constitutum,
937 2481 1172 2532 perspicuum
1182 2487 1250 2528 est,
1263 2482 1454 2521 Christum
1463 2483 1503 2521 in
1514 2488 1642 2522 nostra

122 2554 158 2587 et
186 2562 260 2587 non
288 2549 362 2586 alia
390 2561 499 2585 carne
517 2546 721 2597 dependere
737 2550 772 2584 et
792 2546 939 2596 expiare
954 2547 993 2583 id
1013 2547 1232 2597 oportuisse,
1255 2548 1355 2598 quod
1372 2561 1439 2585 nos
1455 2549 1643 2595 manebat,

123 2614 155 2651 si
180 2614 229 2651 ad
256 2627 324 2651 nos
350 2613 534 2664 pertinere
563 2611 693 2649 debeat
712 2611 835 2648 meriti
855 2624 898 2648 ac
912 2610 1053 2660 gloriae
1072 2625 1171 2657 suae,
1186 2617 1306 2650 morte
1325 2626 1390 2650 sua
1408 2613 1642 2663 promeritae,

124 2677 349 2715 communio.
381 2676 506 2714 Quam
534 2688 621 2712 sane
647 2673 844 2724 pertinere,
871 2678 982 2724 atque
1009 2686 1078 2711 nos
1105 2674 1196 2712 adeo
1224 2689 1288 2725 per
1314 2676 1419 2713 illam
1439 2676 1588 2721 servari,
1607 2680 1642 2714 et

122 2741 295 2779 universa
330 2741 470 2791 ubique
499 2739 702 2789 Scriptura,
729 2742 764 2775 et
790 2742 948 2787 utraque
975 2737 1115 2775 Christi
1140 2738 1257 2789 ipsius
1283 2739 1485 2784 institutio,
1512 2753 1643 2790 nempe

122 2805 337 2855 Baptismus
354 2809 390 2842 et
403 2805 744 2849 Coena,testantur.
770 2801 841 2839 Sed
857 2801 946 2839 haee
955 2801 1026 2838 tibi
1037 2801 1300 2853 Philosophiea
1309 2807 1407 2848 sunt,
1418 2802 1505 2852 quia
1515 2807 1643 2840 contra

122 2874 160 2908 te
186 2869 341 2916 faciunt,
368 2873 404 2907 et
430 2868 585 2907 refutari
612 2867 678 2904 abs
705 2871 742 2904 tc
770 2879 845 2904 non
873 2871 1041 2916 possunt.
1092 2867 1193 2906 Quid
1224 2881 1309 2905 vero
1335 2872 1390 2914 tu,
1418 2868 1644 2918 Theologus‚
