1818 3178
163 107 232 141 112
572 110 623 136 An
652 107 748 135 mun
778 103 989 131 LECTOREM
1018 99 1256 128 PRAEFATIO.

160 215 197 251 in
224 215 296 251 illis
315 212 450 251 alieubi
470 212 563 248 forte
581 205 906 257 deprehendamus,
921 225 971 232 —-
989 200 1183 252 Prophetis
1204 202 1328 237 autem
1345 201 1456 249 atque
1473 197 1665 248 Apostolis

160 290 221 314 eos
258 281 356 324 (eum
391 275 428 311 hi
463 273 508 310 ad
537 271 703 308 iacienda
731 268 850 306 omnis
879 280 988 304 sanae
1017 264 1208 302 doctrinae
1234 264 1478 301 fundamenta
1503 262 1666 313 peculia-

158 342 240 378 liter
276 341 349 377 sint
383 338 503 382 electi)
538 334 688 371 minime
724 345 932 382 aequemus.
986 330 1112 373 Porro,
1151 328 1181 364 si
1218 328 1320 373 olim,
1352 330 1438 378 post
1463 326 1603 377 primos
1630 329 1666 363 et

159 403 347 442 secundos.
383 400 482 437 laudi
509 399 589 443 fuit,
617 411 691 434 non
718 395 835 433 tertiis
862 394 972 431 modo
1001 397 1064 430 aut
1091 391 1245 442 quartis,
1272 391 1335 428 sed
1363 389 1557 441 quibusvis
1583 401 1667 440 pre·

156 472 253 504 terea
279 477 422 514 quoque
449 462 540 506 aliis,
568 461 631 510 qui
657 459 767 496 modo
796 456 936 507 aliquid
963 470 983 494 a
1011 454 1173 493 Domino
1202 455 1274 492 sibi
1293 454 1495 492 revelatum
1514 452 1667 490 habuis-

158 534 248 573 sent,
282 528 445 578 proferre
479 526 518 562 in
553 524 714 562 medium
751 535 854 561 suam
888 520 1122 566 sententiam,
1158 519 1302 557 etiamsi
1329 519 1376 556 ab
1404 518 1486 556 aliis
1513 517 1667 555 omnino

157 594 296 630 diversa
334 594 447 635 esset;
484 588 652 639 equidem
689 600 733 624 ne
766 586 858 623 mihi
899 584 1048 635 quidem
1077 583 1166 621 vitio
1197 583 1291 621 verti
1317 582 1479 626 debebit,
1504 584 1546 619 ut
1573 580 1669 619 nihil

156 657 273 692 (licam
310 653 422 698 aliud,
458 653 488 689 si
523 656 604 702 post
638 651 795 688 aliorum
839 649 974 699 scripta
1011 652 1045 685 et
1080 647 1141 697 pia
1177 651 1211 684 et
1251 647 1407 693 erudita,
1440 659 1561 683 meam
1597 657 1666 695 ego

154 732 298 768 quoque
334 716 551 754 sententiam
589 715 631 752 de
672 728 710 751 re
735 717 815 751 tota
843 712 1135 750 Sacramentaria
1160 711 1359 762 proferam,
1386 711 1437 759 (B
1467 711 1525 759 5¹³)
1554 711 1669 748 veluti

154 787 336 820 extremus
369 780 538 831 pedm-ius
574 777 768 829 quispiam,
795 782 859 814 aut
885 777 1019 826 aliquis
1047 776 1119 813 hoc
1145 777 1258 813 etiam
1286 775 1544 825 contemptior,
1569 774 1668 812 iudi-

155 846 308 883 candam
344 844 513 881 videlicet
549 855 591 880 ex
629 842 740 879 verbo
778 841 846 878 Dei
883 841 928 877 ab
968 839 1132 877 Ecclesia
1170 839 1321 885 Christi,
1349 837 1453 875 cuius
1481 851 1548 888 ego
1577 838 1669 875 alio-

155 911 216 960 qui
254 921 425 946 censurae
460 912 494 945 et
529 920 586 943 me
622 906 741 956 ipsum
768 908 803 942 et
830 918 909 941 mea
938 905 1062 941 onmia
1089 904 1248 940 libenter
1276 916 1319 940 ac
1346 906 1553 940 reverenter
1581 902 1670 939 sub·

155 974 273 1019 mitto,
314 986 355 1009 ea
398 986 459 1022 spe
503 971 663 1015 interim,
706 974 746 1007 ut
783 982 858 1006 non
896 968 1074 1014 dubitem,
1110 967 1274 1005 studium
1310 967 1382 1004 1100
1416 968 1672 1017 qualecunque

155 1049 273 1073 meum
308 1035 378 1085 piis
414 1033 586 1070 omnihus
613 1035 760 1081 gratum
788 1032 878 1075 fore,
906 1044 1041 1081 eosque
1069 1030 1229 1079 benigne
1256 1043 1314 1067 me
1341 1030 1564 1067 toleraturos
1592 1042 1670 1067 esse

155 1101 193 1136 in
229 1099 377 1135 lenitate
412 1102 445 1134 et
474 1096 650 1133 charitate
679 1095 902 1141 Christiana,
939 1094 1058 1131 sicubi
1096 1093 1263 1131 nondum
1291 1094 1364 1131 sibi
1390 1094 1539 1131 videant
1566 1107 1586 1131 a
1613 1106 1673 1131 me

156 1175 305 1212 prorsus
333 1161 560 1198 satisfactum
588 1172 676 1197 esse.
705 1160 882 1208 Agnosco
911 1172 1027 1195 meam
1056 1158 1135 1209 ipse
1160 1158 1382 1196 tenuitatem
1409 1162 1444 1195 et
1463 1158 1674 1204 infantiam,

158 1227 336 1276 cupioque
372 1225 510 1261 discere
546 1223 710 1267 meliora,
744 1222 773 1259 si
803 1223 886 1273 quis
914 1235 955 1259 ea
981 1223 1159 1272 proferat.
1213 1221 1375 1259 Proinde
1403 1234 1479 1259 non
1508 1221 1671 1259 offendar

156 1291 233 1327 ulla
270 1290 490 1333 Christiana,
518 1289 593 1325 sive
620 1287 888 1333 admonitione,
916 1287 992 1324 sive
1018 1287 1305 1337 reprehensione
1332 1287 1463 1333 etia1n3
1491 1287 1603 1324 modo
1631 1291 1673 1325 ut

159 1356 348 1393 doctrinae
384 1354 515 1391 veritas
550 1353 668 1403 magis
696 1366 738 1389 ac
766 1353 884 1402 magis
914 1352 1112 1403 conspicua
1141 1353 1219 1397 fiat,
1247 1359 1280 1389 et
1312 1351 1451 1389 Christi
1479 1351 1524 1390 D.
1553 1351 1674 1401 gloria

157 1422 426 1470 promoveatur.
482 1417 592 1454 Hanc
628 1429 695 1454 nos
733 1430 820 1454 sane
847 1420 933 1454 ante
961 1416 1085 1453 omnia
1112 1420 1276 1466 spectare
1303 1418 1464 1466 oportet,
1491 1415 1674 1466 siquidem

160 1481 358 1519 Christiani
405 1495 543 1526 sumus,
595 1484 630 1518 et
678 1480 725 1517 ad
758 1494 839 1518 eam
873 1480 1166 1531 promovendam
1201 1480 1303 1517 omni
1339 1479 1462 1517 studio
1509 1492 1595 1517 cura
1631 1492 1675 1516 ac

159 1545 408 1584 sollicitudine
434 1544 648 1582 incumbere
677 1558 804 1582 omnes
833 1543 1022 1582 debemus.
1052 1544 1151 1581 Mira
1178 1544 1249 1581 fuit
1276 1547 1400 1581 autem
1425 1543 1673 1594 proculdubio

161 1613 317 1649 Satanae
362 1610 529 1648 vafricies
572 1611 610 1647 in
655 1611 979 1647 Sacramentorum
1023 1609 1306 1647 adulteratione.
1370 1608 1560 1646 Nimirum
1602 1608 1676 1646 huc

161 1680 326 1726 spectant
364 1678 517 1712 conatus
555 1674 612 1710 sui
648 1687 786 1718 omnes,
815 1678 854 1711 ut
881 1678 1049 1711 nostram
1076 1674 1115 1711 in
1142 1674 1274 1711 merito
1302 1673 1435 1711 mortis
1463 1672 1605 1710 Christi
1630 1674 1674 1710 fi-

164 1740 307 1777 duciam
343 1739 474 1776 animis
512 1738 647 1775 nostris
684 1751 756 1788 quo
793 1739 879 1776 fuco
908 1751 1053 1789 quaque
1080 1738 1270 1788 hypocrisi
1298 1738 1447 1775 eximat.
1502 1737 1564 1782 Et,
1593 1750 1676 1774 cum

163 1806 397 1841 Sacramenta
432 1803 553 1839 omnia
586 1803 625 1839 in
661 1803 731 1839 hoe
759 1803 832 1840 sint
859 1803 1093 1853 potissimum
1119 1803 1304 1847 instituta,
1329 1806 1372 1839 ut
1399 1806 1565 1839 nostram
1593 1815 1676 1838 cum

163 1867 310 1905 Christo
349 1867 646 1904 communionem
673 1867 709 1903 in
738 1867 868 1904 merito
896 1867 1026 1904 mortis
1055 1880 1141 1904 suae
1170 1866 1344 1903 cordibus
1373 1866 1423 1914 (B
1453 1868 1511 1913 6³)
1539 1866 1678 1903 nostris

162 1932 200 1969 in
237 1932 403 1969 Ecclesia
440 1931 651 1980 obsignent,
687 1944 826 1981 nosque
858 1931 959 1968 illius
994 1931 1130 1968 fiducia
1158 1931 1335 1969 adversus
1363 1943 1491 1968 omnes
1520 1932 1678 1968 Satanae

167 2000 319 2034 conatus
331 1996 591 2039 communiant,
611 1995 700 2033 haec
715 1996 786 2033 sibi
794 1996 974 2046 imprimis
987 2000 1137 2034 nostrae
1148 2009 1231 2033 cum
1244 1995 1393 2033 Christo
1406 1995 1678 2032 communionis

164 2060 390 2098 munimenta
425 2059 631 2097 invadenda
670 2073 749 2097 esse
787 2061 943 2110 putavit.
999 2062 1055 2098 Ac
1089 2060 1250 2111 primum
1285 2059 1454 2097 inaudita
1490 2059 1681 2110 hypocrisi

166 2125 306 2161 idolum
334 2124 441 2161 nobis
477 2124 514 2161 in
545 2124 790 2161 Sacramentis
817 2123 906 2174 ipsis
935 2125 1070 2171 erexit3
1099 2128 1134 2162 et
1163 2137 1247 2161 cum
1273 2137 1315 2161 ea
1342 2123 1586 2161 nihilominus
1613 2136 1678 2161 ne-

167 2188 380 2226 fandissime
401 2188 666 2231 dedecorasset,
686 2201 836 2225 ornasse
857 2201 895 2225 se
914 2188 978 2226 illa
998 2188 1242 2226 nihilominus
1261 2187 1378 2226 videri
1394 2187 1553 2233 volebat,
1568 2187 1679 2224 adeo-

168 2265 238 2302 que
265 2256 299 2288 et
328 2256 555 2302 contemptus
584 2252 804 2289 Divinorum
832 2253 997 2290 omnium
1026 2254 1169 2303 culpam
1195 2253 1235 2290 in
1263 2266 1326 2290 eos
1355 2252 1588 2298 conficiebat,
1615 2250 1680 2302 qui

168 2317 342 2354 adversus
368 2316 617 2366 prodigiosam
646 2330 749 2353 suam
776 2317 877 2354 illam
903 2317 1153 2355 idololatriam
1182 2317 1237 2354 vel
1267 2317 1416 2354 muttire
1444 2316 1574 2353 saltem
1601 2315 1683 2353 ausi

169 2381 336 2418 fuissent.
390 2379 501 2416 Nunc
547 2393 644 2423 vero,
682 2393 763 2417 cum
799 2394 879 2418 eam
913 2381 1030 2430 ipsam
1068 2394 1172 2418 suam
1198 2379 1452 2418 idololatriam
1481 2379 1682 2416 consistere

169 2444 326 2493 amplius
371 2456 445 2480 non
490 2457 597 2494 posse
641 2445 753 2490 videt,
792 2449 942 2494 propter
978 2445 1163 2482 detectum
1196 2445 1323 2482 fucum
1360 2457 1403 2482 ac
1436 2444 1681 2494 imposturam

170 2507 369 2559 papisticae
395 2508 816 2553 transubstantiationis‚
843 2509 943 2546 aliud
970 2510 1026 2546 illi
1045 2511 1205 2548 fulcrum
1222 2523 1349 2547 rursus
1369 2521 1543 2559 quaerere
1559 2507 1682 2545 modis

171 2573 345 2611 omnibus
380 2576 545 2616 conatur,
582 2577 633 2618 ut,
668 2573 812 2611 etiamsi
849 2573 968 2610 omnis
1003 2574 1046 2611 de
1072 2573 1472 2612 transubstantiatione
1498 2572 1682 2621 imagina-

171 2638 223 2674 tio
261 2637 412 2674 omnino
449 2635 669 2682 reiiceretur,
704 2637 854 2674 haberet
888 2637 964 2687 ipse
1000 2642 1135 2684 tamen,
1169 2651 1242 2688 quo
1280 2650 1385 2675 suam
1430 2636 1682 2674 idololatriam

173 2702 428 2745 communiret,
464 2704 641 2736 mutatam
677 2700 822 2749 quidem
858 2701 973 2747 illam,
1010 2716 1127 2752 neque
1164 2716 1248 2740 cum
1292 2701 1408 2740 tantis
1443 2700 1683 2752 blasphemiis

174 2765 420 2808 coniunctam,
458 2763 516 2800 sed
555 2776 646 2811 quae
683 2764 827 2800 interim
866 2770 1032 2802 naturam
1069 2771 1104 2803 et
1141 2766 1331 2815 ingenium
1361 2766 1684 2803 Sacramcntorum

175 2840 247 2871 uon
285 2829 412 2866 leviter
456 2827 640 2871 obscuret,
676 2831 710 2864 ct
754 2828 798 2864 ad
836 2833 1020 2866 creaturae
1056 2830 1311 2868 adorationem
1348 2843 1417 2868 nos
1453 2830 1562 2868 etiam
1591 2841 1684 2880 quo-
