1818 3178
1560 122 1631 157 339

100 228 270 279 pellenda
312 229 359 267 ab
403 229 454 266 eis
489 228 725 280 iniquissima
761 229 1100 281 Westphalicorum
1138 231 1334 277 calumnia,
1378 233 1415 268 et
1450 231 1622 275 ostendo,

99 294 184 331 illas
219 294 313 332 nihil
349 293 485 331 habere
520 306 717 333 commune
753 308 837 332 cum
865 294 1185 343 Sacramentariis‚
1213 296 1340 346 quales
1366 294 1407 333 in
1434 295 1515 346 ipsa
1541 297 1623 332 Au-

99 362 259 408 gustana
292 358 537 396 Confessione
573 359 835 397 describuntur
870 364 906 398 et
941 364 1176 403 accusantur,
1218 373 1351 411 nempe
1389 359 1452 411 qui
1490 360 1623 397 Sacra-

101 428 223 461 menta
257 436 324 474 pro
363 423 480 473 signis
516 437 559 461 ac
584 424 823 470 testimoniis,
850 424 1010 475 denique
1036 428 1072 463 et
1099 438 1165 476 pro
1195 425 1449 475 obsignaculis
1478 425 1623 474 gratiae

100 487 222 525 nolint
257 500 471 536 agnoscere,
514 488 578 526 scd
613 489 714 526 nuda
741 489 865 527 nescio
894 502 988 539 quae
1013 493 1050 527 et
1077 489 1203 527 ociosa
1230 502 1273 527 ac
1300 489 1415 527 veluti
1442 489 1624 527 theatrica

99 550 282 600 quaedam
317 553 525 602 spectacula
559 566 601 590 ac
627 557 752 591 mutae
779 553 961 591 duntaxat
988 553 1086 591 inter
1113 565 1182 590 nos
1202 553 1497 591 conversationis
1514 560 1625 590 notas

97 627 176 652 esse
204 614 350 655 docent.
397 616 637 667 Westphalus
663 621 787 655 autem
814 630 933 668 neque
961 618 1087 654 oculos
1116 630 1235 668 neque
1262 631 1368 655 aures
1397 617 1457 654 hic
1485 616 1623 654 habere

99 679 190 724 vult,
218 680 282 717 sed
308 680 349 718 in
376 680 540 731 Erinnys
568 695 655 720 suae
680 682 837 731 gratiam
864 682 1018 719 eandem
1042 685 1218 732 perpetuo
1240 682 1379 720 occinit
1400 681 1630 728 cantionem,

98 747 146 788 et,
174 757 268 794 quae
294 758 363 783 nos
390 747 618 796 profitemur,
645 746 834 784 maliciose
853 745 1074 789 dissimulat.
1088 768 1140 775 —
1156 759 1250 797 quae
1269 750 1392 784 autem
1412 758 1490 783 non
1509 758 1628 795 agno-

101 809 250 855 scimus,
284 823 351 860 pro
388 811 527 849 nostris
555 811 727 849 habenda
754 824 833 849 esse
860 810 1001 848 furiose
1029 811 1176 849 clamat.
1233 811 1323 848 Non
1350 811 1505 861 pa-(fol.
1536 811 1627 858 116)

99 873 191 911 titur
227 874 397 913 videlicet
423 875 589 925 Erinnys
618 875 872 926 Westphalica
901 875 1237 913 controversiarum
1263 874 1562 926 pacificationem
1588 874 1629 912 in

101 937 281 985 Ecclesia,
317 939 381 978 sed
407 953 469 978 eas
494 940 616 978 indies
643 939 762 990 magis
790 953 833 978 ac
857 940 977 990 magis
1004 940 1186 990 exagitari
1214 939 1326 990 cupit.

1246 1005 1381 1043 Ioan.
1410 1005 1432 1043 a
1460 1004 1628 1044 Lasco.

607 1072 670 1109 42.
1275 1069 1362 1107 Hoc
1389 1082 1537 1120 quoque
1563 1083 1630 1107 ne-

474 1133 800 1185 Westphalus.
1224 1133 1331 1183 gabit
1386 1133 1628 1184 Westphalus

152 1199 255 1235 Dicit
289 1204 409 1236 antem
445 1199 542 1235 lianc
570 1201 791 1237 authoritate
819 1199 976 1247 Imperii
1002 1211 1173 1247 compro-
1227 1198 1381 1244 scilicet,
1406 1201 1448 1235 ut
1475 1197 1629 1235 menda-

99 1263 225 1300 batam
269 1276 357 1301 esse.
417 1264 520 1301 Unde
563 1265 655 1313 quid
689 1265 796 1300 atiud
828 1264 981 1301 intendit
1015 1265 1171 1311 inferre,
1225 1263 1281 1300 cia
1325 1263 1530 1300 mendaciis
1566 1275 1629 1300 ac-

97 1328 172 1363 ‘nisi
197 1328 297 1375 qnod
321 1328 493 1364 doctrina
520 1328 833 1366 sacramentaria
861 1329 1104 1377 comprobata
1122 1329 1169 1365 sit
1222 1327 1411 1365 cumulet?
1457 1327 1528 1364 Sed
1558 1327 1629 1364 hoc

98 1391 253 1440 Imperii
287 1392 531 1436 authoritate;
569 1405 640 1440 quo
679 1393 771 1441 quid
805 1393 939 1430 vanius
976 1393 1173 1441 quisquam
1226 1391 1625 1429 nonaudetrnodestus

96 1455 327 1492 comminisci
347 1454 496 1504 potest?
533 1455 681 1493 Constat
708 1457 815 1500 enim,
845 1468 1008 1493 errorem
1039 1455 1176 1506 Cingylii
1225 1455 1462 1494 vir.Tantum
1475 1455 1631 1504 colligit,

97 1521 142 1557 cle
177 1521 355 1558 sententia
393 1521 549 1570 Imperii
582 1522 621 1558 in
653 1522 816 1559 Oomitiis
844 1522 1062 1558 damnatum
1091 1533 1178 1558 esse.
1232 1533 1291 1557 me
1307 1519 1408 1557 aliud
1428 1520 1627 1569 nihilage-

101 1584 262 1628 Quando
287 1585 407 1633 iqitur
435 1591 500 1622 aut
524 1585 590 1622 abi
619 1586 818 1623 autoritate
844 1586 1001 1635 Imperii
1026 1598 1168 1634 appro-
1221 1598 1273 1630 re,
1307 1597 1419 1635 quam
1445 1588 1488 1622 ut
1521 1584 1627 1621 evin-

97 1648 204 1686 batus
230 1649 308 1687 est?
1225 1662 1317 1694 cam,
1420 1648 1628 1686 doctrinam

1227 1714 1610 1753 Sacramentariorum
1619 1743 1629 1760 ,

1227 1792 1339 1830 quam
1374 1778 1626 1830 Westphalica

1229 1843 1373 1893 Erinny
1399 1842 1522 1880 iudice
1542 1855 1626 1880 cum

1225 1909 1445 1957 Augustana
1469 1907 1626 1944 Confes-

97 1970 200 2008 sione
235 1970 391 2008 candem
420 1983 535 2008 conor
563 1971 695 2016 facere,
722 1971 922 2009 autoritate
951 1971 1104 2022 Imperii
1133 1972 1413 2022 comprobatam
1442 1985 1534 2016 esse,
1566 1975 1624 2009 at-

96 2047 179 2083 que,
215 2034 247 2071 si
283 2033 362 2071 Deo
399 2034 531 2084 placet,
567 2033 662 2071 nihil
700 2033 772 2071 hoc
808 2038 1018 2072 commento
1055 2034 1187 2072 vanius
1215 2035 1309 2084 fingi
1336 2048 1445 2086 posse
1474 2035 1622 2074 clamat.

94 2097 177 2146 Ego
222 2110 308 2135 vero
343 2097 382 2135 id
420 2097 663 2135 vanissimum
698 2098 863 2149 adeoque
903 2102 937 2136 et
982 2098 1348 2149 impudentissimum
1383 2098 1620 2136 mendacium

94 2175 173 2200 esse
208 2162 338 2206 fateor,
379 2162 439 2200 sed
479 2162 686 2214 Westphali
725 2176 805 2201 esse
843 2163 939 2208 dico,
966 2176 1043 2201 non
1070 2177 1206 2202 meum.
1262 2164 1395 2214 Neque
1422 2164 1521 2202 enim
1548 2177 1620 2201 un-

94 2240 205 2277 quam
243 2227 388 2275 negavi,
423 2226 634 2265 doctrinam
661 2227 1042 2265 Sacramentariorum
1071 2227 1240 2266 damnari
1268 2228 1513 2266 Confessione
1540 2229 1619 2266 Au-

93 2295 265 2339 gustana,
308 2291 383 2328 imo
422 2304 507 2328 vero
543 2295 579 2329 et
607 2291 717 2329 nobis
743 2291 847 2329 illam
874 2292 1079 2343 improbari
1109 2292 1244 2330 diserte
1271 2292 1361 2335 dixi,
1388 2293 1508 2344 qualis
1537 2294 1620 2344 qui-

95 2354 178 2392 dem
215 2355 252 2392 in
289 2355 370 2405 ipsa
409 2355 653 2393 Confessione
681 2355 916 2403 describitur,
942 2361 984 2394 ut
1012 2356 1086 2393 iam
1114 2360 1223 2394 antea
1252 2357 1395 2395 dictum
1422 2361 1490 2396 est.
1528 2358 1619 2396 ·Sed

96 2432 180 2457 cum
215 2420 254 2458 in
289 2420 371 2471 ipsa
399 2422 621 2469 Augustana
649 2421 895 2459 Confessione
922 2421 1017 2459 nihil
1043 2422 1197 2459 omnino
1224 2435 1398 2473 pugnans
1427 2436 1620 2461 common-

93 2484 202 2522 strari
230 2497 313 2522 cum
340 2489 470 2522 nostra
499 2485 668 2523 doctrina
695 2486 826 2537 possit,
853 2490 889 2524 et
917 2487 1011 2524 nihil
1039 2487 1140 2524 aliud
1168 2487 1252 2535 (fol.
1282 2489 1373 2535 117)
1394 2492 1620 2539 quaerantur

93 2562 114 2585 a
150 2549 289 2586 nostris
317 2549 550 2596 adversariis,
577 2563 688 2600 quam
718 2550 884 2601 speciosa
912 2551 1092 2601 quaedam
1121 2551 1290 2600 suffugia,
1315 2552 1391 2590 iam
1418 2552 1463 2589 ad
1492 2553 1618 2590 nescio

93 2626 187 2664 quos
215 2617 377 2660 autores,
403 2614 477 2651 iam
504 2614 551 2652 ad
578 2614 773 2664 adjunctas
799 2615 872 2666 ipsi
899 2616 1136 2654 Confessioni
1164 2616 1363 2664 Ecclesias,
1382 2631 1474 2668 quas
1492 2621 1617 2656 tamen

92 2690 169 2715 non
205 2690 357 2728 prorsus
392 2678 624 2716 consensisse
658 2679 819 2717 invicem
854 2692 983 2717 omnes
1018 2679 1057 2718 in
1094 2685 1223 2719 nostra
1261 2681 1330 2719 hac
1365 2683 1619 2720 controversia

94 2745 252 2786 constat,
277 2764 329 2771 —
354 2743 525 2793 equidem
550 2743 733 2794 tantisper
760 2743 848 2781 dum
876 2744 1114 2796 Westphalus
1141 2750 1177 2784 et
1198 2746 1256 2784 sui
1275 2747 1370 2784 nihil
1389 2747 1554 2797 proferre
1573 2760 1616 2785 ex

92 2804 173 2856 ipsa
210 2806 454 2845 Confessione
489 2812 645 2859 possunt
682 2821 855 2859 pugnans
892 2822 976 2846 cum
1012 2814 1142 2849 nostra
1169 2810 1353 2857 doctrina,
1380 2811 1616 2862 perspicuum

93 2874 160 2916 est,
196 2871 435 2910 vanissimam
471 2886 550 2911 esse
585 2873 823 2919 calumniam,
850 2888 922 2926 qua
952 2888 1020 2913 nos
1047 2875 1094 2913 ab
1123 2877 1344 2925 Augustana
1374 2876 1619 2916 Confessione

1398 2940 1470 2979 22*
