1818 3178
559 146 773 175 uEsPoNsio
802 147 895 174 ων.
928 146 1089 174 uosmM.
1518 139 1590 178 437

66 247 264 286 offenditur
290 249 430 286 maiore
456 248 586 292 multo,
614 262 657 286 ac
683 249 840 300 proinde
876 249 999 286 minus
1027 249 1179 286 ferenda
1206 249 1245 286 in
1273 248 1440 286 Ecclesia
1466 249 1590 293 etiam,

64 313 201 350 vicaria
238 312 361 350 nescio
399 325 472 363 qua
507 313 544 350 in
582 313 681 364 Papa
718 327 797 358 suo,
835 313 972 351 Christi
1009 313 1163 350 Domini
1190 313 1448 364 praerogativa
1477 318 1587 364 atque

64 377 277 421 autoritate,
315 377 374 414 cui
403 376 614 414 universam
643 377 785 428 alioqui
812 377 1042 428 Scripturam
1072 378 1274 414 reclamare
1300 377 1437 427 palam,
1467 377 1498 414 si
1526 391 1586 415 ve-

63 453 146 477 rum
175 441 346 486 fateatur,
375 454 510 488 negare
538 442 690 479 omnino
720 455 794 479 non
824 443 973 492 potest?
1018 441 1125 479 Certe
1153 442 1184 478 si
1212 441 1452 492 Propheticae
1480 446 1590 492 atque

64 505 304 555 Apostolicae
340 505 549 542 vocationis
586 506 766 543 autoritas
794 506 947 543 ferenda
976 518 1052 542 non
1081 509 1137 543 est
1165 506 1202 542 in
1232 505 1308 542 ullo
1336 505 1410 542 iam
1438 519 1590 556 prorsus

65 569 215 606 homine
251 569 291 606 in
319 569 487 607 Ecclesia
516 570 666 616 Christi,
704 574 809 607 tanto
837 570 1006 620 equidem
1040 570 1160 608 minus
1189 569 1341 607 ferenda
1371 574 1425 607 est
1455 571 1590 607 vicaria

61 633 128 670 illa
162 633 202 670 in
238 633 336 684 Papa
373 634 514 671 Christi
551 634 706 671 Domini
743 634 954 680 sacerdotii,
990 634 1095 683 regni
1132 647 1175 671 ac
1213 634 1403 671 doctrinae
1439 648 1589 685 praero-

61 698 327 746 gativa,(l24)
353 703 494 749 quanto
523 699 642 736 maius
672 698 871 736 discrimen
901 698 1074 736 Christus
1101 698 1257 749 ipsemet
1285 698 1470 736 Dominus
1499 712 1588 736 con-

65 761 187 800 stituit
212 762 310 800 inter
337 775 420 800 eum
449 762 514 813 qui
541 763 691 811 ablegat
725 766 761 799 et
798 762 863 813 qui
891 763 938 799 ab
965 762 1047 813 ipso
1069 762 1302 812 ablegantur.
1330 763 1520 800 Nimirum
1541 764 1594 800 le-

63 827 143 875 gati
169 831 282 864 testes
310 832 398 864 sunt
428 827 612 864 duntaxat
639 839 682 864 ac
710 826 834 864 nuntii
860 840 999 873 eorum,
1028 840 1121 878 quae
1148 827 1186 864 in
1207 827 1393 865 mandatis
1412 827 1485 865 sibi
1508 828 1592 865 data

64 895 297 942 acceperunt,
324 891 388 929 sed
416 891 462 928 ab
489 891 555 927 illo
584 891 744 941 ipsomet
779 892 959 942 praestari
994 895 1140 942 oportet
1176 892 1314 934 omnia,
1350 892 1413 942 qui
1449 892 1592 940 legatos

64 955 226 1004 ablegat,
262 955 307 992 de
342 955 479 1006 quibus
517 955 631 1003 legati
666 955 929 1000 testificantur,
965 955 1042 993 sive
1069 955 1157 1006 quid
1187 955 1388 1006 imperetur
1416 969 1480 1006 per
1506 957 1592 993 illos

64 1020 141 1058 sive
176 1020 286 1057 etiam
322 1019 576 1070 promittatur.
632 1021 710 1056 Aut
745 1019 861 1068 igitur
897 1019 1041 1057 Hosius
1070 1019 1221 1056 damnet
1248 1019 1287 1055 in
1316 1031 1382 1056 suo
1410 1019 1508 1070 Papa
1538 1020 1594 1056 vi-

64 1083 201 1121 cariam
236 1083 339 1121 illam
377 1083 519 1121 Christi
553 1083 709 1121 Domini
745 1083 1126 1133 functionemetque
1164 1083 1415 1125 autoritatem,
1443 1085 1474 1121 si
1503 1084 1595 1120 Pro-

63 1148 249 1200 pheticam
285 1152 395 1199 atque
434 1149 694 1199 Apostolicam
722 1149 1034 1199 praerogativam,
1060 1152 1147 1198 post
1175 1148 1337 1198 positum
1366 1148 1505 1198 alioqui
1533 1162 1594 1185 ae-

63 1217 212 1250 ternum
248 1213 323 1250 iam
363 1212 554 1250 Ecclesiae
581 1212 880 1258 fundamentum,
906 1212 945 1250 in
975 1212 1124 1249 nemine
1155 1212 1371 1249 mortalium
1400 1213 1592 1250 ferendam

64 1279 166 1316 nullo
194 1277 307 1315 modo
334 1291 414 1316 esse
439 1282 559 1328 putat,
587 1282 663 1322 aut,
692 1291 737 1315 ne
765 1278 890 1315 fucum
920 1276 1215 1327 simplicioribus
1243 1276 1456 1314 Pharisaica
1476 1278 1594 1328 hypo-

65 1343 151 1380 crisi
188 1356 252 1380 sua
288 1343 414 1388 faciat,
451 1357 490 1380 se
527 1343 650 1380 studio
688 1342 905 1380 retinendae
944 1342 1083 1379 Christi
1111 1342 1254 1391 gloriae
1290 1348 1326 1379 et
1352 1342 1597 1392 Propheticac

66 1408 260 1457 dignitatis
306 1408 403 1445 ferre
438 1420 516 1444 non
554 1420 664 1458 posse
700 1407 739 1444 in
771 1407 938 1444 Luthero
976 1406 1239 1457 Propheticam
1283 1407 1596 1457 praerogativam,

63 1477 307 1524 posteaquam
333 1473 445 1521 longe
481 1472 662 1509 maiorem
699 1485 741 1509 ac
778 1471 937 1523 proinde
973 1472 1098 1509 minus
1134 1472 1244 1509 etiam
1286 1472 1516 1510 tolerabilem
1555 1474 1594 1510 in

61 1539 161 1589 Papa
190 1551 270 1584 suo,
295 1551 372 1575 non
400 1537 512 1575 modo
539 1537 745 1580 ferendam,
773 1537 836 1575 sed
864 1537 1175 1588 propugnandam
1204 1550 1352 1588 quoque
1379 1551 1457 1575 esse
1485 1541 1593 1586 (125)

62 1602 204 1648 statuit,
246 1615 340 1653 quae
376 1602 455 1640 sine
490 1602 689 1639 manifesta
724 1602 764 1639 in
806 1602 997 1639 Christum
1046 1601 1250 1639 Dominum
1288 1603 1514 1640 contumelia
1551 1616 1595 1640 ac

65 1667 295 1719 blasphemia
331 1668 370 1704 in
408 1668 489 1705 eius
526 1667 696 1705 Ecclesia
733 1667 821 1704 ferri
859 1667 1146 1718 haudquaquam
1183 1672 1317 1718 potest,
1351 1672 1393 1704 ut
1422 1668 1479 1704 vel
1507 1668 1596 1705 hinc

63 1733 135 1770 iam
175 1737 360 1783 appareat,
394 1732 591 1783 ipsummet
628 1731 792 1769 Hosium
828 1745 892 1782 per
927 1732 1175 1769 invidentiam
1212 1736 1323 1782 atque
1350 1732 1592 1770 ambitionem

65 1798 161 1835 ferre
199 1810 275 1834 non
311 1809 421 1848 posse
457 1796 714 1847 Propheticam
748 1797 788 1834 in
817 1796 983 1834 Luthero
1011 1797 1323 1847 praerogativam,
1351 1810 1397 1834 ne
1425 1797 1597 1835 videlicet

64 1875 129 1913 per
165 1862 269 1899 illam
305 1861 426 1912 Papae
455 1861 512 1898 sui
538 1861 731 1911 tyrannidi
758 1866 957 1912 usurpatae
984 1861 1125 1912 aliquid
1154 1861 1371 1899 detrahatur
1399 1867 1461 1899 aut
1490 1862 1595 1899 dero-

64 1932 185 1976 getur,
220 1930 331 1978 atque
375 1926 426 1964 ita
470 1926 668 1977 ipsummet
707 1925 868 1963 Hosium
907 1939 950 1963 ac
986 1939 1071 1963 suos
1108 1939 1149 1963 ea
1194 1926 1274 1977 ipsa
1311 1926 1388 1963 odii
1423 1927 1596 1964 inviden-

63 1992 137 2030 tiae
173 1996 284 2042 atque
319 1991 537 2028 ambitionis
576 1991 682 2040 culpa
721 1991 852 2035 teneri,
885 2003 997 2041 quam
1033 1995 1069 2028 et
1108 1991 1264 2028 Calvino
1299 1995 1335 2028 et
1371 1991 1481 2028 nobis
1510 2004 1593 2028 Cum

63 2057 130 2095 illo
167 2056 344 2094 omuibus
379 2056 475 2094 falso
515 2056 682 2105 irrogare
719 2060 887 2102 conatur,
924 2060 960 2093 et
987 2055 1145 2106 proinde
1172 2069 1248 2093 non
1277 2056 1446 2106 equidem
1477 2070 1495 2093 a
1527 2070 1594 2093 no-

67 2122 125 2159 bis
160 2121 356 2165 nostrisve,
394 2120 455 2158 sed
493 2121 540 2158 ab
567 2121 728 2171 ipsomet
757 2121 879 2158 Hosio
909 2134 950 2158 ac
987 2121 1064 2159 suis
1094 2121 1226 2158 violari
1252 2121 1371 2170 legem
1399 2126 1434 2160 et
1463 2123 1596 2160 vincu-

65 2187 141 2224 lum
172 2185 408 2223 Christianae
427 2185 637 2223 dilectionis
656 2185 696 2223 in
717 2185 1023 2236 reprehendendo
1043 2186 1265 2236 Prophetico
1284 2186 1349 2222 illo
1370 2186 1526 2224 Lutheri
1545 2188 1594 2225 ti-

63 2251 157 2294 tulo,
194 2263 277 2287 cum
314 2263 395 2287 eam
428 2249 547 2300 ipsius
583 2250 911 2301 reprehensionem
950 2263 1025 2287 non
1062 2249 1224 2295 aliunde,
1269 2263 1380 2300 quam
1426 2264 1469 2289 ex
1506 2252 1592 2288 odio

64 2314 274 2352 invidentia
309 2318 420 2364 atque
456 2314 660 2351 ambitione
688 2315 875 2365 proficisci
911 2318 1069 2352 constet.
1124 2314 1322 2352 Quatenus
1357 2315 1472 2364 igitur
1508 2316 1595 2353 odio

66 2379 276 2418 invidentia
314 2383 425 2430 atque
461 2378 668 2417 ambitione
705 2380 818 2417 Hosii
854 2384 889 2417 et
918 2393 1069 2417 suorum
1107 2380 1310 2430 dispulsam
1339 2380 1488 2418 abillis
1516 2395 1594 2419 esse

66 2450 218 2497 apparet
255 2444 510 2482 Christianam
537 2457 686 2482 omnem
714 2444 965 2489 dilectionem,
993 2450 1028 2482 et
1059 2444 1201 2481 Hosius
1228 2444 1383 2495 ipsemet
1412 2445 1595 2495 ‹lo-(126)

68 2513 137 2555 cet,
171 2521 248 2546 non
284 2521 363 2545 esse
395 2508 515 2544 ullum
551 2507 706 2545 omnino
742 2508 839 2559 apud
876 2521 938 2545 eos
967 2508 1090 2545 locum
1118 2507 1230 2544 verbo
1270 2507 1339 2545 Dei
1367 2509 1596 2561 salutarique

70 2573 261 2611 doctrinae
295 2573 410 2617 illius,
446 2572 511 2623 qui
549 2572 783 2609 Christianae
820 2572 1033 2610 dilectionis
1076 2572 1267 2609 vinculum
1301 2572 1594 2624 abrumpendum

70 2637 141 2675 sibi
170 2650 248 2675 esse
277 2640 497 2682 statuerunt,
525 2656 575 2665 —
602 2636 781 2674 hactenus
810 2649 899 2674 sane
927 2649 1075 2673 omnem
1095 2635 1207 2673 Hosii
1227 2639 1262 2673 et
1282 2646 1431 2674 suorum
1455 2638 1595 2676 doctri-

69 2716 168 2749 nam,
204 2715 279 2740 non
308 2702 478 2753 equidem
507 2714 573 2752 pro
602 2702 715 2739 verbo
745 2701 813 2738 Dei
843 2701 1070 2751 salutarique
1098 2701 1268 2739 doctrina
1295 2701 1409 2746 illius,
1439 2703 1501 2740 sed
1529 2717 1595 2753 pro

69 2767 150 2818 ipsa
187 2775 293 2805 voce:
326 2767 438 2804 verbo
477 2772 513 2803 et
550 2765 720 2803 doctrina
749 2765 890 2803 exitiali
921 2766 1080 2802 Satanae
1106 2765 1265 2816 ipsomet
1295 2765 1417 2804 Hosio
1446 2781 1598 2806 censore

67 2832 197 2871 haberi
233 2832 482 2883 proculdubio
518 2835 702 2882 oportere,
739 2830 868 2879 negari
905 2831 1060 2868 omnino
1098 2844 1175 2868 non
1211 2835 1346 2882 potest.
1402 2831 1472 2869 Eat
1510 2846 1596 2870 vero

68 2910 171 2935 nunc
216 2896 360 2934 Hosius
407 2900 443 2934 et
480 2896 620 2933 nostris
665 2895 763 2933 inter
801 2908 868 2933 nos
906 2895 1260 2945 reprehensionibus
1297 2895 1477 2933 obtendat
1512 2897 1598 2935 odia

121 2962 156 3001 I.
1400 2963 1447 2998 29
