1818 3178
502 136 554 162 DE
583 134 865 163 sAoRAMENms
898 136 1111 163 ecstasim
1139 136 1318 164 CHR1ST1.
1603 129 1672 166 139

145 241 397 289 praesentant.
450 237 614 276 Proinde
641 238 748 288 signa
776 251 924 288 quoque
952 242 1270 276 sacramentorum
1298 242 1513 276 nostrorum
1540 252 1676 290 appro-

146 303 225 340 bari
270 306 417 354 oportet
460 306 523 340 aut
568 303 641 340 ritu
676 303 826 353 publico
863 308 928 340 aut
965 302 1203 341 nomothetae
1240 303 1398 341 alicuius
1433 303 1677 354 praescripto,

149 367 209 404 cui
240 368 371 405 debeat
399 366 559 404 obediri.

198 434 249 468 At
286 443 371 468 vero
409 431 449 467 in
487 430 596 468 rebus
624 430 761 468 divinis
790 443 896 467 caeca
924 435 980 468 est
1007 431 1130 468 omnis
1158 431 1318 469 humana
1347 431 1456 476 ratio,
1483 445 1603 482 neque
1630 432 1675 469 ad

147 508 366 534 arcanorum
396 494 466 532 Dei
496 495 735 532 consiliorum
763 495 1018 543 cognitionem
1047 494 1255 545 pertingere
1282 508 1326 532 ex
1355 508 1434 533 sese
1460 495 1536 533 ullo
1565 496 1676 532 modo

147 564 281 610 potest,
318 558 454 596 nedum
491 564 530 596 ut
567 558 611 596 de
646 559 720 596 illis
758 558 949 595 testificari
987 558 1252 608 quoquomodo
1281 564 1345 596 aut
1372 559 1522 609 aliquod
1550 572 1676 596 corum

147 624 295 673 signum
333 622 526 660 instituere
563 622 693 672 possit,
720 621 1034 672 quemadmodum
1064 627 1171 659 antea
1199 635 1346 672 quoque
1373 623 1457 670 (fol.
1486 624 1570 670 29³)
1598 623 1673 660 dic-

147 691 225 724 tum
262 690 329 724 est.
385 685 510 723 Quare
556 685 662 734 signa
690 697 837 735 quoque
866 685 1193 721 Sacramentorum
1221 685 1326 721 nullo
1355 685 1594 735 quantumvis
1623 699 1661 723 re

149 755 253 801 cepto
292 750 338 786 ab
369 749 584 787 hominibus
614 762 715 786 more
742 748 907 799 publico,
934 748 1114 798 nulloque
1143 748 1306 786 humano
1334 750 1561 800 praescripto
1590 763 1676 800 pos-

149 818 236 852 sunt
273 814 349 851 sive
383 813 531 851 institui
567 813 643 850 sive
678 811 888 862 approbari3
919 811 982 848 sed
1021 811 1137 849 Deum
1175 812 1296 862 ipsum
1334 813 1587 851 nomothetam
1618 814 1678 850 hic

147 892 228 916 essc
263 882 421 929 oportet,
456 882 499 915 ut
532 877 634 914 illius
671 877 786 913 solius
822 875 1064 926 praescripto,
1103 875 1342 923 Euangelicis
1377 882 1488 927 atque
1514 878 1675 928 Aposto-

148 939 231 976 licis
267 938 386 976 literis
422 937 531 975 nobis
567 936 720 981 tradito,
757 935 863 984 signa
902 936 1225 972 sacramentorum
1265 942 1476 974 nostrorum
1504 938 1678 976 instituta

149 1002 401 1052 imperataque
427 1013 508 1038 esse
536 1003 692 1036 constet.
731 998 846 1047 Signa
873 998 989 1045 igitur
1019 999 1345 1036 Sam-umentorum
1373 1005 1585 1038 nostrorum
1613 1015 1674 1052 ap-

150 1064 301 1115 probari
337 1068 483 1114 oportet
509 1062 636 1099 divina
665 1061 958 1110 uniuscuiusque
986 1061 1211 1098 sacramenti
1238 1061 1486 1108 institutione,
1513 1063 1550 1100 id
1578 1064 1677 1114 quod

150 1132 186 1164 et
215 1139 283 1164 nos
312 1138 378 1163 suo
407 1126 490 1162 loco
519 1124 710 1162 faciemus

204 1191 446 1229 Ostendimus
465 1190 589 1235 etiam,
608 1189 715 1237 signa
734 1189 812 1226 eius
831 1188 979 1237 generis
999 1202 1078 1226 esse
1099 1188 1204 1237 signa
1223 1194 1259 1227 et
1279 1190 1495 1240 praeteritae
1505 1191 1558 1228 rei
1570 1191 1676 1228 simul

150 1262 187 1293 et
223 1255 426 1306 praesentis
462 1259 497 1292 et
533 1255 690 1299 futurae,
724 1253 1047 1303 exposuimusque‚
1075 1253 1122 1289 ad
1152 1266 1259 1303 quem
1289 1253 1440 1291 modum
1469 1254 1506 1291 id
1534 1255 1573 1292 iu
1610 1270 1677 1293 usu

153 1322 475 1357 sacramentorum
501 1319 660 1367 intelligi
689 1317 821 1355 debeat
848 1323 885 1355 et
912 1318 1034 1355 adhuc
1063 1317 1198 1355 elarius
1227 1323 1352 1368 postea
1388 1332 1627 1369 exponemus.

202 1385 285 1422 Iam
323 1397 407 1421 vero
444 1383 716 1421 ostendendum
743 1387 810 1424 est,
846 1395 918 1432 qua
947 1381 986 1419 in
1014 1395 1053 1419 re
1080 1381 1189 1430 signa
1216 1387 1430 1420 nostrorum
1460 1384 1677 1422 Sacramen-

150 1453 273 1486 torum
310 1448 393 1485 aliis
427 1448 600 1484 omnibus
628 1447 667 1484 in
695 1447 825 1484 eodem
853 1447 965 1484 etiam
991 1459 1125 1496 genere
1154 1447 1271 1495 signis
1298 1448 1543 1494 antecellant;
1574 1462 1676 1498 prae-

152 1513 280 1550 sertim
308 1525 392 1549 cum
418 1511 457 1549 id
484 1511 568 1549 aliis
596 1524 743 1561 quoque
771 1510 888 1560 signis
917 1523 1114 1548 commune
1133 1511 1193 1556 sit,
1213 1515 1251 1548 ut
1272 1511 1347 1548 sint
1368 1512 1474 1560 signa
1494 1514 1547 1550 rei
1570 1514 1678 1552 simul

151 1584 186 1615 et
214 1576 433 1628 praeteritae
460 1581 497 1614 et
523 1576 727 1627 praesentis
756 1580 791 1613 et
819 1576 978 1613 futurae.

204 1645 327 1693 Atque
364 1655 453 1679 sane
486 1642 584 1679 inter
620 1640 851 1678 attestatoria
887 1640 1069 1678 eiusmodi
1106 1640 1213 1689 signa
1250 1641 1375 1678 omnia
1410 1642 1479 1679 etsi
1507 1642 1577 1679 hoc
1603 1643 1679 1680 illis

155 1719 351 1744 commune
386 1705 435 1743 sit
471 1706 560 1749 fere,
596 1710 636 1743 ut
671 1718 727 1742 res
764 1705 875 1742 simul
902 1709 939 1742 et
964 1705 1183 1755 praeteritas
1211 1709 1248 1742 et
1274 1711 1484 1755 praesentes
1512 1712 1548 1744 et
1577 1709 1678 1745 futu-

154 1784 213 1808 ras
244 1770 452 1819 designent,
479 1775 566 1807 sunt
595 1774 718 1806 tamen
745 1769 818 1806 alia
845 1769 1109 1806 excellentiora
1137 1769 1233 1812 aliis,
1264 1770 1473 1821 maioreque
1501 1785 1587 1808 cura
1607 1773 1676 1808 ob-

155 1840 360 1879 servantur,
395 1847 461 1885 pro
489 1847 531 1871 eo
562 1833 745 1876 videlicet,
770 1846 813 1870 ac
842 1846 899 1870 res
927 1833 1039 1883 ipsae,
1067 1846 1161 1883 quae
1188 1833 1445 1882 designantur,
1472 1835 1566 1872 aliae
1593 1836 1677 1873 aliis

155 1905 240 1936 sunt
276 1899 486 1946 excel-(fol.
517 1898 793 1945 29¹>)lentiores,
819 1898 916 1935 sicut
942 1911 986 1935 ex
1012 1898 1289 1947 mysteriorum,
1314 1911 1408 1949 quae
1436 1899 1679 1948 designantur

154 1964 372 2003 excellentia
408 1978 451 2001 ac
485 1964 667 2013 dignitate
704 1963 895 2012 signorum
934 1976 1083 2013 quoque
1120 1963 1284 2011 dignitas
1321 1971 1432 2014 atque
1459 1965 1677 2002 excellentia

154 2028 382 2066 aestimetur.

206 2093 358 2131 Quanto
403 2092 518 2141 igitur
564 2105 620 2129 res
664 2091 811 2129 divinae
857 2092 1013 2129 maiores
1050 2091 1288 2129 sublimiores
1325 2092 1679 2144 excellentioresque

155 2162 242 2195 sunt
277 2159 389 2195 rebus
425 2157 598 2194 humanis
634 2156 821 2203 omnibus,
848 2160 952 2194 tanto
981 2156 1094 2194 etiam
1121 2155 1228 2205 signa
1256 2156 1420 2206 ipsarum
1448 2157 1532 2194 aliis
1560 2158 1677 2206 signis

156 2223 327 2260 humanis
364 2223 539 2260 omnibus
575 2221 745 2270 digniora
782 2221 974 2271 magisque
1010 2220 1265 2276 sublimiawac
1301 2221 1520 2258 excellentia
1550 2221 1680 2259 haberi

153 2287 401 2338 proculdubio
431 2286 579 2329 debent,
606 2285 816 2335 maioreque
844 2284 966 2322 studio
994 2297 1037 2321 ac
1064 2284 1269 2321 reverentia
1297 2284 1499 2323 observari.

207 2353 397 2389 Praeterea
427 2363 512 2387 vero
540 2350 649 2387 etiam
677 2349 873 2400 plurimum
904 2350 1069 2393 interest,
1087 2348 1188 2385 Deus
1211 2362 1267 2392 ue,
1293 2363 1340 2386 an
1369 2362 1453 2386 vero
1477 2350 1587 2387 homo
1609 2351 1675 2387 ali-

155 2417 243 2468 quid
280 2416 463 2453 instituat.
517 2415 719 2452 Enimvero
756 2414 856 2452 Deus
894 2413 1051 2451 dicendo
1081 2414 1170 2450 facit
1198 2413 1298 2463 quod
1328 2413 1431 2458 dicit,
1460 2414 1571 2453 homo
1602 2429 1676 2452 non

153 2483 253 2519 item.
309 2481 480 2518 Quorum
525 2479 639 2527 igitur
684 2478 789 2527 signa
827 2478 926 2515 Deus
965 2477 1076 2514 verbo
1115 2490 1180 2514 suo
1218 2477 1355 2515 Divino
1393 2479 1600 2523 constituit,
1635 2494 1677 2517 ea

155 2557 302 2595 quoque
331 2543 439 2580 simul
467 2546 631 2593 praestat
657 2541 825 2586 omnino,
851 2540 949 2591 quod
979 2540 1016 2577 in
1044 2540 1126 2590 ipso
1156 2540 1304 2590 quidem
1332 2548 1400 2586 est,
1428 2542 1481 2578 sic
1511 2548 1561 2585 ut,
1589 2544 1674 2579 dum

154 2608 262 2657 signa
306 2621 326 2644 a
371 2606 450 2643 Deo
496 2605 669 2642 instituta
705 2604 870 2653 legitime
905 2616 971 2654 pro
1010 2609 1136 2640 nostra
1171 2604 1388 2641 infirmitate
1424 2605 1677 2648 observamus,

153 2672 262 2709 rebus
299 2683 446 2721 quoque
482 2669 572 2720 ipsis
609 2681 674 2719 per
700 2667 883 2705 eiusmodi
911 2667 1017 2717 signa
1047 2667 1265 2716 designatis,
1290 2667 1381 2718 ipsis
1407 2667 1520 2717 inque
1547 2668 1675 2716 signo-

153 2749 232 2773 rum
260 2735 447 2785 mysteriis
474 2747 512 2771 re
539 2746 624 2770 vera
651 2732 785 2769 animis
813 2731 951 2769 nostris
977 2730 1024 2769 ad
1052 2731 1165 2768 vitam
1192 2725 1380 2769 aeternam
1397 2737 1525 2768 autore
1543 2732 1675 2782 spiritu

154 2804 282 2838 sancto
318 2799 497 2844 fruamur,
532 2797 631 2848 quod
670 2796 839 2847 equidem
869 2795 982 2833 nullis
1009 2795 1295 2847 quibuscunque
1322 2795 1472 2833 tandem
1501 2795 1673 2835 humanis

154 2863 273 2913 signis
300 2863 416 2901 tribui
444 2862 519 2900 ullo
546 2861 659 2898 modo
686 2864 821 2912 potest.
