1818 3178
177 156 229 185 LX
812 143 1052 173 PRAEFATIO.

175 258 433 308 correxisset,
476 256 507 296 si
554 254 619 294 hic
660 251 775 307 prior
805 248 947 306 sylvae
978 246 1092 288 illius
1123 246 1344 287 exstitisset
1376 251 1533 297 auctor,
1566 245 1687 289 facile

174 329 425 385 intelligeret
440 324 743 379 unusquisque,
768 347 818 352 --
835 335 911 362 cur
927 333 1027 360 vero
1045 317 1308 359 Utenhovius
1325 316 1525 365 Lascum‚
1549 332 1686 360 neme.

179 398 354 442 Accedit
377 399 486 453 quod
510 395 704 436 historiae
726 392 883 433 itineris
905 391 944 431 in
969 387 1196 431 Utenhovii
1217 387 1346 428 libelli
1367 403 1585 430 successus
1603 397 1685 431 tam

175 470 344 526 egregie
385 482 480 508 cum
520 466 567 506 iis
599 479 704 519 quae
736 463 785 504 ad
817 461 1116 516 Bullingerum
1146 458 1287 500 scribit
1317 459 1340 500 ὲι
1371 458 1522 509 Lasco‚
1555 461 1690 502 conci-

175 543 246 588 nit,
278 548 322 581 ut
352 538 481 580 veluti
511 536 642 578 futuri
675 534 802 576 libelli
834 532 1166 575 distributionem
1200 531 1457 586 paucissimis
1487 532 1562 573 tibi
1599 532 1689 574 dari

176 611 329 655 credas.
362 611 548 653 Primam
582 606 710 649 libelli
742 612 901 662 partein
935 608 1038 646 Aeta
1069 605 1182 660 apud
1210 617 1338 660 reyem
1371 604 1533 646 Dandae
1567 620 1683 647 occu-

175 692 285 741 pant,
320 691 420 724 tunc
452 696 558 736 quae
595 680 842 726 Wismariae,
874 676 1019 718 deinde
1051 690 1157 731 quae
1188 676 1379 723 Lubecae,
1409 675 1558 718 ultimo
1580 676 1694 720 deni-

178 771 257 811 que
287 754 378 796 loeo
410 768 514 808 quae
546 752 768 804 Hambuq-gsi
799 748 956 804 experti
988 748 1068 788 sint
1099 745 1278 795 exsules,
1313 747 1457 788 ordine
1475 764 1692 805 exponun-

179 835 259 876 tur,
302 840 407 880 quae
454 823 592 865 omnia
639 838 763 878 quam
805 828 898 876 apte
941 818 1148 874 quadrent
1177 817 1220 858 in
1251 817 1375 859 Lasci
1410 819 1550 870 verba,
1587 835 1694 876 quae

179 911 306 953 supra
351 895 579 941 citavimus,
619 894 754 934 statim
794 892 834 932 in
867 889 1010 931 oculos
1044 888 1157 929 velut
1187 888 1381 931 incurrit.
1444 889 1571 931 Unde
1603 896 1696 932 tute

180 968 385 1010 affirmare
416 967 565 1015 ausim,
600 964 736 1006 addito
766 961 1022 1019 praefamine
1054 968 1093 1001 et
1125 959 1372 1015 quibusdam
1405 961 1470 1002 hic
1501 961 1589 1004 illic
1610 962 1696 1004 obi-

180 1046 243 1081 ter
281 1053 357 1094 pro
398 1052 598 1093 personae
638 1035 818 1077 auctoris
858 1033 1095 1074 diversitate
1138 1032 1362 1087 rescriptis,
1401 1032 1689 1075 Utenhovium

179 1109 303 1152 Lasci
336 1108 520 1150 libellum
552 1124 648 1149 suae
680 1106 909 1148 narrationi
944 1119 1101 1160 purum
1130 1111 1284 1159 putum
1315 1105 1550 1157 inseruisse,
1575 1105 1696 1147 adeo-

181 1197 262 1236 que
292 1181 414 1222 Lasci
445 1181 601 1236 Sylvam
633 1178 792 1220 itineris
823 1177 969 1218 Danicz‘
999 1176 1228 1217 etiamnum
1261 1176 1301 1217 in
1335 1175 1567 1218 Utenhovii
1599 1192 1694 1219 nar-

183 1254 341 1296 ratione
373 1253 540 1293 mutatis
574 1250 781 1291 mutandis
815 1249 954 1295 latere,
986 1247 1081 1288 inde
1113 1263 1135 1288 a
1168 1247 1238 1290 fol.
1264 1250 1314 1290 21
1339 1263 1473 1303 usque
1495 1247 1546 1290 ad
1570 1264 1696 1290 nona·

188 1327 386 1381 gesimam
418 1331 604 1365 octavam
638 1323 852 1378 paginam,
888 1320 956 1362 ubi
986 1319 1188 1376 legimus:
1224 1343 1245 1368 u
1270 1320 1358 1362 Nos
1385 1335 1515 1376 porro
1546 1330 1696 1376 quarta

187 1420 207 1444 ῃ
234 1395 475 1437 Decembris
508 1395 570 1435 die
604 1393 819 1440 Ewbdam,
852 1398 1023 1447 portum
1056 1389 1285 1433 Orientalis
1316 1391 1479 1434 Frisiae
1512 1391 1695 1433 celeber-

187 1490 208 1514 n
232 1469 398 1513 rimum,
435 1466 537 1507 salvi
568 1466 702 1506 divina
736 1464 870 1520 gratia
903 1462 1214 1519 pervenimus‚’'
1246 1470 1285 1504 et
1317 1478 1424 1517 quae
1454 1465 1694 1519 perpaucis-

186 1540 286 1581 sima
319 1539 402 1580 illic
433 1546 664 1593 sequuntur
702 1537 746 1591 ¹).

244 1610 497 1651 Micrcnium
541 1623 706 1664 quoque
738 1608 777 1648 in
809 1607 956 1648 itinere
989 1605 1060 1647 illo
1092 1605 1328 1647 enarrando
1358 1606 1571 1648 navavisse
1603 1621 1698 1661 ope-

187 1697 274 1724 ram
307 1684 356 1737 9),
402 1682 442 1722 in
490 1681 612 1722 Lasci
659 1680 740 1721 vita
787 1679 968 1735 penitius
1007 1678 1254 1730 excutietur,
1286 1686 1325 1719 et
1365 1677 1415 1720 ad
1446 1693 1539 1720 eam
1570 1692 1694 1732 quam

190 1769 301 1795 nunc
331 1755 493 1810 agimus
525 1753 820 1808 quaestionem,
853 1759 965 1793 certe
996 1751 1098 1792 nihil
1131 1751 1238 1793 facit.

269 1898 330 1939 13.
384 1897 627 1938 Tmomm
660 1910 703 1937 IN
740 1909 849 1937 UsUM
883 1910 1001 1937 Rhlfits
1035 1909 1241 1937 POLONIAE
1276 1895 1372 1952 (scr.
1404 1911 1440 1937 a.
1477 1894 1622 1952 1557).

248 2039 462 2081 Eiusmodi
501 2038 865 2079 tractatiunculmn
906 2038 957 2080 ab
1003 2039 1026 2080 a.
1063 2039 1201 2080 Lasco
1247 2039 1526 2094 conscriptam
1565 2038 1703 2085 fuisse,

191 2114 273 2168 ipse
315 2113 462 2153 diserte
504 2117 679 2151 testatur
724 2111 766 2151 in
816 2110 892 2166 Ep.
941 2111 991 2151 ad
1026 2111 1188 2152 Ducem
1220 2111 1420 2152 Prussiae
1451 2110 1545 2152 data
1577 2110 1613 2153 d.
1650 2111 1702 2152 13

193 2183 351 2239 Aprilis
400 2183 522 2231 1557,
572 2182 639 2223 ubi
679 2183 734 2223 sic
766 2182 964 2237 legimus:
1003 2206 1022 2229 ss
1044 2181 1126 2226 Sed
1158 2184 1308 2239 partim
1344 2182 1578 2224 valetudine
1612 2198 1703 2223 inea

194 2279 214 2303 ss
239 2271 454 2310 nunquam
499 2254 654 2309 alioqui
701 2255 780 2295 iam
824 2255 919 2296 satis
961 2255 1095 2306 firma,
1142 2257 1295 2312 partim
1329 2256 1455 2298 etiam
1486 2256 1703 2297 scribendis

198 2350 216 2373 ll
240 2328 467 2382 quibus-(lam
498 2327 540 2366 in
573 2342 682 2367 ustam
714 2327 865 2379 reyium
913 2326 1079 2382 longius
1110 2328 1175 2368 hic
1211 2329 1252 2382 (i.
1283 2344 1318 2370 e.
1353 2326 1541 2382 VVilnae)
1576 2342 1700 2381 quam

197 2422 217 2446 u
243 2398 436 2454 putabam
471 2397 641 2439 haerere
674 2406 853 2449 coactus,
886 2398 1002 2440 nullo
1035 2400 1116 2440 iam
1152 2400 1275 2442 modo
1307 2415 1475 2454 possum
1507 2399 1708 2440 desiderio

196 2493 216 2517 ῃ
242 2486 333 2511 meo
377 2468 608 2510 satisfacere
652 2469 804 2510 visendi
838 2478 951 2512 tuam
985 2469 1336 2515 Celsitudiuem.’'
1370 2473 1401 2528 3)
1463 2470 1604 2523 Quale
1636 2486 1706 2512 au-

195 2550 276 2584 tem
307 2541 506 2596 scriptum
542 2540 679 2591 fuerit,
713 2541 822 2583 hisce
854 2542 1082 2584 Utenhovii
1111 2544 1311 2587 docemur
1343 2544 1391 2587 ad
1410 2544 1707 2600 Bullingerum

196 2613 352 2656 verbis:
388 2636 408 2660 ῃ
432 2613 535 2654 Two
567 2613 667 2669 days
698 2613 803 2655 after
836 2614 903 2655 the
935 2615 1051 2671 king,
1085 2617 1313 2673 according
1345 2625 1386 2659 to
1418 2617 1481 2659 his
1513 2617 1706 2673 promise,

239 2763 262 2799 ¹)
285 2760 482 2791 UTENHOVII
505 2760 637 2800 Simplex
658 2771 694 2791 aa
706 2761 770 2802 fid.
793 2772 878 2792 marr.
903 2774 931 2803 p.
954 2765 1003 2794 ⁴30.

236 2816 263 2854 ἓ)
288 2816 385 2846 Inxsct
413 2817 522 2856 Opera,
548 2815 614 2845 vol,
640 2816 681 2846 ΙΙ.
708 2827 735 2857 p.
759 2815 830 2848 708.
855 2818 947 2854 „Iter
973 2818 1118 2850 danicum
1143 2820 1242 2851 exibit
1265 2821 1371 2863 lingna
1395 2823 1586 2854 Germanica
1602 2825 1711 2854 autore

198 2871 354 2902 Mivronio
380 2871 516 2902 nostro.‘'
561 2870 611 2901 Cs.
635 2882 713 2911 quac
738 2872 779 2902 ibi
805 2873 1037 2906 annotavimus.

237 2923 264 2965 ³)
289 2922 385 2954 LAscl
413 2923 523 2966 Opem,
549 2922 617 2957 Vol,
641 2922 684 2955 11.
708 2934 738 2967 p.
761 2923 832 2957 752.
