1818 3178
164 123 235 161 144
512 127 562 154 DE
591 120 868 153 sacmmssn'ris
897 116 1112 146 accensum
1140 117 1317 146 CultIsTI.

163 234 319 271 delatam
354 243 396 268 ac
431 230 649 280 perceptam,
684 223 757 260 fide
783 221 932 272 quidem
959 234 979 257 a
1007 219 1117 257 nobis
1142 219 1297 269 agnosci
1325 232 1368 257 ac
1395 218 1536 265 sentiri,
1562 223 1673 270 atque

163 296 365 334 Ecclesiam
416 296 530 330 totam
573 289 611 325 in
653 287 726 324 fide
770 286 868 322 illius
903 297 973 321 usu
1010 284 1334 321 Sacramentorum
1369 283 1560 320 obfirmari
1604 284 1672 321 ob-

163 360 373 408 signarique
409 357 560 399 docent3
598 352 661 389 sed
696 363 776 388 eam
804 349 889 386 fidei
916 349 955 385 in
985 347 1053 385 hac
1082 349 1345 386 communione
1373 348 1672 396 obsignationem

162 438 235 462 non
270 422 463 471 requirere,
498 430 539 454 ac
567 429 612 453 ne
639 414 833 452 admittere
861 412 1008 462 quidem
1037 411 1160 455 etiam,
1187 413 1321 449 realem
1351 412 1463 449 ullam
1491 411 1673 449 eiusmodi

161 485 322 536 corporis
355 488 390 520 et
424 480 614 528 sanguinis
652 477 790 515 Christi
825 475 1005 513 naturalis
1032 476 1292 525 praesentiam,
1319 475 1455 513 nedum
1480 476 1582 513 illam
1611 488 1673 512 eo-

161 562 252 593 rum,
279 559 371 597 quae
399 544 537 582 carnali
564 555 626 579 ore
653 542 729 585 fiat,
757 540 1041 590 perceptionem.
1078 538 1137 575 Ita
1166 538 1313 576 demum
1342 552 1427 577 vero
1445 539 1671 590 disputatum

159 618 212 650 est
249 612 291 647 de
326 609 463 646 unione
499 604 779 645 Sacramentali.
813 616 884 653 qua
913 602 1018 651 signa
1047 602 1130 649 (fol.
1160 604 1243 650 352)
1272 603 1596 640 Sacramentorum
1625 602 1672 639 ab

158 674 239 711 aliis
267 672 380 720 signis
408 669 581 706 omnibus
609 667 917 703 discernerentur.

207 737 322 774 Porro
350 735 444 771 inter
471 745 533 770 eos
560 743 718 775 rursum,
745 729 809 779 qui
836 733 1001 765 nostram
1032 740 1112 764 cum
1143 727 1291 765 Christo
1310 728 1357 766 D.
1375 729 1673 766 communionem

158 801 195 838 in
233 798 411 837 eiusmodi
444 795 724 848 participatione
760 793 962 843 ponebant,
989 804 1084 842 quae
1111 791 1150 828 in
1180 804 1313 829 caenae
1341 793 1583 829 Sacramento
1610 805 1674 829 ore

159 863 297 901 carnali
332 863 407 904 fiat,
442 873 505 911 per
541 859 686 903 realem,
714 862 754 894 ut
781 856 955 894 diximus.
981 855 1021 892 in
1050 868 1183 892 caenae
1209 855 1415 899 elementis,
1442 858 1608 907 corporis
1635 861 1672 894 et

158 926 349 975 sanguinis
384 923 521 961 Christi
549 922 727 960 naturalis
761 920 864 957 iuxta
892 919 1139 956 substantiam
1166 919 1285 969 ipsam
1312 921 1597 970 perceptionem,
1623 941 1673 948 —

158 992 220 1029 alii
247 989 459 1028 statuebant
485 988 523 1024 in
552 987 639 1037 ipsis
661 998 793 1022 caenae
813 985 1021 1021 dominicae
1045 984 1237 1022 elementis
1260 984 1519 1022 miraculosam
1549 985 1674 1022 nescio

158 1069 267 1106 quam
302 1051 747 1094 transubstantiationem,
783 1049 847 1086 alii
883 1061 969 1085 vero
1006 1049 1277 1085 connexionem
1313 1048 1499 1098 quandam
1526 1055 1671 1099 praeter

160 1120 362 1158 naturalem
399 1118 509 1155 etiam
543 1116 773 1164 signatorum
809 1126 892 1151 cum
928 1113 1059 1161 signis.
1105 1113 1204 1150 Nam
1240 1113 1432 1150 elementis
1457 1113 1549 1163 ipsis
1577 1113 1676 1163 signi

161 1197 294 1223 nomen
330 1181 554 1225 tribuebant,
591 1180 660 1216 hoc
695 1184 762 1223 est,
798 1177 1011 1215 statuebant
1047 1178 1182 1214 realem
1215 1177 1402 1228 quandam
1429 1190 1473 1214 ac
1501 1177 1676 1216 substan-

159 1249 282 1287 tialem
316 1246 479 1297 corporis
514 1244 628 1295 ipsius
665 1243 843 1280 naturalis
880 1247 916 1279 et
943 1242 1135 1290 sanguinis
1165 1241 1304 1279 Christi
1332 1254 1416 1278 cum
1443 1254 1577 1279 caenae
1603 1242 1676 1280 ele-

160 1312 292 1350 mentis
329 1309 608 1352 connexionem,
643 1312 682 1344 ut
718 1306 884 1357 quisquis
923 1318 1055 1342 caenae
1090 1306 1283 1349 elementa,
1319 1317 1448 1355 nempe
1474 1318 1607 1355 panem
1634 1319 1678 1343 ac

161 1376 298 1420 vinum,
335 1377 504 1416 sumeret,
539 1372 570 1409 is
598 1372 636 1408 in
663 1371 754 1421 ipsis
780 1382 876 1420 pane
902 1382 945 1406 ac
973 1369 1059 1406 vino
1090 1369 1201 1406 simul
1227 1368 1336 1406 etiam
1363 1368 1567 1419 perciperet
1593 1382 1677 1406 vere

161 1452 203 1477 ac
230 1438 374 1476 realiter
401 1437 517 1487 ipsam
545 1434 790 1472 substantiam
818 1433 983 1483 corporis
1010 1438 1045 1470 et
1072 1433 1266 1482 sanguinis
1295 1431 1434 1469 Christi
1460 1432 1651 1470 naturalis,

212 1505 267 1539 Ac
293 1502 450 1552 primum
478 1500 576 1550 Papa
604 1499 807 1541 Romanus,
834 1497 921 1534 dum
948 1497 1059 1534 talem
1089 1496 1253 1547 corporis
1272 1500 1307 1533 et
1326 1495 1519 1545 sanguinis
1541 1496 1679 1533 Christi

161 1565 479 1617 participationem
514 1563 680 1600 stabilire
718 1561 837 1599 modis
874 1560 1049 1598 omnibus
1078 1565 1279 1611 quaereret,
1306 1573 1401 1610 quae
1428 1560 1474 1597 ad
1501 1560 1676 1598 tuendam

161 1630 275 1681 ipsius
319 1627 553 1678 tyrannidem
600 1625 758 1663 maxime
801 1625 1041 1662 accommoda
1077 1637 1157 1662 esse
1193 1624 1390 1668 videretur,
1426 1637 1531 1662 suam
1568 1624 1677 1662 nobis

161 1692 593 1733 transubstantiationem
623 1691 816 1729 confinxit.
847 1690 935 1727 Non
963 1689 1062 1740 quod
1090 1689 1147 1726 illi
1172 1689 1275 1726 cordi
1295 1690 1406 1727 fuerit
1424 1689 1676 1738 no-(fol.35³)

165 1765 261 1797 strae
288 1771 371 1795 cum
407 1757 553 1795 Christo
591 1755 862 1792 communionis
891 1754 1103 1800 illustratio,
1130 1767 1241 1805 quam
1268 1755 1407 1805 alioqui
1436 1755 1673 1792 obscuratam

164 1835 386 1874 prorsusque
412 1833 640 1871 suppressam
667 1819 803 1863 mallet,
830 1818 892 1855 sed
920 1818 1021 1868 quod
1049 1817 1118 1854 hac
1146 1817 1204 1854 via
1231 1818 1271 1854 in
1298 1818 1440 1868 praetio
1468 1819 1548 1855 fore
1575 1817 1677 1855 vide-

167 1888 228 1924 bat
264 1885 459 1923 sacerdotii
496 1884 562 1929 sui,
588 1882 823 1933 quantumvis
853 1881 1000 1919 Christo
1028 1881 1244 1926 adversarii,
1271 1881 1453 1927 ordinem,
1481 1895 1678 1931 magnum-

166 1964 235 2001 que
261 1950 348 1987 inde
374 1953 567 1999 quaestum
593 1947 637 1984 ad
668 1959 705 1983 se
732 1951 766 1983 et
794 1959 880 1983 suos
908 1945 1112 1983 rediturum
1139 1959 1233 1984 esse.
1277 1946 1467 1984 Nimirum
1493 1945 1678 1995 intellige-

167 2016 240 2061 bat,
267 2014 345 2052 fieri
373 2026 446 2050 non
474 2025 592 2063 posse,
620 2011 710 2061 quin
737 2011 775 2048 in
802 2011 941 2061 praetio
971 2024 1114 2061 semper
1140 2015 1264 2048 essent
1290 2012 1437 2049 futurae
1463 2024 1567 2050 rasae
1593 2012 1679 2049 illae

168 2084 368 2128 unct-aeque
394 2090 437 2114 ac
463 2080 683 2127 purpuratae
710 2074 848 2118 simiae,
875 2088 1031 2125 quarum
1059 2075 1207 2125 opificio
1236 2075 1586 2114 transubstantiatio
1606 2076 1678 2113 ista

167 2156 235 2188 res,
262 2143 292 2179 si
319 2142 396 2179 Deo
424 2141 553 2192 placet,
579 2144 681 2177 tanta
705 2143 854 2189 tamque
882 2139 1103 2176 miraculosa
1132 2144 1331 2178 constaret.
1540 2182 1542 2185 .

218 2207 266 2243 Et
302 2219 375 2242 non
413 2204 606 2242 dubitabat
642 2203 840 2254 plurimum
875 2203 921 2240 ad
958 2217 995 2240 se
1030 2208 1205 2254 quaestus
1232 2207 1496 2254 perventurum
1532 2217 1622 2250 esse,
1649 2204 1679 2241 si

170 2270 279 2306 semel
315 2269 396 2306 orbi
422 2281 635 2319 persuasum
663 2271 770 2311 esset,
797 2267 922 2304 simias
950 2280 1034 2305 suas
1062 2280 1191 2305 omnes
1219 2280 1300 2305 eam
1327 2272 1546 2318 potestatem
1574 2273 1678 2305 auto-

172 2334 385 2382 ritatemque
430 2332 573 2374 habere.
615 2335 657 2368 ut
694 2331 881 2368 Christum
918 2331 1121 2368 Dominum
1157 2331 1195 2369 in
1234 2344 1365 2369 manus
1402 2345 1498 2377 suas,
1534 2333 1679 2382 quoties

173 2398 318 2437 vellent.
353 2410 372 2434 e
399 2397 498 2433 coelo
527 2397 703 2434 devocare
729 2401 892 2447 possent.
948 2396 1044 2434 Quis
1070 2397 1170 2434 enim
1199 2409 1274 2434 non
1303 2397 1439 2442 credat,
1465 2409 1528 2434 eos
1555 2397 1679 2434 omnia

172 2475 278 2512 posse
313 2461 409 2511 apud
445 2461 562 2506 illum,
597 2461 700 2497 cuius
727 2460 906 2498 evocandi
935 2460 1210 2512 detinendique,
1238 2462 1325 2498 dum
1354 2461 1501 2507 vellent,
1527 2461 1584 2499 ius
1611 2474 1678 2511 po-

172 2530 412 2574 testatemque
438 2530 472 2561 et
500 2524 731 2561 autoritatem
760 2537 908 2561 omnem
936 2524 1140 2562 haberent?
1194 2524 1243 2562 Et
1271 2525 1354 2575 quis
1381 2537 1457 2562 non
1484 2524 1595 2562 etiam
1622 2528 1679 2562 ta-

172 2591 262 2627 lium
299 2588 459 2625 favorem
498 2587 568 2624 sibi
595 2588 709 2624 multo
736 2587 979 2625 libentissime
1006 2588 1201 2626 redimeret
1228 2589 1286 2626 vel
1313 2588 1466 2626 dimidia
1497 2589 1677 2626 bonorum

173 2666 321 2691 suorum
358 2651 522 2688 omnium
557 2655 670 2700 parte,
705 2664 767 2701 per
802 2664 894 2701 quos
923 2651 1110 2690 Christum
1138 2653 1176 2690 in
1205 2666 1310 2690 suam
1336 2653 1508 2702 gratiam,
1534 2653 1679 2703 quoties

173 2718 315 2761 liberet,
342 2715 398 2752 vcl
425 2714 593 2758 invitum,
620 2715 763 2750 evocari
790 2715 900 2765 inque
927 2716 1074 2753 illorum
1102 2717 1274 2754 manibus
1302 2716 1383 2755 sisti
1411 2722 1580 2768 oportere
1608 2717 1677 2754 sci-

174 2783 282 2820 rent?
336 2780 394 2817 Ita
428 2778 543 2827 igitur
570 2777 688 2815 visum
716 2783 770 2815 est
797 2783 834 2816 in
862 2786 1008 2830 papatu,
1034 2785 1074 2818 ut
1102 2782 1450 2820 transubstantiatio
1478 2782 1518 2820 in
1547 2794 1679 2819 caenae

178 2846 260 2898 (fol.
290 2846 372 2892 362¹)
400 2841 587 2881 clementis
616 2846 845 2881 statueretur.
