1818 3178
172 144 321 177 Lxxxn
812 135 860 164 PR
867 132 1054 163 Aurum.

179 266 216 294 a.
249 249 357 292 1551
391 245 515 289 edidit
547 244 725 286 Ioannes
759 240 1036 283 Utenhovius.
1069 235 1180 279 Cum
1213 242 1351 279 tamen
1383 234 1551 292 longior
1579 234 1613 277 is
1644 234 1702 277 vi-

181 321 366 370 deretur,
410 317 481 374 qui
525 313 653 357 semel
695 312 920 369 quotannis
960 326 985 353 a
1013 307 1279 351 tenuioribus
1309 307 1578 357 edisceretur,
1611 305 1702 348 bre-

183 392 338 432 viorem
373 385 623 431 Catechismi
645 383 837 432 formam,
871 397 978 438 quae
1000 379 1260 421 Micronium
1283 384 1474 421 autorem
1496 377 1701 434 agnoscit,

187 463 223 504 ei
273 462 561 516 apposuerunt
609 454 889 497 Londinensis
940 451 1152 494 Ecclesiae
1201 449 1458 506 presbyteri;
1521 463 1699 504 quorum

184 530 386 574 imitaturi
425 526 680 583 exemplum,
722 525 939 568 Emdanae
986 536 1157 578 quoque
1194 519 1408 562 Ecclesiae
1448 527 1635 576 pastores
1663 535 1702 564 a.

185 603 295 645 1554
340 616 362 642 e
404 599 552 641 maiori
599 596 864 640 Catechismo
908 600 1167 637 contractam
1198 607 1376 648 eamque
1406 591 1541 634 multo
1570 591 1705 634 conci-

187 674 335 715 siorem
370 669 621 714 Catechismi
653 668 831 710 formam
862 667 978 708 cuius
1007 665 1093 720 ipse
1123 664 1146 705 ὲ,
1176 663 1315 705 Lasco
1335 663 1464 721 longe
1482 663 1708 720 primarius

193 752 337 785 auctor
368 741 582 783 habendus
612 747 684 791 est,
716 738 883 795 publica
914 736 1183 779 sanciverunt
1214 735 1473 778 auctoritate.

254 815 368 857 Ante
410 827 532 854 suum
575 829 596 853 e
635 810 804 853 Phrisia
847 806 1056 851 Orientali
1092 806 1252 848 abitum
1283 806 1441 849 Emdae
1472 821 1569 849 cum
1600 821 1709 864 sym·

190 887 333 944 mystis
378 885 533 941 scripto
577 883 750 925 edidisse
779 881 961 923 Laseum
996 879 1196 921 maiorem
1231 878 1484 922 Catechismi
1514 879 1708 929 formam,

190 957 428 1001 certissimis
469 955 710 998 testimoniis
755 959 929 995 constat.
990 952 1157 994 Diserte
1202 951 1282 993 hoc
1311 950 1493 994 Emdani
1525 958 1711 1008 pastores

189 1037 394 1073 testantur
425 1029 466 1070 in
499 1026 700 1069 brevioris
730 1024 982 1068 Catechismi
1015 1023 1287 1080 praefatione,
1320 1022 1391 1066 ubi
1423 1024 1481 1066 sic
1503 1023 1708 1081 legimus:

199 1123 218 1148 ῃ
246 1102 288 1142 Α
319 1099 528 1156 plerisque
550 1097 705 1153 rogatis
726 1128 736 1139 .
751 1128 760 1138 .
777 1128 786 1137 .
809 1109 985 1151 parvum
1008 1109 1356 1150 componeremus
1379 1093 1710 1147 Catechismum,

194 1196 214 1220 η
340 1173 473 1213 visum
521 1176 580 1210 est
619 1167 735 1209 nobis
782 1167 1006 1223 diligenter
1036 1166 1075 1208 id
1108 1174 1233 1222 atque
1264 1167 1314 1208 de
1346 1183 1455 1209 novo
1486 1168 1711 1224 suscipere,

198 1264 218 1289 n
243 1240 498 1296 experientia
543 1238 685 1289 doctis,
739 1238 1020 1279 Catechismum
1070 1252 1144 1294 quo
1175 1253 1281 1280 nune
1305 1254 1380 1293 per
1408 1240 1564 1296 aliquot
1593 1254 1715 1281 annos

199 1335 220 1360 η
247 1314 306 1354 usi
337 1314 468 1361 simus,
501 1326 586 1352 esse
618 1310 866 1367 longiorem,
899 1325 1025 1366 quam
1045 1317 1091 1351 ut
1113 1309 1173 1352 bis
1195 1311 1418 1366 quotannis
1439 1311 1562 1368 plene
1585 1311 1716 1354 absol-

200 1405 221 1430 ῃ
245 1382 458 1426 veretur.”
483 1383 512 1439 ¹)
549 1381 707 1424 Eodem
738 1395 902 1436 quoque
934 1382 1086 1424 haecce
1119 1381 1346 1424 Utenhovii
1367 1383 1493 1425 verba
1516 1382 1713 1424 tendunt:

200 1476 221 1499 n
247 1455 442 1496 nimirum
476 1453 582 1494 idem
615 1453 684 1494 ille
717 1452 1016 1500 catechismus,
1051 1469 1134 1509 quo
1165 1453 1292 1496 Frisii
1323 1453 1565 1497 Orientales
1591 1461 1718 1496 utun-

201 1550 222 1576 Ι]
247 1533 330 1576 tur,
365 1540 571 1581 quemque
601 1526 649 1567 iis
682 1525 915 1580 petentibus
947 1525 1034 1581 ipse
1066 1525 1229 1582 belgice
1258 1525 1498 1569 transtuli.’'
1529 1526 1561 1584 ²)
1627 1525 1717 1568 Ad·

197 1597 451 1653 stipulantur
497 1597 617 1638 etiam
660 1605 843 1653 pastores
876 1598 946 1652 qui
978 1613 1014 1639 a.
1050 1599 1161 1639 1594
1192 1597 1314 1639 huius
1346 1597 1557 1640 Ecclesiae
1589 1598 1722 1641 refor-

199 1668 388 1710 mationis
431 1667 648 1710 ediderunt
697 1667 933 1725 apologiam
988 1675 1029 1710 et
1068 1684 1091 1710 a
1138 1668 1361 1711 calumniis
1391 1669 1720 1713 obtrectatorum

207 1740 435 1782 Ecclesiam
469 1739 543 1781 sibi
575 1740 835 1782 commissam
869 1740 964 1782 data
996 1756 1125 1797 opera
1156 1742 1266 1784 tueri
1287 1743 1390 1785 enisi
1411 1750 1508 1784 sunt
1530 1743 1579 1799 ³).
1612 1742 1724 1784 Ean-

206 1811 297 1852 dem
331 1826 501 1867 prorsus
533 1811 627 1852 tulit
657 1811 831 1854 EMMms
863 1813 1120 1866 sententiam,
1152 1813 1265 1856 hisce
1297 1821 1478 1856 mentem
1510 1829 1633 1856 suam
1652 1830 1722 1857 ex-

207 1883 364 1938 plicans
403 1883 564 1925 verbis:
615 1883 893 1931 „catechesis
925 1886 1057 1927 maior
1088 1901 1215 1941 quam
1244 1886 1332 1943 ipse
1367 1887 1406 1944 (a.
1437 1886 1590 1945 Lasco)
1624 1887 1723 1929 olim

210 1978 231 2003 n
255 1956 295 1997 in
330 1970 448 1997 usum
483 1955 764 1998 Ecclesiarum
797 1957 921 1999 huius
952 1958 1147 2014 regionis,
1180 1958 1426 2014 priusquam
1455 1959 1496 2001 in
1520 1958 1724 2016 Angliam

212 2049 232 2073 ῃ
256 2026 399 2079 abiret,
440 2028 752 2082 conscripserat,
793 2028 863 2070 sed
905 2028 1052 2085 praelo
1090 2045 1174 2072 non
1207 2029 1453 2082 subiecerat,
1484 2045 1724 2087 quanquam

213 2120 234 2145 η
257 2098 512 2154 exemplaria
552 2098 684 2140 multa
715 2100 924 2155 exscripta
956 2101 997 2142 in
1032 2100 1225 2144 manibus
1255 2109 1392 2144 essent
1422 2101 1656 2146 omnium.''
1690 2103 1723 2160 ⁴)

213 2169 338 2221 Quod
379 2170 555 2225 denique
601 2186 689 2212 rem
732 2171 856 2226 plane
889 2173 1069 2225 conficit,
1102 2174 1189 2229 ipse
1221 2181 1362 2217 noster
1390 2174 1563 2218 totidem
1594 2173 1730 2217 verbis

214 2241 253 2281 id
285 2242 325 2282 in
358 2257 431 2283 sua
462 2241 513 2283 ad
546 2241 762 2284 Hardenb.
795 2243 981 2299 epistola,
1010 2244 1050 2286 d.
1085 2246 1107 2287 1
1131 2245 1306 2288 Ianuar.
1331 2247 1444 2289 1554
1464 2246 1571 2297 data,
1594 2261 1670 2288 suo
1689 2246 1731 2288 id

216 2312 474 2354 confirmavit
506 2313 761 2356 testimonio:
799 2336 819 2361 η
842 2314 896 2356 Et
925 2316 979 2358 ita
1009 2316 1118 2358 inter
1149 2332 1223 2359 nos
1254 2318 1461 2369 convenit,
1493 2324 1539 2361 ut
1570 2324 1654 2360 tres
1684 2318 1733 2360 si-

218 2404 239 2429 n
264 2382 351 2424 mul
399 2382 681 2426 catechismos
728 2384 919 2428 edamus:
973 2388 1186 2438 maiorem,
1233 2405 1344 2445 quem
1389 2391 1454 2431 lzie
1493 2405 1575 2432 una
1606 2404 1734 2432 omnes

217 2453 566 2509 nformavimus.''
590 2454 621 2511 ⁵)
671 2454 859 2511 Epistola
892 2473 1077 2513 namque
1111 2459 1244 2502 Emda
1277 2462 1474 2503 Bremam
1508 2461 1630 2504 missa
1661 2467 1734 2514 est,

260 2629 286 2668 ¹)
309 2629 411 2661 LASCI
437 2629 545 2670 Opera,
570 2629 642 2663 Vot.
664 2631 708 2663 ΙΙ.
731 2643 763 2673 p.
785 2632 855 2664 496.

258 2685 284 2724 2)
308 2684 409 2715 Lasct
435 2684 545 2724 Opera,
569 2685 639 2717 Vol.
662 2686 705 2718 II.
729 2698 758 2729 p.
782 2687 853 2720 347.

261 2739 286 2777 ³)
314 2739 462 2770 Graadtl.
496 2739 652 2780 warlcafft.
676 2740 806 2773 Beria-ht
827 2752 886 2774 von
907 2743 963 2775 der
994 2744 1111 2786 Evany.
1137 2745 1353 2787 Rfformatiffl}
1377 2747 1429 2778 tlco
1454 2746 1582 2780 Emden.
1605 2747 1739 2779 Bremen

223 2793 311 2825 1594.
334 2804 365 2834 p.
390 2793 460 2831 173,
484 2794 516 2825 4.

260 2848 287 2887 ⁴)
312 2847 409 2878 Unno
434 2848 581 2886 Eimms,
607 2848 774 2890 Renfris.
797 2850 869 2883 hist.
893 2851 962 2882 Lib.
988 2853 1050 2884 Lx.
1076 2865 1105 2895 p.
1128 2855 1198 2886 948.

258 2901 285 2944 ⁶)
309 2903 410 2934 Lssm
439 2902 552 2944 Opera,
578 2901 646 2936 Vol.
671 2904 714 2938 II.
737 2915 769 2946 p.
792 2905 864 2940 696.
