1818 3178
103 120 173 157 136
448 126 499 151 nn
528 119 805 150 sAcRAMBNTIS
835 117 1049 145 succesum
1077 116 1255 144 CHRISTI.

108 229 244 266 tutioni
279 227 499 264 adhibentur
534 236 578 259 ex
614 223 692 258 eius
728 219 977 256 ordinatione.
1029 217 1086 253 Ac
1120 221 1218 255 recte
1245 216 1394 267 quidem
1422 228 1480 253 res
1506 215 1617 253 etiam

112 291 211 341 ipsae
246 302 309 326 suo
345 287 453 324 modo
491 285 596 332 signa
635 286 812 319 vocantur
850 284 998 317 nostrae
1036 292 1118 315 cum
1146 279 1295 318 Christo
1325 278 1487 316 Domino
1516 291 1618 316 com-

115 353 299 391 munionis
334 352 371 388 in
408 362 473 386 usu
501 349 821 384 Sacramentorum
848 345 952 381 iuxta
978 356 1071 388 eam,
1098 356 1209 392 quam
1235 344 1485 394 exposuimus,
1511 356 1621 380 usur-

114 419 310 468 pationem.
365 415 555 451 Caeterum
589 411 705 448 multo
744 409 862 458 magis
889 407 1037 459 proprie
1063 420 1106 444 ac
1130 408 1322 459 perspicue
1349 409 1428 459 ipsa
1455 412 1621 453 externa,

115 496 134 518 a
170 479 329 517 Domino
366 476 547 519 instituta,
586 477 900 511 sacramentorum
938 472 1057 508 forma
1085 483 1128 507 ac
1156 473 1363 509 ceremonia
1391 473 1540 522 signum
1568 476 1624 510 est

112 550 145 582 et
174 547 322 580 vocatur
349 542 506 578 donatae
533 539 641 576 nobis
670 542 818 576 nostrae
845 537 945 574 illius
974 549 1056 573 cum
1084 535 1232 573 Christo
1261 536 1424 575 Domino
1452 550 1621 575 commu-

111 608 243 652 nionis,
278 619 369 656 quae
402 609 456 642 est
482 617 539 642 res
574 604 653 654 ipsa
681 601 939 652 significabilis
968 612 1030 637 seu
1056 600 1275 648 mysterium
1302 603 1469 640 omnium
1497 615 1622 639 sacra-

112 675 328 709 mentorum.

160 734 242 772 Etsi
276 733 388 782 igitur
424 735 544 783 patres
579 731 715 768 iustam
752 729 950 766 habuerint
985 728 1238 780 usurpationis
1266 741 1354 766 suae
1378 728 1479 766 illius
1506 728 1621 766 ratio-

112 811 205 842 nem,
245 809 316 846 qua
351 808 478 832 vocem
506 794 605 843 signi
630 794 668 831 in
699 806 806 830 causa
833 793 904 830 hac
930 797 1058 831 nostra
1086 792 1372 830 sacramentaria
1398 805 1466 842 pro
1493 792 1540 829 iis
1566 805 1624 829 re-

113 862 180 899 bus
215 859 457 909 usurpabant,
493 871 584 908 quae
611 858 803 895 institutae
829 870 849 894 a
877 856 1040 894 Domino
1068 857 1210 895 actioni
1236 856 1473 902 adhibentur,
1500 861 1624 894 tamen

112 938 193 962 eum
228 923 349 960 minus
386 922 433 959 sit
469 922 617 972 propria
654 921 744 958 haec
778 921 920 968 ta-(fol.
950 921 1082 969 25b)lis
1118 921 1322 971 usurpati0‚
1359 925 1394 958 et
1421 922 1557 959 multos
1584 935 1625 959 ea

111 988 280 1037 deinceps
316 985 526 1036 turpissime
561 985 696 1022 abusos
733 997 810 1021 esse
838 984 1004 1022 videmus
1032 985 1078 1022 ad
1105 984 1352 1022 invehendam
1379 984 1462 1021 orbi
1490 997 1625 1022 novam

111 1052 294 1103 quandam
330 1052 593 1088 elementorum
620 1050 657 1087 in
688 1049 926 1087 sacramentis
954 1049 1225 1095 idololatriam3
1253 1054 1440 1100 praeterea
1468 1062 1552 1086 cum
1579 1049 1626 1086 ad

109 1117 272 1156 tollenda
308 1115 498 1152 doctrinae
533 1127 631 1151 nunc
668 1113 822 1151 dissidia
858 1127 935 1151 non
971 1118 1116 1151 tantum
1153 1114 1247 1151 lucis
1275 1114 1419 1151 adferre
1446 1114 1628 1157 videatur,

112 1185 290 1232 qnantum
317 1181 429 1216 altera
456 1179 519 1215 illa
546 1178 664 1227 magis
692 1178 864 1215 videlicet
889 1178 1041 1228 propria
1069 1178 1309 1229 usurpatione
1336 1177 1473 1215 adferri
1501 1182 1626 1215 osten-

111 1246 250 1289 demus,
277 1242 415 1281 nemini
441 1243 574 1279 mirum
598 1242 713 1279 videri
732 1241 894 1288 debebit,
913 1242 944 1279 si
965 1255 1033 1279 nos
1055 1242 1124 1280 sub
1142 1242 1241 1291 signi
1261 1253 1350 1279 voce
1366 1242 1405 1279 in
1429 1255 1536 1279 causa
1557 1241 1626 1278 hac

111 1308 404 1352 sacramentaria,
432 1320 507 1344 non
533 1307 701 1356 equidem
729 1319 786 1344 res
815 1319 888 1349 eas,
916 1319 1009 1357 quae
1036 1306 1231 1344 institutae
1258 1320 1278 1343 a
1306 1306 1467 1343 Domino
1485 1307 1627 1343 formae

111 1376 422 1411 sacramentorum
459 1371 693 1416 adhibentur,
729 1370 791 1407 sed
828 1374 1020 1407 externam
1046 1370 1170 1421 potius
1204 1370 1389 1407 actionem
1416 1371 1534 1420 ipsam
1563 1383 1626 1407 seu

112 1437 355 1475 ceremoniam
386 1436 591 1483 intelligere
626 1434 810 1479 malimus,
846 1434 946 1484 quod
982 1434 1104 1484 ipsum
1140 1434 1281 1484 alioqui
1317 1437 1353 1471 et
1390 1438 1511 1484 patres
1540 1434 1627 1471 olim

112 1502 271 1538 facturos
307 1499 420 1536 fuisse
456 1511 530 1536 non
568 1498 793 1543 dubitamus,
820 1498 851 1535 si
877 1502 983 1536 tanta
1012 1498 1056 1535 de
1083 1511 1121 1535 re
1150 1497 1446 1535 Sacramentaria
1474 1496 1628 1534 dissidia

115 1568 308 1613 tantosque
333 1563 481 1599 illorum
509 1562 646 1599 abusus
674 1562 980 1612 praesensissent.

165 1627 258 1664 Inde
295 1640 378 1664 vero
408 1632 553 1677 apparet
582 1627 705 1669 etiam,
732 1626 977 1665 mutationem
1004 1626 1120 1671 illam,
1147 1638 1256 1676 quam
1283 1629 1406 1676 patres
1433 1626 1471 1662 in
1501 1625 1629 1674 signo-

115 1705 195 1729 rum
230 1691 417 1728 elementis
447 1691 541 1727 circa
568 1704 676 1728 usum
706 1691 1030 1727 Sacramentorum
1058 1689 1282 1735 statuebant,
1308 1702 1385 1726 non
1404 1689 1455 1726 ita
1476 1690 1630 1726 multum

115 1755 161 1792 ad
200 1768 342 1791 causam
379 1758 543 1791 nostram
580 1754 711 1797 facere,
746 1754 820 1791 nisi
856 1754 888 1791 si
915 1756 1188 1804 μεταφορικῶς
1218 1753 1433 1804 accipiatur,
1461 1757 1502 1790 ut
1528 1753 1630 1791 vide-

116 1819 213 1863 licet,
249 1818 348 1868 quod
385 1818 455 1868 ipsi
482 1817 620 1855 actioni
647 1822 701 1855 est
728 1817 930 1868 proprium,
957 1831 1090 1868 nempe
1118 1818 1226 1866 signo
1256 1817 1499 1863 Sacramenti,
1521 1811 1565 1854 'id
1591 1818 1631 1854 in

116 1896 173 1920 res
199 1883 337 1920 actioni
363 1882 547 1919 adhibitas
576 1895 640 1919 suo
669 1883 829 1932 quodam
857 1883 967 1920 modo
995 1883 1251 1920 transferatur.
1289 1881 1374 1926 Sed,
1400 1882 1577 1932 quoniam
1592 1882 1631 1919 iu

118 1947 379 1983 controversiis
433 1947 623 1984 doetrinae
668 1946 862 1984 verborum
897 1948 1104 1998 proprietas
1140 1947 1302 1984 maxime
1336 1947 1529 1984 retinenda
1566 1951 1634 1992 est,

120 2015 216 2047 recte
249 2016 284 2047 ct
319 2023 386 2047 nos
427 2011 592 2054 facimus,
628 2011 712 2048 dum
742 2012 901 2049 maxime
927 2012 1117 2062 propriam
1146 2011 1245 2060 signi
1273 2011 1548 2062 usurpationem
1577 2025 1633 2048 se-

120 2074 300 2123 quendam
331 2074 389 2110 hic
418 2074 525 2111 nobis
552 2075 634 2122 (fol.
664 2077 746 2123 262)
773 2088 816 2112 ac
843 2075 1074 2113 retinendam
1102 2088 1181 2113 esse
1207 2075 1246 2112 in
1269 2080 1395 2112 nostra
1414 2075 1635 2113 tractatione

121 2138 382 2176 existimamus.

174 2202 257 2238 Scio
286 2215 369 2239 vero
397 2215 416 2238 a
445 2201 665 2251 quibusdam
694 2201 842 2239 defendi
868 2215 948 2239 eam
977 2202 1267 2253 usurpationem,
1294 2207 1334 2240 ut
1361 2202 1400 2239 in
1429 2214 1538 2239 causa
1565 2201 1635 2239 hac

125 2266 414 2302 sacramentaria
451 2279 522 2302 vox
560 2266 657 2314 signi
693 2266 738 2303 ad
762 2263 824 2303 'res
850 2267 949 2317 ipsas
977 2267 1117 2304 actioni
1143 2266 1315 2304 adhiberi
1342 2267 1470 2304 solitas
1497 2267 1634 2303 refera-

126 2333 197 2371 tur,
224 2334 331 2378 atque
358 2329 430 2365 huc
456 2329 582 2365 induci
610 2334 754 2379 patrum
782 2329 1038 2367 autoritatem:
1066 2330 1225 2380 proferri.
1251 2330 1341 2367 item
1368 2329 1534 2378 exempla
1561 2328 1637 2373 illa,

129 2393 263 2443 quibus
301 2405 436 2430 corona
470 2398 532 2430 aut
570 2398 752 2443 sceptrum
790 2395 894 2442 regni
937 2395 1099 2443 signum,
1125 2396 1286 2432 annulus
1313 2394 1401 2432 item
1429 2393 1638 2442 coniugalis

128 2457 385 2506 desponsionis
423 2457 580 2504 signum,
607 2463 641 2494 et
668 2458 762 2508 lapis
790 2459 899 2496 etiam
929 2459 1105 2497 terminus
1132 2460 1263 2497 finium
1293 2459 1442 2508 signum
1471 2463 1636 2496 vocatur.

131 2520 201 2557 Sed
238 2525 380 2569 patrum
421 2520 669 2569 usurpationis
706 2521 887 2559 rationem
924 2535 968 2559 cx
1004 2523 1217 2575 Augustino
1253 2522 1494 2567 reddidimus,
1529 2534 1637 2572 quem

130 2584 268 2634 alioqui
298 2596 371 2620 non
398 2587 622 2633 postremum
650 2586 744 2622 inter
771 2590 893 2636 patres
920 2587 1020 2637 ipsos
1049 2588 1239 2634 habemus,
1265 2588 1368 2625 iuxta
1396 2600 1507 2637 quam
1526 2586 1640 2624 ratio-

129 2662 210 2685 nem
246 2648 354 2685 ctiam
394 2647 433 2684 in
468 2649 664 2697 propositis
702 2649 800 2687 hisce
826 2652 1002 2701 exemplis
1030 2665 1102 2689 vox
1130 2653 1228 2700 signi
1256 2652 1303 2689 ad
1331 2664 1509 2689 coronam
1536 2664 1640 2702 scep-

130 2716 271 2748 trumve
299 2710 452 2758 regium,
481 2710 525 2746 ad
554 2712 731 2748 annulum
759 2712 847 2750 item
875 2726 916 2750 ac
944 2714 1102 2764 lapidem
1133 2716 1331 2753 terminum
1359 2714 1489 2752 referri
1507 2718 1641 2765 potest.

131 2775 278 2813 Etenim
315 2787 432 2825 neque
475 2787 610 2811 corona
646 2780 709 2812 aut
744 2782 927 2827 sceptrum
954 2779 1059 2827 regui
1087 2779 1200 2817 delati
1227 2780 1374 2829 signum
1402 2784 1457 2817 est
1483 2779 1522 2816 in
1552 2792 1641 2824 sese,

130 2838 200 2876 nisi
238 2839 281 2877 de
315 2838 478 2887 legitima
507 2839 747 2877 coronatione
783 2842 988 2892 sceptrique
1025 2843 1227 2882 traditione
1264 2847 1426 2891 constet3
1454 2842 1594 2895 alioqui
1620 2856 1641 2880 a
