1818 3178
558 113 607 138 nn
631 114 794 140 CHRISTI
826 110 1141 138 1NCARNATIONE.
1575 97 1620 136 57

107 217 178 254 lica
213 215 284 254 Dei
320 214 486 252 Ecclesia
524 214 670 251 credere
704 215 888 252 malumus
922 213 1057 264 potius,
1095 225 1206 262 quam
1232 214 1274 248 ut
1299 223 1433 248 novam
1463 208 1626 258 aliquam

107 280 152 318 de
185 279 404 317 existentiae
438 277 596 315 Divinae
623 279 800 316 varietate
828 278 1037 315 doctrinam
1065 276 1298 326 recipiamus,
1344 274 1465 311 Usum
1494 284 1626 322 synec-

108 344 244 381 doches
277 344 317 380 in
355 342 495 379 Christi
531 341 684 380 Domini
722 341 1018 380 consideratione
1053 340 1304 390 exposuimus,
1332 351 1378 375 nc
1406 340 1558 375 naturas
1585 336 1626 373 in

105 408 170 445 illo
216 407 409 444 distinctas
446 406 733 450 confundamus,
768 406 924 448 etiamsi,
961 418 1053 455 quac
1088 404 1237 441 alterius
1278 403 1458 440 duntaxat
1493 404 1532 440 in
1560 401 1625 438 illo

107 477 261 510 naturae
296 471 444 522 propria
482 476 580 515 sunt,
613 471 683 509 toti
722 470 869 508 Christo
906 470 945 506 in
983 469 1185 518 Scripturis
1213 467 1330 505 tribui
1358 480 1629 517 nonnunquam

106 536 309 573 videamus.
348 534 408 579 Et,
436 534 747 585 quemadmodum
775 534 974 571 humanam
1003 533 1040 569 in
1071 532 1218 569 Christo
1247 536 1418 569 naturam
1450 545 1526 569 non
1545 531 1629 569 ideo

107 599 186 637 sine
220 599 404 649 principio
432 612 511 636 esse
539 598 707 643 dicimus,
735 597 835 648 quod
863 597 906 634 de
932 600 1011 633 toto
1042 596 1190 633 Christo
1221 596 1356 633 Paulus
1386 595 1496 638 dicat,
1524 595 1630 633 illum

107 675 187 700 esse
232 662 355 699 omnis
394 662 553 710 crea-(K
590 662 761 710 ii¹’)turae
796 661 1097 711 primogenitum,
1132 673 1195 709 per
1233 672 1342 709 quem
1378 660 1528 697 condita
1556 659 1631 697 sint

107 726 217 764 etiam
245 726 326 776 ipsa
353 726 512 772 saecula,
537 748 587 754 —
614 727 664 763 ita
695 739 769 763 non
797 725 880 762 ideo
910 724 1072 761 vicissim
1103 724 1268 760 divinam
1297 724 1336 760 in
1364 724 1428 760 illo
1458 728 1631 761 naturam

107 795 232 829 natam
281 804 428 841 passam
473 795 656 828 mortuam
701 793 882 828 tentatam
921 792 955 826 et
991 802 1012 825 a
1048 788 1157 825 Patre
1194 801 1258 825 suo
1298 788 1509 825 derelictam
1553 801 1633 826 esse

106 855 372 903 intelligamus,
416 855 514 906 quod
562 855 651 892 haec
693 854 765 891 toti
799 853 947 891 Christo
983 853 1023 889 in
1059 852 1259 902 Scripturis
1296 853 1412 889 tribui
1448 852 1631 890 audimus.

110 919 196 956 Hoc
231 920 330 956 enim
359 919 472 956 veluti
499 919 570 956 toti
598 918 746 955 Christo
774 919 978 968 plerunque
1003 916 1137 953 tribuit
1165 917 1369 966 Scriptura,
1397 916 1496 966 quod
1526 915 1632 953 alteri

109 984 290 1022 duntaxat
332 984 433 1021 illius
479 987 632 1021 naturae
672 981 862 1033 proprium
898 986 954 1018 est
990 980 1320 1030 (quemadmodum
1357 981 1447 1018 alias
1484 994 1634 1031 quoque

107 1047 180 1084 iam
226 1047 419 1095 diximus).
454 1060 542 1091 nou,
579 1051 619 1083 ut
657 1050 804 1083 naturas
839 1045 879 1082 in
906 1045 970 1081 isso
1001 1044 1238 1082 commisceat
1266 1045 1544 1094 quoquomodo,
1571 1049 1634 1083 aut

110 1112 329 1158 confundat,
366 1112 442 1155 sed,
480 1116 519 1149 ut
555 1111 788 1148 individuam
827 1110 999 1159 deinceps
1035 1110 1183 1145 illarum
1223 1109 1526 1147 coniunctionem
1554 1123 1634 1147 esse

106 1181 274 1223 testetur,
303 1190 397 1227 quae
424 1181 548 1213 tamen
577 1189 653 1212 non
682 1175 816 1219 obstet,
844 1174 1045 1224 quominus
1074 1187 1177 1210 suam
1206 1178 1363 1224 utraque
1393 1178 1523 1211 natura
1543 1175 1632 1211 reti-

110 1246 195 1279 neat
221 1241 495 1292 proprietatem.
527 1240 663 1281 Quare,
691 1252 786 1289 quae
816 1251 967 1289 corpore
995 1251 1039 1275 ac
1067 1238 1251 1287 sauguine
1279 1252 1344 1275 suo
1363 1239 1505 1289 peregit
1526 1239 1635 1276 Chri-

109 1311 200 1351 stus,
235 1319 276 1343 ea
302 1306 408 1342 illum
435 1305 537 1341 iuxta
566 1304 807 1341 humanitatis
837 1317 922 1340 suae
950 1307 1133 1345 naturam,
1161 1303 1207 1339 ad
1236 1317 1347 1353 quam
1376 1316 1460 1341 caro
1488 1304 1637 1354 proprie

107 1369 278 1421 pertinet,
304 1369 488 1420 peregisse
516 1368 704 1406 docemus.
746 1368 807 1413 Et,
834 1380 947 1418 quum
975 1367 1142 1417 corporis
1161 1370 1197 1404 et
1217 1367 1410 1416 sanguinis
1430 1367 1482 1404 sui
1502 1368 1635 1405 merito

109 1433 301 1472 sustulisse
335 1433 439 1470 illum
477 1432 636 1470 sciamus
671 1445 818 1469 ornnem
854 1431 996 1482 peccati
1024 1431 1144 1468 nostri
1171 1444 1320 1474 nexum,
1347 1444 1529 1482 omneque
1556 1445 1635 1469 ma-

111 1500 228 1538 ceriae
263 1498 507 1537 interstitium
544 1511 609 1549 per
637 1510 785 1535 carnem
814 1509 916 1534 suam
947 1496 1116 1540 diruisse,
1144 1500 1179 1533 et
1206 1500 1404 1546 utrumque
1432 1497 1541 1534 simul
1568 1510 1636 1548 po·

110 1567 236 1616 pulum
264 1565 303 1602 in
331 1577 406 1602 uno
440 1576 594 1614 corpore
621 1576 687 1600 suo
715 1576 780 1613 per
808 1575 953 1599 crucem
980 1561 1083 1598 Patri
1112 1574 1177 1598 suo
1205 1561 1479 1607 reconciliasse,
1507 1575 1636 1612 quem-

109 1629 309 1667 admodum
345 1628 481 1666 Paulus
510 1627 638 1673 docet3
667 1648 717 1654 —
745 1626 904 1664 sciamus
931 1626 1031 1669 item,
1059 1625 1372 1676 quemadmodum
1401 1625 1458 1674 (K
1474 1626 1549 1674 iiia)
1575 1640 1637 1677 per

109 1693 298 1731 hominem
334 1705 434 1729 mors
468 1695 672 1742 propagata
699 1695 766 1737 est,
792 1691 844 1728 ita
871 1703 935 1741 per
962 1690 1149 1728 hominem
1184 1690 1394 1728 restitutam
1421 1691 1532 1728 nobis
1559 1705 1639 1729 esse

109 1759 221 1797 etiam
247 1757 552 1795 resurrectionem
580 1757 626 1794 ad
654 1757 768 1793 vitam
797 1760 995 1794 aeternam.
1026 1755 1095 1792 Dei
1121 1756 1242 1793 Patris
1262 1755 1322 1793 hic
1340 1755 1634 1794 misericordiam

110 1823 348 1873 agnoscimus
386 1822 641 1873 supplicesque
682 1822 892 1867 adoramus,
928 1821 992 1872 qui
1027 1821 1146 1858 filium
1181 1834 1287 1858 suum
1324 1822 1557 1871 unigenitum
1594 1823 1634 1859 in

112 1899 260 1924 carnem
297 1888 463 1922 nostram
498 1885 698 1929 demiserit,
726 1888 765 1921 ut
792 1885 1001 1928 maceriam,
1031 1884 1152 1922 carnis
1179 1888 1329 1921 nostrae
1355 1889 1507 1934 peccato
1535 1897 1635 1922 erec-

111 1955 200 1993 tam,
227 1953 263 1986 et
279 1949 331 1986 ita
348 1952 518 1993 erectam,
537 1953 577 1986 ut
598 1962 660 1999 per
680 1961 749 1986 nos
762 1948 923 1986 'dissolvi
942 1949 1099 1999 amplius
1120 1962 1313 1999 nunquam
1332 1953 1469 2000 posset,
1482 1970 1532 1977 —-
1546 1949 1637 2001 ipse,

115 2014 314 2051 coniuncta
343 2012 421 2050 Deo
450 2013 576 2050 eadem
602 2013 683 2063 ipsa
713 2025 824 2049 carne
850 2016 991 2058 nostra,
1007 2013 1047 2050 in
1069 2026 1134 2050 suo
1154 2025 1309 2063 corpore
1326 2016 1446 2050 totam
1465 2012 1638 2059 dirueret,

113 2091 266 2128 nosque,
303 2081 340 2114 ut
368 2078 481 2115 frater
509 2081 635 2115 noster
663 2077 774 2114 nobis
802 2091 822 2114 a
848 2077 958 2115 Patre
986 2077 1064 2115 Deo
1092 2078 1130 2115 in
1159 2077 1281 2115 carnis
1309 2082 1459 2115 nostrae
1484 2077 1638 2128 partici-

112 2143 302 2194 pationem
340 2141 459 2187 datus,
494 2141 533 2179 in
570 2142 748 2179 victoriae
775 2142 884 2180 huius
913 2155 998 2180 suae
1027 2142 1325 2179 communionem
1350 2145 1392 2179 ut
1418 2141 1552 2179 fratres
1581 2142 1639 2179 vi-

115 2208 237 2245 cissim
269 2219 356 2244 suos
385 2219 451 2257 pro
478 2206 659 2243 ineffabili
687 2206 854 2244 bonitate
882 2220 947 2244 sua
975 2210 1136 2244 vocaret.
1168 2206 1412 2243 Manifestum
1438 2210 1493 2244 est
1512 2206 1639 2255 igitur,

117 2276 214 2310 stare
251 2271 445 2308 immotam
475 2270 682 2320 syllogismi
709 2271 828 2308 nostri
855 2271 1032 2308 traditam
1057 2271 1129 2308 tibi
1156 2269 1494 2313 ratiocinationem,
1529 2274 1640 2321 atquc

114 2336 206 2374 adeo
235 2349 312 2373 non
338 2335 520 2373 infirmari
545 2335 638 2372 locis
664 2335 752 2381 tuis,
779 2349 873 2386 quos
899 2335 956 2372 illi
982 2335 1153 2386 opponis,
1179 2339 1221 2372 ut
1248 2334 1359 2372 etiam
1388 2335 1639 2373 confirmetur.

117 2400 465 2450 Argumentationis
502 2403 645 2436 vestrae
670 2399 806 2436 vicium
833 2400 942 2450 paulo
970 2403 1080 2436 antea
1106 2398 1366 2444 indicavimus,
1392 2412 1465 2449 qua
1494 2399 1640 2447 colligi-

114 2464 176 2509 tis,
215 2464 397 2506 Christus,
425 2464 456 2501 si
483 2476 526 2501 ex
555 2476 663 2500 carne
690 2467 817 2500 nostra
844 2468 899 2501 est
926 2467 1047 2509 natus,
1074 2477 1094 2500 a
1121 2468 1272 2514 peccato
1301 2462 1412 2501 etiam
1438 2463 1640 2501 immunem

116 2541 196 2566 esse
232 2541 308 2565 non
342 2528 519 2578 potuisse,
554 2531 747 2577 propterea
774 2527 874 2577 quod
902 2527 1085 2565 Dominus
1112 2529 1191 2578 ipse
1219 2540 1367 2565 carnem
1394 2540 1473 2565 esse
1500 2528 1644 2572 doceat,

117 2591 300 2642 quidquid
329 2605 374 2629 ex
403 2604 512 2628 carne
541 2591 716 2629 nascitur.
756 2591 863 2628 Quae
889 2591 988 2628 enim
1016 2591 1060 2628 de
1089 2592 1209 2629 carnis
1237 2590 1429 2629 affectibus
1457 2591 1643 2629 Dominus

116 2655 292 2706 loquitur,
329 2669 371 2693 ea
408 2668 473 2692 vos
506 2655 552 2692 ad
591 2653 729 2702 car-(K
755 2654 894 2702 iiib)nis
931 2655 1178 2692 substantiam
1212 2656 1416 2693 transferre
1444 2655 1646 2700 conanimi,

119 2726 155 2758 et
192 2734 236 2758 ex
274 2734 383 2758 carne
420 2720 538 2764 nasci,
572 2719 670 2756 idem
707 2732 785 2757 esse
819 2719 1129 2769 interpretamini,
1165 2719 1265 2770 quod
1293 2733 1338 2757 ex
1365 2719 1515 2756 homine
1541 2719 1646 2758 iuxta

120 2784 303 2834 gignendi
330 2785 450 2834 legem
476 2784 695 2835 propagari3
725 2795 874 2820 carnem
901 2795 987 2820 vero
1014 2796 1106 2828 csse,
1133 2796 1210 2821 non
1236 2783 1310 2820 iam
1337 2783 1384 2820 ad
1414 2782 1535 2821 curnis
1554 2782 1643 2820 sub-
