1818 3178
600 125 652 154 DE
679 125 845 154 emus'm
875 123 1195 154 chRNATmNE.
1610 114 1656 150 45

137 228 212 275 des,
249 242 325 267 non
360 227 532 279 equidem
565 228 838 280 simplicitatem
873 229 928 278 (G
965 229 1037 277 vib)
1073 231 1224 279 praete
1259 226 1345 272 fers,
1371 224 1433 263 sed
1462 224 1660 268 inscitiam,

136 307 247 344 quam
281 294 357 332 tuis
391 293 504 330 etiam
539 295 795 332 commendare
833 294 991 339 conaris,
1028 297 1063 330 ct
1100 305 1212 330 ornas
1249 289 1498 342 simplicitatis
1533 288 1659 326 titulo.

136 358 326 395 Proferam
361 360 485 394 autem
509 357 581 394 tibi
607 359 815 409 exemplum
841 358 952 408 paulo
982 357 1154 402 crassius,
1182 368 1256 406 quo
1284 354 1431 392 facilius
1460 353 1660 391 discrimen

136 421 208 458 hoc
235 421 330 458 inter
358 420 632 470 simplicitatem
659 426 693 459 et
720 421 907 459 inscitiam
933 421 1092 471 perspici
1118 433 1139 457 a
1165 419 1240 457 tuis
1267 419 1397 470 possit.
1426 418 1483 456 Ac
1500 417 1661 468 primum

136 486 203 523 abs
228 489 265 523 te
292 498 480 535 quaeram,
507 485 685 536 quidnam
714 486 783 523 sub
813 486 935 523 carnis
964 485 1115 522 nomine
1132 484 1320 533 intelligat
1335 482 1552 534 Apostolus,
1574 481 1663 519 dum

136 550 200 595 ait,
237 563 313 587 non
349 550 430 587 fore
465 551 605 587 salvam
642 564 686 588 ex
724 550 898 601 operibus
934 549 1027 597 legis
1055 561 1204 586 omnem
1232 548 1407 585 carnem?
1460 548 1537 584 Aut
1565 545 1663 596 apud

134 614 361 664 Prophetam
392 615 488 651 Deus
515 613 603 664 ipse,
630 614 718 651 dum
745 614 816 651 ait:
846 613 1045 650 Effundam
1064 612 1108 649 de
1128 612 1270 662 Spiritu
1288 624 1370 649 meo
1389 624 1496 661 super
1515 623 1662 648 omnem

137 676 311 714 carnem?
349 676 386 713 N
391 689 439 713 on
466 677 634 725 negabis,
662 677 806 727 opinor,
834 675 1023 712 homiuem
1048 677 1172 711 totum
1201 674 1269 711 sub
1292 673 1414 711 carnis
1433 673 1584 710 nomine
1602 673 1662 710 in-

133 740 266 788 telligi.
296 740 451 786 Rursus,
476 740 543 778 ubi
570 740 692 777 Adam
721 740 766 777 de
793 739 871 777 Eva
899 751 944 776 ex
963 739 1077 775 latere
1095 750 1161 774 suo
1182 738 1342 775 formata
1360 737 1432 775 ait:
1454 737 1559 774 Haec
1578 749 1662 774 caro

137 803 182 841 de
211 816 320 842 carne
346 817 438 843 mea.
477 805 554 842 Aut
583 804 753 841 Christus
782 802 981 846 Dominus,
1008 801 1108 850 [ubi]
1139 815 1160 838 a
1189 801 1331 851 Spiritu
1359 814 1508 839 carnem
1535 800 1664 839 haberi

137 875 261 923 negat,
296 886 343 909 an
379 876 415 910 et
450 871 529 908 illic
566 883 713 908 carnem
746 883 813 920 pro
853 868 1003 906 homine
1042 867 1132 918 poni
1158 867 1336 918 putabis?
1364 881 1407 905 ac
1435 880 1511 905 non
1537 868 1663 918 potius

134 947 203 987 pro
230 937 309 987 ipsa
338 936 459 974 carnis
487 935 722 974 substantia?
777 935 967 971 Praeterea
996 933 1035 970 in
1062 933 1126 969 illa
1156 932 1225 970 Dei
1252 932 1349 983 apud
1379 932 1513 970 Mosen
1540 932 1664 983 queri-

135 1002 275 1047 monia,
308 1002 374 1038 ubi
410 1001 511 1039 Deus
547 1004 659 1050 negat
697 999 878 1050 Spiritum
913 1011 1021 1036 suum
1047 997 1088 1035 in
1116 997 1266 1034 homine
1292 1010 1577 1048 permansurum
1606 997 1664 1035 vel

137 1066 429 1117 disceptaturum
463 1078 554 1111 esse,
589 1068 783 1115 propterea
819 1063 920 1113 quod
957 1063 1005 1099 sit
1043 1074 1141 1107 car0,
1178 1075 1269 1098 num
1296 1061 1373 1098 illic
1400 1061 1489 1099 item
1518 1074 1664 1099 carnem

134 1135 199 1168 aut
234 1143 301 1181 pro
339 1130 501 1175 homine,
537 1133 601 1167 aut
639 1141 706 1179 pro
737 1129 859 1165 carnis
893 1127 1104 1164 substantia
1140 1126 1258 1176 accipi
1286 1129 1457 1176 oportere
1485 1125 1596 1171 dices,
1623 1138 1666 1162 ac

136 1209 213 1232 non
240 1208 308 1246 pro
338 1195 457 1232 carnis
485 1193 678 1231 affectibus
705 1193 858 1243 potius?
888 1194 969 1240 Age
997 1204 1097 1235 vero,
1124 1192 1156 1228 si
1183 1191 1267 1241 quis
1294 1203 1372 1228 uno
1400 1194 1511 1240 atque
1537 1190 1667 1227 eodem

135 1260 248 1297 modo
276 1259 331 1307 (G
359 1259 443 1306 viia)
473 1258 594 1295 carnis
623 1270 759 1295 nomen
786 1257 822 1294 in
854 1256 1030 1293 omuibus
1059 1255 1160 1293 hisce
1186 1255 1280 1292 locis
1308 1253 1571 1304 exponendum
1588 1266 1666 1291 esse

137 1323 389 1368 contenderet,
426 1326 536 1373 atque
564 1321 652 1358 huic
680 1333 766 1358 suae
792 1320 1095 1370 interpretationi
1122 1318 1399 1369 simplicitatem
1425 1321 1668 1368 praetexeret,

136 1389 235 1440 quod
273 1387 478 1439 simplicius
514 1400 593 1424 esse
621 1379 802 1431 videatur,
831 1385 862 1422 si
888 1397 1003 1422 unam
1030 1396 1172 1434 semper
1199 1382 1365 1421 eiusdem
1392 1382 1493 1420 vocis
1521 1381 1667 1430 signifi-

136 1453 321 1492 cationem
365 1452 604 1498 retineamus,
648 1463 760 1502 quam
805 1450 836 1487 si
873 1449 1093 1486 invehamus
1131 1446 1403 1498 interpretandi
1430 1446 1666 1492 varietatem;

135 1522 200 1556 aut
236 1518 268 1555 si
304 1529 452 1554 carnem
479 1528 546 1567 pro
577 1515 702 1553 carnis
732 1514 789 1551 vel
817 1513 1041 1559 substantia,
1069 1513 1126 1550 vel
1154 1511 1347 1549 affectibus
1376 1511 1474 1562 apud
1501 1510 1669 1561 Prophe-

134 1586 212 1620 tam
246 1585 459 1632 exponeret,
494 1579 560 1617 ubi
597 1578 642 1617 de
677 1578 882 1617 emittendo
920 1590 1029 1628 super
1066 1589 1215 1614 omnem
1253 1588 1401 1613 carnem
1438 1574 1572 1626 spiritu
1599 1587 1666 1612 suo

136 1646 238 1684 Deus
264 1645 443 1697 loquitur,
475 1647 587 1694 atque
612 1643 653 1681 in
681 1642 804 1680 verbis
829 1642 935 1680 Adae
961 1642 1051 1679 item
1077 1641 1124 1678 ad
1152 1640 1286 1685 Evam,
1316 1652 1465 1687 carnem
1491 1651 1559 1689 pro
1585 1642 1667 1676 toto

136 1709 287 1746 homine
313 1707 483 1759 accipiat,
507 1728 558 1735 -—
585 1706 668 1744 eine
693 1710 736 1744 tu
761 1705 944 1744 tribueres
973 1704 1261 1756 simplicitatem,
1278 1717 1326 1742 an
1348 1716 1432 1741 vero
1452 1703 1666 1741 inscitiam?

136 1771 322 1823 Equidem
356 1776 393 1809 te
428 1771 480 1808 ita
516 1770 707 1821 stupidum
743 1783 823 1808 esse
859 1782 938 1807 non
972 1773 1077 1820 puto,
1111 1773 1154 1807 ut
1181 1768 1242 1806 hic
1268 1769 1365 1806 inter
1394 1769 1668 1820 simplicitatem

136 1842 173 1875 et
209 1835 396 1873 inscitiam
436 1835 634 1873 discrimen
670 1835 749 1886 ipse
785 1838 946 1872 statuere
982 1847 1059 1871 non
1094 1834 1227 1885 possis.
1282 1833 1344 1871 Ad
1370 1834 1529 1872 eundem
1555 1847 1668 1885 porro

136 1899 303 1944 modum,
337 1900 368 1936 si
404 1899 499 1949 quis,
536 1899 705 1948 neglecta
741 1899 781 1936 in
819 1898 940 1941 carnis
977 1911 1068 1936 voce
1095 1911 1137 1936 ea
1165 1897 1451 1947 significationis
1479 1899 1669 1945 varietate,

137 1965 189 2002 ita
227 1963 366 2001 Christi
402 1963 625 2000 sententiam
651 1963 755 2000 illam
781 1963 1057 2013 interpretetur,
1083 1975 1156 2013 qua
1185 1962 1372 2009 docemur,
1402 1975 1550 2000 carnem
1577 1976 1668 2009 esse,

138 2027 321 2080 quidquid
358 2040 404 2065 ex
433 2039 543 2064 carne
572 2030 701 2064 natum
727 2032 795 2073 est,
833 2032 874 2064 ut
901 2027 974 2064 alio
1003 2027 1086 2064 loco
1116 2027 1185 2064 sub
1215 2027 1336 2065 carnis
1364 2028 1516 2065 nomine
1545 2027 1667 2065 caruis

139 2092 388 2132 substantiam
415 2092 614 2141 intelligat,
640 2091 714 2130 alio
742 2105 829 2130 vero
858 2091 979 2129 carnis
1007 2091 1157 2129 affectus
1186 2104 1251 2129 seu
1274 2091 1479 2140 ingenium,
1498 2091 1610 2142 idque
1627 2092 1667 2129 in

136 2159 265 2198 eadem
290 2157 558 2210 propositione,
585 2161 619 2195 et
646 2162 732 2208 post
757 2162 836 2195 tam
861 2156 1089 2207 praeclaram
1116 2156 1462 2206 interpretationem
1482 2156 1667 2205 dogmatis

139 2225 215 2262 suis
243 2224 340 2261 hanc
368 2222 508 2260 Christi
536 2222 758 2260 sententiam
783 2226 986 2272 praetexat,
1013 2234 1145 2260 eumne
1166 2225 1209 2259 tu
1228 2221 1433 2271 simplicem
1454 2221 1668 2272 Scripturae

136 2285 376 2338 interpre-(G
405 2285 569 2333 vii¹›)ten1
595 2285 815 2335 fidelemque
843 2284 1031 2321 Ecclesiae
1057 2283 1259 2321 Doctorem
1285 2283 1463 2334 putabis?
1500 2286 1551 2321 At
1579 2297 1665 2322 vero

140 2352 212 2390 hoc
238 2351 360 2402 ipsum
387 2362 456 2387 nos
486 2349 592 2387 docet
621 2348 836 2395 Dialectica,
863 2353 903 2386 ut
932 2348 1029 2386 hanc
1055 2348 1093 2385 in
1122 2347 1512 2397 argumentationibus
1543 2357 1666 2389 πολυ-

139 2420 334 2465 ommim
371 2427 448 2452 non
485 2413 719 2464 recipiamus,
753 2418 949 2464 propterea
984 2413 1085 2464 quod
1122 2413 1234 2450 faciat
1265 2413 1440 2450 riciosam
1468 2427 1666 2462 argumen-

137 2481 331 2520 tationem.
370 2479 519 2518 Quodsi
547 2478 796 2530 simplicitatis
824 2483 878 2516 est
907 2478 999 2515 vicia
1029 2492 1104 2515 uon
1134 2477 1340 2523 admittere,
1369 2478 1430 2515 sed
1460 2491 1550 2529 pure
1565 2483 1666 2516 trac-

138 2550 219 2584 tare
256 2545 479 2596 Scripturas,
514 2543 687 2594 equidem
714 2556 849 2591 negare
877 2556 952 2580 non
980 2543 1120 2593 poteris
1150 2556 1255 2580 usum
1283 2542 1508 2591 Dialecticae
1538 2543 1666 2581 utilem

140 2624 220 2649 esse
255 2609 301 2648 ad
337 2608 572 2648 retinendam
608 2607 883 2657 simplicitatem
919 2607 954 2645 in
996 2608 1196 2644 Sacrorum
1231 2607 1490 2658 explicatione,
1526 2614 1559 2645 el·
1590 2621 1662 2646 non

139 2680 217 2714 tam
255 2675 530 2726 simplicitatem
567 2673 683 2710 amari
711 2672 757 2709 ab
786 2671 844 2717 iis,
871 2672 935 2722 qui
962 2676 1025 2709 aut
1052 2672 1265 2721 linguarum
1294 2677 1357 2710 aut
1386 2672 1666 2723 disciplinarum

139 2752 249 2777 usum
277 2739 467 2785 damnant,
496 2738 558 2776 sed
586 2737 774 2775 inscitiam
801 2737 938 2787 potius,
964 2750 1088 2787 quam,
1114 2741 1155 2774 ut
1183 2736 1340 2775 honesto
1368 2737 1493 2788 aliquo
1517 2737 1666 2776 nomine

141 2809 288 2850 ornent,
315 2803 590 2854 simplicitatem
625 2806 772 2840 vocant.
828 2801 959 2851 Neque
986 2801 1058 2839 alia
1085 2801 1181 2839 ratio
1209 2806 1264 2839 est
1291 2802 1330 2840 iu
1358 2806 1665 2850 argumentorum

141 2868 376 2907 formatione.
427 2867 641 2918 Simplicius
669 2866 788 2912 docet,
823 2864 886 2915 qui
924 2865 1081 2903 redactis
1117 2865 1157 2903 in
1185 2865 1445 2916 compendium
1474 2865 1595 2910 verbis
1623 2878 1666 2907 ac
