1818 3178
580 141 631 167 DE
660 142 747 170 FUG.
778 143 926 171 PAPIST.
956 144 1106 172 SACRIS.

75 240 166 275 tunc
201 238 416 276 liberabunt
444 253 481 277 se
511 242 627 291 eulpa,
654 256 729 281 non
758 244 811 282 le-

75 302 168 339 viter
195 316 232 340 se
250 303 320 341 Dei
338 316 473 341 nomen
491 305 676 350 invocare,
694 322 808 358 quum

74 365 128 402 sic
164 365 430 412 decantantur,
474 372 516 405 ut
552 382 616 407 eos
652 372 813 410 maxima

74 441 118 466 ex
151 434 255 479 parte
290 429 361 480 ipsi
395 437 564 470 cantores
602 448 677 473 non
705 436 809 473 intel·

74 492 204 541 ligant,
231 494 348 531 multo
375 495 512 540 minus,
539 501 581 534 ut
601 499 647 535 ab
668 500 814 537 audito-

73 556 188 602 ribus,
216 557 292 594 sive
320 564 426 596 coetu
454 560 613 610 intelligi
641 564 811 612 possint?

74 620 185 665 Nam,
220 626 262 659 ut
299 622 343 660 de
369 625 633 673 peregrinitate
659 627 809 677 linguae

71 689 226 731 taceam,
262 699 373 736 quam
411 689 489 727 Set.
518 690 655 728 Paulus
681 692 721 729 in
750 705 810 728 or-

73 749 216 786 dinaria
251 757 377 788 coetus
415 754 594 792 concione
630 756 750 804 rejicit
779 757 811 802 5)

72 814 126 860 (et
163 812 377 853 hauddubie
415 829 479 853 sua
507 831 655 868 quoque
680 819 812 869 impie-

72 880 147 914 tate
190 891 264 916 non
314 882 441 928 caret),
488 883 545 919 vel
589 883 641 920 sic
683 887 807 920 tamen

71 941 209 978 stridor
252 947 466 990 cantorum,
514 947 695 996 crepitus,
730 947 806 983 fra-

71 1018 161 1053 gor,
206 1007 336 1044 sibilus
383 1012 493 1059 atque
529 1010 669 1047 clamor
708 1010 805 1047 haud

70 1069 364 1119 intelligibilium
420 1074 612 1111 verborum
662 1088 807 1112 omnem

71 1134 170 1182 ejus,
230 1136 330 1185 quod
376 1137 539 1183 canitur,
582 1138 812 1176 intellectum

71 1198 258 1248 prohibet,
301 1201 394 1238 adeo
440 1206 481 1239 ut
516 1215 642 1240 revera
678 1203 812 1253 psalmi

71 1262 210 1300 ibidem
228 1264 392 1302 intonari
409 1266 533 1315 potius
552 1270 662 1317 atque
682 1267 811 1311 halari,

70 1339 182 1376 quam
215 1328 403 1367 decantari
431 1330 638 1376 videantur,
671 1332 807 1369 nedum

69 1395 111 1428 ut
138 1391 211 1440 legi
238 1397 349 1443 atque
375 1395 610 1444 pronuntiari
630 1395 703 1433 dici
720 1409 808 1447 pos-

68 1459 161 1493 sent.
216 1456 323 1494 Quae
357 1458 483 1495 omnia
517 1472 632 1510 quum
666 1460 807 1511 absque

70 1518 248 1557 dedecore
274 1521 378 1558 verbi
405 1522 485 1566 Dei,
512 1523 613 1574 quod
639 1524 679 1562 in
707 1525 808 1575 prio-

67 1582 118 1620 ris
154 1584 304 1623 tabulae
339 1587 448 1624 tertio
482 1593 679 1639 praecepto
708 1593 809 1627 veta—

67 1661 161 1693 mur,
206 1650 286 1687 fieri
329 1658 530 1702 nequeunt,
574 1666 652 1691 non
688 1654 807 1700 video,

68 1715 255 1763 quomodo
301 1716 428 1754 Horae
465 1718 550 1755 illae
583 1718 805 1769 Papisticae,

67 1777 179 1828 inque
212 1779 259 1816 iis
300 1780 534 1819 Psalmorum
569 1783 631 1821 ille
667 1784 805 1821 stridor

67 1845 178 1892 atque
231 1843 389 1891 clamor,
424 1859 559 1895 magna
603 1847 804 1898 impietatis

68 1906 188 1956 eulpa,
213 1907 289 1944 imo
316 1909 426 1946 etiam
447 1923 545 1948 mera
573 1911 802 1962 blasphemia

67 1973 152 2018 (19)
189 1971 351 2017 liberari,
393 1975 511 2012 multo
547 1976 672 2013 minus
706 1977 804 2014 inter

67 2036 205 2074 liberas
232 2042 268 2075 et
296 2038 435 2076 medias
462 2053 521 2077 res
545 2041 733 2078 numerari
751 2046 808 2079 at-

68 2114 140 2151 que
184 2102 368 2139 recenseri
409 2108 553 2153 posset3
599 2106 657 2142 vel
696 2105 806 2142 etiam

66 2164 253 2213 quomodo
300 2164 412 2202 homo
457 2165 703 2212 Christianus,
743 2168 803 2205 cui

65 2226 215 2264 illarum
258 2227 428 2278 impietus
476 2234 563 2266 nota
599 2235 666 2275 est,
704 2231 801 2269 bona

67 2292 295 2329 conscientia
349 2297 459 2343 atque
511 2306 590 2330 eum
642 2295 805 2346 Papismi

67 2356 374 2402 dissimulatione,
414 2358 460 2395 iis
504 2359 680 2397 interesse
713 2374 801 2410 pos-

68 2421 128 2459 sit.

69 2869 90 2872 “
107 2890 135 2930 ⁵)
160 2890 176 2923 1
201 2871 331 2925 dosii,

1560 135 1606 170 83

864 244 957 282 ende
984 245 1056 282 kan
1075 245 1295 294 gheenszins
1314 243 1451 280 zonder
1469 246 1600 291 groote

859 310 1117 357 godlooszheit
1143 308 1409 358 gheschiehen:
1431 308 1501 344 hoe
1517 307 1596 344 zul-

865 374 924 411 len
961 387 1005 423 zy
1041 373 1121 410 zick
1158 373 1330 411 dannoch
1359 373 1422 410 der
1449 371 1598 409 schuldt

869 439 933 486 vrij
962 437 1108 481 maken,
1137 437 1198 474 dat
1227 450 1270 486 zy
1298 437 1374 474 niet
1402 436 1470 473 den
1491 448 1598 473 naem

868 500 993 538 Godes
1020 500 1349 549 lichtufirdighlick
1376 501 1595 550 anroupen?

865 563 982 612 dewijl
1018 577 1102 601 men
1135 578 1176 602 ze
1212 566 1291 601 alzo
1325 565 1441 614 zingt,
1470 564 1531 601 dat
1558 576 1599 601 ze

860 632 923 666 ten
949 633 1112 666 meesten
1131 629 1231 666 deele
1259 630 1302 667 de
1326 629 1508 677 zanghers
1525 629 1598 666 zel-

861 705 908 729 ue
944 693 1020 730 niet
1047 698 1227 739 verstaem
1256 694 1333 731 veel
1360 694 1437 730 min
1465 693 1528 730 dat
1555 706 1599 742 zy

864 769 936 793 van
981 755 1050 793 den
1097 756 1276 794 hom-eren
1316 758 1358 794 of
1389 757 1601 806 ghemeinte

865 823 1034 856 verstaen
1067 821 1203 867 mogh&
1230 821 1401 858 werden?
1431 826 1526 858 want
1554 834 1599 871 op

860 883 923 921 dat
941 883 1003 920 iek
1021 884 1119 920 noeh
1132 885 1282 933 zwijghe
1295 899 1364 922 van
1385 885 1448 922 der
1461 890 1598 923 vremt-

859 947 935 984 heit
969 947 1033 984 der
1069 948 1212 998 sprake,
1240 948 1298 985 die
1327 950 1363 987 S.
1392 950 1529 987 Paulus
1555 950 1596 988 in

859 1011 922 1048 der
955 1011 1180 1062 ghemeyner
1214 1017 1252 1050 te
1280 1013 1507 1064 hoopkomst
1535 1015 1598 1052 der

865 1075 1096 1125 Ghemeynte
1146 1079 1323 1128 verwzirpt
1351 1080 1395 1125 ὅ),
1440 1079 1534 1116 ende
1569 1080 1601 1117 is

865 1139 961 1176 oock
988 1141 1267 1189 onghetwijfelt‚
1295 1142 1372 1179 niet
1398 1143 1506 1179 zoder
1534 1143 1602 1180 hor

863 1204 1135 1252 godlooszheit,
1162 1218 1204 1241 zo
1234 1206 1402 1244 beneemt
1419 1207 1482 1244 het
1501 1207 1601 1244 krie-

863 1269 976 1306 schen
1004 1269 1068 1306 der
1095 1269 1291 1319 zanghere,
1319 1271 1380 1308 het
1409 1271 1599 1317 bolderen,

859 1333 987 1379 lullen,
1019 1337 1231 1384 tournoyen
1268 1335 1362 1372 ende
1398 1337 1599 1374 rammelen

863 1397 926 1435 der
971 1399 1316 1436 onverstandlicker
1351 1401 1497 1438 worden
1536 1401 1598 1439 het

857 1466 992 1511 gantze
1017 1463 1208 1501 verstandt
1228 1463 1325 1510 desz,
1350 1464 1413 1501 dat
1431 1464 1595 1513 ghezon-

861 1525 960 1574 ghen
1015 1527 1147 1564 werdt:
1193 1528 1273 1564 alzo
1320 1528 1383 1566 dat
1427 1529 1597 1566 waerlick

863 1591 1012 1639 sehijnt,
1048 1591 1111 1628 dat
1140 1592 1184 1629 de
1211 1593 1377 1642 psalmen
1406 1593 1492 1631 daer
1520 1594 1598 1631 veel

859 1669 958 1693 meer
1010 1656 1246 1706 ghedonnert
1290 1658 1384 1695 ende
1427 1659 1597 1706 gheblzttt

857 1720 1001 1758 werden
1039 1721 1111 1758 dan
1146 1722 1405 1772 ghezonghen,
1434 1737 1537 1761 verre
1562 1725 1594 1762 is

857 1784 920 1822 het
949 1785 1011 1823 dat
1034 1799 1117 1823 men
1137 1787 1304 1836 zegghen
1324 1788 1483 1834 moehte,
1502 1789 1594 1838 ghe-

856 1849 959 1886 lezen
987 1851 1029 1887 of
1052 1850 1347 1901 wtghesproken.
1386 1852 1515 1901 Dcwijl
1542 1867 1593 1890 nu

857 1913 912 1950 dit
939 1914 1028 1951 alles
1065 1915 1204 1952 zonder
1240 1920 1371 1964 groote
1398 1917 1595 1967 onteering

859 1978 921 2015 des
957 1979 1130 2027 godlicke
1167 1981 1319 2026 wordes,
1354 1982 1488 2019 welcke
1525 1995 1592 2019 ons

861 2043 901 2079 in
931 2043 993 2081 der
1020 2048 1162 2082 eersten
1189 2046 1327 2083 tafelen
1349 2046 1484 2084 derden
1502 2047 1593 2095 ghe-

859 2106 955 2144 bode
984 2108 1172 2146 verboden
1199 2110 1244 2154 is,
1262 2109 1482 2157 gheenszins
1500 2111 1590 2159 ghe-

855 2169 1029 2208 schiehen
1058 2170 1143 2215 kan,
1171 2184 1213 2208 zo
1241 2172 1296 2209 zie
1322 2173 1383 2209 iel<
1412 2174 1499 2219 niet,
1521 2175 1592 2212 hoe

855 2232 943 2270 deze
969 2234 1196 2284 pauwstsche
1217 2236 1406 2284 ghetijden
1426 2238 1519 2275 ende
1538 2238 1594 2275 dit

857 2298 1211 2347 psalmmkrieschen
1231 2300 1325 2337 ende
1343 2301 1532 2339 donneren
1553 2302 1591 2340 in

855 2362 926 2413 den
975 2364 1116 2407 zeluen,
1151 2377 1223 2402 van
1258 2370 1408 2414 grooter
1445 2367 1593 2404 schuldt

855 2427 919 2464 der
945 2428 1213 2476 godlooszheit,
1236 2430 1276 2478 ja
1304 2430 1398 2467 oock
1427 2445 1497 2469 van
1525 2446 1590 2470 en-

853 2490 954 2528 keler
976 2492 1299 2543 blas·(l9)phemy
1320 2494 1490 2544 beurijdt,
1513 2498 1591 2534 veel

852 2555 942 2600 min,
969 2555 1085 2593 onder
1112 2558 1200 2605 v1·ije
1227 2558 1320 2596 ende
1344 2560 1484 2598 middel
1506 2561 1589 2599 din-

855 2616 955 2664 ghen
989 2617 1131 2666 ghetelt
1163 2619 1256 2657 ende
1280 2621 1486 2670 gherekent
1513 2623 1591 2660 zol-

857 2679 927 2717 den
955 2680 1103 2719 konnen
1132 2683 1298 2722 werden:
1321 2685 1414 2722 ende
1444 2686 1505 2723 dat
1523 2699 1589 2723 een

858 2744 1030 2783 Christen
1065 2748 1231 2795 mensch,
1268 2748 1351 2787 dien
1381 2751 1444 2787 der
1470 2751 1592 2788 zeluer

852 2808 1111 2856 godlooszheit
1139 2811 1277 2850 bekent
1295 2813 1339 2859 is,
1358 2813 1426 2851 mit
1444 2814 1588 2863 goeden

1394 2944 1441 2981 6*
