1818 3178
750 78 809 107 ΕΡ.
837 76 984 106 noc'rn.
1557 59 1630 97 553

110 189 149 227 in
179 187 329 225 Christo
355 196 517 228 manere,
543 182 679 234 inquit,
706 181 816 219 debet
844 179 942 218 sicut
968 179 1032 216 ille
1048 175 1258 216 ambulavit
1275 174 1409 226 etipse
1427 171 1634 211 ambulare.

112 253 216 291 Hinc
242 251 351 290 facile
376 248 504 298 colligi
521 250 679 299 possunt
694 245 828 297 reliqui
845 257 981 282 coenae
1000 241 1211 281 dominicae
1230 241 1336 284 fines,
1354 250 1486 289 nempe
1505 235 1637 287 pietas,

113 317 263 356 dilectio
291 319 420 354 mutua
447 318 484 351 et
511 313 617 351 verbi
644 311 761 349 divini
789 308 1015 348 obedientia.
1056 307 1104 344 In
1131 306 1191 343 his
1218 305 1316 343 enim
1347 304 1425 341 vult
1454 301 1637 339 Dominus

114 384 206 434 ipse,
239 386 281 419 ut
317 393 381 418 sua
418 391 616 430 sequamur
643 376 802 426 vestigia
832 375 863 413 si
890 374 936 412 ad
966 386 1004 411 se
1031 372 1204 409 volumus
1231 370 1342 408 etiam
1370 365 1636 419 quoquomodo

114 446 311 498 pertinere.
365 444 525 481 Peccant
553 442 667 491 igitur
695 440 873 478 adversus
902 449 1037 475 coenae
1065 435 1275 473 dominicae
1302 432 1537 482 dignitatem.
1563 430 1641 468 imo

116 523 203 550 vero
230 509 408 547 adversus
434 508 555 558 ipsum
586 518 720 556 corpus
749 502 890 541 Christi
918 500 1085 541 Domini.
1111 499 1175 551 qui
1202 498 1304 536 illius
1340 495 1642 534 communionem

117 575 354 619 dedecorant,
388 572 476 610 dum
505 571 574 608 lios
603 571 695 607 fines
721 568 761 606 in
791 580 927 604 coenae
954 578 1023 603 usu
1051 577 1127 602 non
1154 575 1221 614 pro
1250 574 1292 599 eo
1320 574 1363 598 ac
1390 573 1551 611 aequum
1578 562 1646 604 est,

119 639 334 676 observant.
372 637 534 674 Peccant
561 635 651 672 item
678 632 743 684 qui
770 631 863 669 tales
891 630 930 667 in
960 641 1095 667 coenae
1124 625 1388 665 contumeliam
1418 624 1576 662 scientes
1602 634 1647 660 ac

119 705 284 742 volentes
323 702 370 739 ad
406 714 517 738 usum
542 700 646 737 illius
673 692 893 736 admittunt.
947 693 1174 731 Eorumdem
1202 704 1316 743 porro
1345 703 1415 728 nos
1443 689 1649 726 admonent

118 770 232 808 etiam
260 768 518 818 symbolorum
546 763 761 813 allegoriae.
792 758 1125 800 Quemadmodum
1152 756 1252 794 enim
1279 755 1387 807 panis
1416 753 1552 792 confici
1572 765 1649 790 non

119 837 243 885 potest
279 831 353 869 nisi
388 830 555 868 collectis
593 829 632 866 in
668 840 786 864 unum
814 824 943 862 multis
970 822 1112 873 granis,
1139 834 1260 872 neque
1288 820 1416 857 vinum
1445 818 1549 861 item,
1577 814 1650 853 nisi

121 911 140 935 e
168 896 296 934 multis
317 893 581 944 botryonibus,
608 892 658 929 ita
688 890 866 927 docemur
893 886 1012 925 nostri
1040 885 1150 923 officii
1176 897 1270 928 esse,
1297 887 1337 921 ut
1365 882 1429 933 qui
1458 881 1503 919 de
1521 880 1651 919 eodem

120 975 217 1014 pane
251 961 410 1003 edimus,
445 958 556 996 unius
594 969 663 994 nos
698 954 806 1006 panis
842 965 960 1002 grana
987 951 1025 988 in
1054 963 1171 988 unum
1200 943 1366 986 ‘collecta
1402 951 1514 997 atque
1541 944 1654 983 unius

123 1025 290 1078 corporis
326 1024 492 1062 membra
529 1035 609 1060 esse
643 1033 708 1071 per
745 1023 916 1056 mutuam
949 1016 1110 1054 invicem
1139 1013 1379 1052 dilectionem
1407 1012 1656 1049 declaremus.

125 1092 312 1130 Docemur
347 1089 435 1126 item
466 1088 556 1125 satis
585 1099 662 1124 non
691 1097 782 1130 esse,
810 1087 852 1120 ut
881 1095 950 1120 nos
978 1081 1143 1118 humano
1172 1078 1336 1130 quodam
1364 1076 1497 1115 affectu
1525 1079 1654 1113 mutuo

125 1156 341 1206 diligamus,
395 1150 727 1191 Quemadmodum
764 1148 862 1186 enim
899 1147 939 1184 in
975 1158 1070 1196 pane
1107 1143 1342 1182 conficiendo
1368 1141 1458 1179 satis
1487 1154 1561 1178 non
1590 1143 1660 1184 est.

125 1234 245 1272 grana
274 1219 391 1257 multa
420 1218 460 1255 in
487 1229 603 1254 unum
633 1225 860 1265 quocunque
888 1210 1001 1248 modo
1030 1208 1239 1257 collegisse,
1268 1206 1331 1244 sed
1360 1205 1450 1257 poni
1472 1205 1539 1242 sub
1560 1204 1660 1241 mola

128 1287 295 1336 adeoque
330 1288 367 1322 et
396 1282 539 1320 conteri
567 1282 715 1331 oportet
743 1276 886 1320 omnia,
913 1275 946 1313 si
974 1275 1095 1312 bonus
1122 1273 1231 1324 panis
1260 1285 1340 1309 esse
1368 1270 1514 1315 debeat,
1540 1269 1592 1307 ita
1620 1268 1661 1307 in

129 1350 240 1389 nobis
277 1348 420 1387 conteri
456 1350 630 1398 oportere
657 1344 769 1381 etiam
799 1354 929 1380 omnes
958 1339 1081 1378 carnis
1109 1346 1260 1376 nostrae
1288 1336 1439 1374 affectus
1466 1348 1530 1387 per
1557 1333 1662 1372 verbi

128 1414 249 1453 divini
283 1414 435 1458 molam,
471 1417 511 1449 ut
547 1410 584 1448 in
622 1409 688 1446 illo
726 1408 807 1445 solo
845 1418 914 1444 nos
949 1409 1120 1442 mutuum
1156 1415 1323 1440 amemus
1359 1405 1393 1439 et
1421 1404 1527 1438 extra
1566 1398 1660 1436 illud

128 1480 269 1519 nullam
298 1478 451 1516 omnino
481 1475 697 1514 societatem
724 1484 986 1522 agnoscamus.
1015 1469 1274 1507 Admonemur
1292 1470 1479 1518 praeterea
1500 1468 1662 1516 quanto-

129 1557 216 1598 pere
243 1556 312 1581 nos
340 1546 472 1580 mutuo
500 1552 625 1578 amare
653 1538 764 1576 simul
791 1537 844 1574 ita
874 1534 1023 1573 collecti
1051 1533 1268 1571 debeamus.
1297 1530 1430 1581 Neque
1449 1528 1549 1567 enim
1572 1528 1664 1566 satis

133 1615 189 1649 est
218 1609 248 1647 si
276 1607 385 1660 panis
412 1605 493 1644 fieri
522 1603 669 1647 debeat,
694 1606 736 1639 ut
764 1600 921 1638 collecta
948 1599 988 1637 in
1018 1610 1135 1636 unum
1162 1609 1279 1646 grana
1308 1594 1377 1632 sub
1405 1594 1505 1631 mola
1535 1596 1664 1630 conte-

131 1679 275 1717 rantur,
304 1672 366 1710 sed
395 1683 488 1722 quae
517 1667 749 1705 comminuta
778 1668 867 1703 sunt
893 1664 933 1701 in
961 1666 1106 1714 pastam
1134 1660 1256 1709 redigi
1284 1658 1411 1696 addita
1441 1671 1536 1708 aqua
1554 1669 1665 1708 opor-

132 1744 198 1785 tet,
232 1738 284 1776 ita
321 1741 355 1774 et
392 1748 462 1773 nos
499 1736 662 1771 statuere
699 1730 877 1768 debemus
915 1732 1086 1765 nostrum
1116 1738 1208 1769 esse,
1234 1727 1276 1762 ut
1302 1723 1343 1760 in
1371 1735 1488 1760 unum
1518 1721 1666 1759 collecti

135 1815 273 1841 coenae
309 1798 521 1838 dominicae
555 1794 775 1833 testimonio
814 1791 1068 1843 depositisque
1096 1788 1292 1827 affectibus
1321 1786 1462 1825 nostris
1490 1785 1668 1823 omnibus

134 1869 172 1907 in
205 1880 316 1905 unam
343 1868 484 1916 partem
515 1874 645 1899 omnes
673 1860 784 1897 etiam
812 1870 877 1909 per
907 1856 1089 1908 Spiritum
1129 1858 1299 1891 sanctum
1329 1853 1381 1890 ita
1409 1851 1446 1889 in
1476 1851 1582 1889 verbi
1610 1850 1668 1888 di-

136 1932 214 1970 vini
251 1928 463 1968 obedientia
501 1925 766 1969 coadunemur,
802 1927 843 1960 ut
880 1921 927 1959 ab
964 1920 1124 1957 invicem
1165 1916 1327 1955 discerni
1355 1915 1529 1966 deinceps
1557 1914 1669 1952 dissi·

137 1997 292 2049 parique
320 2006 395 2031 non
424 1990 611 2042 possimus
639 1992 675 2026 et
703 1987 748 2024 ad
778 1999 906 2024 omnes
936 1984 1049 2022 simul
1077 1983 1189 2021 etiam
1217 1980 1404 2032 pertinere
1430 1979 1585 2017 omnino
1607 1992 1669 2016 co-

138 2061 314 2111 gitamus,
351 2053 535 2108 quidquid
573 2052 630 2089 vel
666 2050 716 2105 ad·
748 2048 946 2087 minimum
976 2059 1159 2098 quemque
1186 2049 1357 2083 nostrum
1385 2042 1558 2094 pertinet,
1586 2042 1670 2094 qui·

141 2137 287 2175 cunque
314 2134 383 2160 nos
412 2131 549 2157 coenae
578 2130 646 2155 usu
675 2115 786 2153 unius
816 2112 983 2165 corporis
1013 2111 1177 2149 membra
1206 2123 1286 2147 esse
1313 2109 1542 2160 profitemur.
1589 2107 1671 2145 Ad-

141 2191 232 2228 haec
267 2183 584 2239 quemadmodum
620 2181 700 2230 igni
727 2179 864 2219 torreri
900 2182 1046 2230 pastam
1075 2180 1222 2227 oportet
1248 2179 1290 2213 ut
1316 2173 1424 2225 panis
1452 2175 1531 2219 fiat,
1556 2173 1608 2210 ita
1636 2177 1673 2211 et

144 2267 213 2292 nos
249 2251 462 2300 intelligere
499 2248 676 2286 debemus
706 2245 786 2283 sine
813 2242 1082 2282 afflictionibus
1111 2240 1171 2277 hic
1200 2253 1269 2277 nos
1298 2239 1420 2276 vivere
1448 2250 1525 2275 non
1551 2251 1674 2289 posse,

143 2319 232 2357 dum
268 2316 382 2354 unius
410 2327 493 2351 cum
523 2310 687 2349 Domino
715 2309 824 2361 panis
854 2320 935 2345 esse
963 2306 1171 2349 studemus,
1197 2309 1233 2342 et
1260 2302 1413 2355 perinde
1441 2315 1510 2340 nos
1539 2302 1674 2340 debere

143 2384 289 2422 animos
326 2383 475 2418 nostros
512 2377 558 2414 ad
586 2389 735 2414 omnem
764 2372 981 2425 patientiam
1020 2382 1256 2422 praeparare,
1283 2373 1323 2406 ut
1352 2380 1422 2406 nos
1451 2367 1513 2405 hic
1543 2367 1673 2405 mundi

145 2448 255 2486 huius
291 2443 558 2484 afflictionibus
595 2439 732 2478 torreri
765 2437 966 2490 patiamur,
1001 2436 1033 2473 si
1069 2435 1121 2473 ita
1157 2434 1342 2471 Dominus
1371 2433 1472 2478 velit,
1498 2432 1545 2470 ad
1571 2431 1674 2469 illius

146 2511 310 2552 nominis
354 2508 512 2557 gloriam
559 2510 594 2542 et
635 2502 826 2541 Ecclesiae
863 2514 950 2539 suae
985 2497 1297 2537 aedificationem.
1352 2496 1544 2534 Postremo
1579 2495 1675 2533 illud

146 2588 294 2629 quoque
331 2571 591 2621 symbolorum
626 2568 664 2605 in
695 2579 810 2604 coena
839 2563 1017 2613 allegoria
1045 2574 1254 2605 monemur,
1280 2565 1334 2605 ut,
1361 2559 1676 2611 quemadmodum

147 2639 309 2679 mundus
337 2636 445 2688 panis
472 2633 603 2671 haberi
631 2644 708 2670 non
736 2634 861 2682 potest
886 2629 985 2676 (51),
1013 2626 1087 2665 nisi
1116 2625 1230 2663 crassi
1243 2624 1408 2662 furfures
1427 2636 1557 2661 omnes
1578 2636 1597 2660 a
1618 2635 1676 2660 re-

146 2707 249 2757 liqua
269 2703 388 2742 farina
407 2702 661 2742 secernantur,
689 2696 740 2734 ita
769 2699 806 2732 et
832 2707 901 2731 nos
929 2705 1076 2730 crassos
1101 2691 1264 2729 furfures
1283 2693 1432 2727 nostros
1453 2701 1473 2725 a
1493 2688 1604 2725 nobis
1620 2701 1676 2725 se-

150 2781 356 2814 cernamus,
382 2766 446 2817 qui
475 2776 635 2802 massam
663 2765 781 2800 totam
821 2772 885 2797 sua
924 2756 1140 2808 impuritate
1166 2755 1407 2797 labefactant.
1435 2753 1465 2791 si
1493 2752 1675 2790 mundum

150 2834 305 2874 Domini
348 2843 482 2883 panem
529 2827 707 2866 exhibere
750 2837 818 2862 nos
862 2825 901 2861 in
937 2822 1038 2860 illius
1077 2833 1191 2859 coena
1225 2820 1398 2858 volumus
1437 2822 1473 2856 et
1511 2817 1678 2869 corporis
