1818 3178
172 161 364 192 LXXXVIII
804 152 1044 182 PRAEFATIO.

172 268 262 310 fieri
307 266 423 316 solet,
469 262 627 319 quoties
665 274 762 301 cuin
793 260 854 300 ira
884 264 926 299 et
956 255 1099 298 studiis
1129 256 1412 313 disputantur,
1456 269 1562 311 quae
1592 255 1678 299 sola

175 339 344 382 historia
374 335 597 379 diiudicare
628 338 666 374 et
695 331 891 373 dirimere
922 336 1055 386 potest
1086 327 1134 385 ¹).

231 549 320 591 lam
363 546 413 588 ad
454 543 765 588 catechismum
811 539 1063 589 Emdanum‚
1109 537 1277 593 proprie
1317 537 1375 580 sic
1417 536 1588 591 dictum,
1621 539 1686 582 de·

175 620 431 667 scendamUS,
462 617 533 673 qui
565 631 601 658 a.
636 615 746 657 1554
778 628 800 655 a
823 612 1057 669 pastoribus
1079 609 1293 652 Ecclesiae
1314 609 1531 653 Emdanae
1551 610 1688 655 editus

171 699 231 735 est
261 698 384 746 atque
414 687 721 745 promulgatus,
753 693 792 727 et
822 684 871 726 de
903 699 984 738 quo
1015 683 1118 724 haec
1146 682 1226 724 tria
1256 681 1401 724 ordine
1433 682 1689 727 demonstra·

177 763 333 805 bimus:
378 763 436 803 10.
468 759 548 802 hoc
576 774 687 800 anno
718 771 871 799 novum
906 753 1217 798 catechismum
1248 753 1409 797 Emdae
1442 756 1687 813 promulga-

173 842 261 877 tum
307 847 413 874 esse:
461 833 521 873 20.
553 846 639 872 esse
680 829 792 871 hunc
838 826 1150 871 catechismum
1201 825 1459 869 breviculam
1506 826 1687 871 formam

174 904 354 948 eiusdem
388 902 654 954 Catechismi,
687 901 756 956 qui
786 899 882 941 inde
912 898 963 941 ab
994 913 1104 940 anno
1138 899 1247 940 1546
1280 898 1362 940 iam
1393 898 1505 954 apud
1525 898 1687 942 Frisios

174 974 411 1019 Orientales
441 974 697 1024 obtinuisset,
730 980 770 1014 et
802 972 862 1015 30.
888 971 1025 1027 ipsum
1056 970 1080 1011 ὲ,
1110 968 1249 1011 Lasco
1281 970 1530 1026 primarium
1563 971 1688 1015 huius

175 1046 373 1089 brevioris
404 1044 655 1087 catechismi
683 1042 921 1086 habendum
954 1057 1042 1084 esse
1072 1047 1307 1088 auctorem,

233 1120 271 1161 1.
333 1116 498 1160 Gellius
534 1115 675 1158 Faber
715 1113 764 1155 de
806 1114 970 1155 Bouma
1000 1112 1109 1154 inter
1142 1120 1326 1168 pastores
1357 1112 1569 1156 Emdanos
1598 1114 1688 1157 Lu·

172 1193 442 1234 thei-anorum
482 1187 643 1244 placitis
688 1186 866 1228 maxime
912 1184 1087 1227 favebat.
1150 1183 1369 1237 Quamdiu
1407 1201 1508 1229 vero
1547 1187 1634 1244 ipse
1665 1187 1689 1230 ὲ.

173 1262 309 1305 Lasco
350 1274 543 1317 praesens
587 1257 796 1300 Ecclesiae
826 1272 891 1298 res
922 1256 1008 1298 illic
1039 1254 1350 1307 moderabatur,
1386 1256 1525 1313 palam
1556 1259 1593 1299 ei
1625 1274 1686 1301 re-

175 1334 316 1376 sistere
361 1332 445 1375 sive
476 1331 741 1374 recalcitrare
773 1329 824 1371 ob
854 1329 1064 1385 insignem
1095 1328 1221 1371 Lasci
1253 1331 1521 1372 autoritatem
1552 1345 1689 1386 neque

172 1420 296 1448 ausus
341 1410 432 1446 erat
475 1418 608 1457 neque
646 1407 849 1457 potuerat.
910 1399 999 1443 Vix
1040 1407 1179 1443 tamen
1227 1400 1298 1443 ille
1338 1400 1474 1443 solum
1507 1409 1689 1446 verterat

173 1491 343 1533 seseque
374 1474 607 1518 contulerat
637 1474 678 1516 in
711 1473 930 1530 Angliam‚
963 1488 1093 1528 quum
1127 1471 1294 1515 Gellius
1315 1473 1405 1515 eius
1426 1475 1685 1530 provinciam

174 1548 369 1591 invadere
406 1554 446 1589 et
476 1546 718 1595 doctrinam,
750 1561 858 1602 quae
889 1545 1107 1600 hucusque
1139 1544 1299 1588 Emdae
1331 1545 1580 1598 obtinuerat,
1613 1547 1687 1589 im-

173 1627 335 1663 mutare
365 1634 524 1676 proque
553 1633 629 1660 suo
658 1616 830 1659 arbitrio
861 1626 1023 1659 vertere
1053 1616 1213 1659 studuit
1242 1616 1454 1674 Lascique
1474 1617 1688 1661 doctrinae

173 1692 303 1734 modis
331 1690 523 1733 omnibus
554 1689 778 1746 perniciem
812 1689 1076 1731 machinatus
1105 1696 1177 1731 est.
1211 1712 1232 1737 ss
1246 1688 1302 1731 Et
1332 1705 1381 1731 eo
1403 1705 1468 1732 res
1489 1689 1689 1733 tandem⁹²

173 1770 221 1805 ut
249 1763 335 1818 ipse
365 1763 387 1805 ὲ.
416 1761 553 1804 Lasco
583 1776 672 1803 rem
705 1768 848 1803 narrat
891 1781 914 1807 a
937 1775 1004 1802 me
1042 1759 1146 1802 nihil
1179 1760 1408 1817 quidquam
1440 1761 1506 1803 vel
1535 1762 1690 1804 sciente

178 1857 199 1883 n
222 1834 288 1876 vel
318 1835 439 1876 etiam
471 1832 718 1889 suspicante,
751 1839 811 1874 est
841 1831 1032 1884 deducta,
1065 1839 1113 1874 ut
1143 1831 1332 1874 doctrina
1361 1834 1689 1876 sacramentaria

177 1929 198 1954 η
223 1906 290 1948 cui
335 1920 478 1947 omnes
520 1903 677 1960 alioqui
720 1910 975 1961 symmystae
1015 1904 1095 1946 mei
1139 1902 1485 1960 subscripserant,
1531 1905 1690 1962 corrigi

179 1999 200 2024 η
223 1977 417 2033 coeperit,
459 1991 519 2025 ac,
551 1991 603 2017 ne
633 1990 681 2017 ea
711 1975 799 2017 sola
831 1975 990 2032 corrigi
1023 1975 1249 2025 videretur,
1281 1975 1405 2018 totius
1437 1975 1689 2019 Catechismi

176 2071 198 2097 u
221 2048 451 2105 recognitio
489 2047 676 2089 instituta
704 2055 777 2090 est.
838 2047 957 2089 Haec
988 2062 1087 2089 vero
1119 2047 1219 2089 mihi
1250 2046 1418 2090 demum
1451 2048 1492 2090 in
1527 2048 1689 2105 Anglia

175 2144 197 2170 n
223 2121 399 2163 versanti
428 2119 604 2162 indicata
635 2125 708 2171 est,
741 2118 811 2161 sed
841 2135 924 2162 non
955 2119 1064 2162 facta
1094 2119 1182 2162 ulla
1212 2120 1438 2163 mutandae
1455 2120 1544 2163 ullo
1565 2120 1688 2164 modo

179 2216 199 2241 u
223 2192 434 2234 doctrinae
471 2190 784 2248 significatione.
843 2190 989 2246 Itaque
1020 2206 1097 2233 nec
1128 2206 1207 2248 ego
1238 2191 1498 2245 recusabam,
1531 2192 1689 2248 quomi-

178 2285 199 2311 η
224 2279 301 2306 nus
332 2262 619 2306 catechismus
649 2270 1032 2318 recognosceretur.
1095 2261 1158 2304 Eo
1188 2278 1318 2319 porro
1348 2263 1565 2319 recognito
1595 2262 1689 2305 sub—

176 2359 196 2384 ῃ
221 2335 323 2377 oluit
368 2334 574 2391 plerisque
617 2334 753 2382 fucus,
802 2340 927 2390 atque
967 2334 1009 2376 in
1134 2334 1305 2391 publico
1336 2334 1509 2377 consilio
1539 2336 1687 2377 consti-

174 2430 196 2456 u
221 2405 425 2457 tuebatur,
458 2421 509 2447 ne
539 2405 778 2462 recognitus
811 2405 882 2447 ille
905 2404 1194 2449 catechismus
1215 2407 1527 2464 invulgaretur,
1551 2407 1688 2464 prius-

175 2503 197 2530 tt
221 2494 344 2535 quam
377 2478 427 2520 ad
459 2493 523 2519 me
554 2477 789 2520 mitteretur
820 2492 994 2532 meaque
1026 2478 1074 2520 de
1106 2479 1181 2521 illo
1212 2481 1416 2522 sententia
1446 2477 1685 2522 haberetur.

175 2573 197 2599 n
220 2551 287 2593 Ibi
326 2564 425 2591 vero
455 2549 693 2605 recognitor
722 2548 794 2590 ille
827 2565 962 2591 moras
994 2558 1160 2593 nectere
1284 2551 1493 2603 Breviter,
1526 2552 1684 2594 editum

175 2646 196 2671 η
222 2622 383 2666 volebat
414 2621 674 2677 recognitum
709 2620 1017 2664 catechismum
1051 2622 1186 2675 illum,
1222 2639 1305 2667 non
1332 2631 1571 2681 exspectata
1593 2639 1687 2667 mea

214 2812 237 2850 ¹)
260 2810 394 2842 Ibidem,
416 2810 502 2841 Part.
527 2809 596 2840 140.
620 2819 646 2840 a.
672 2807 750 2841 1784
772 2819 812 2840 m.
836 2809 932 2841 Iunii.
954 2820 984 2851 p.
1009 2811 1069 2841 650
1092 2812 1123 2841 et
1145 2821 1186 2842 m.
1203 2810 1334 2851 Aprilis.
1348 2822 1379 2853 p.
1395 2811 1457 2842 400
1474 2822 1520 2853 sq.
1543 2811 1685 2843 ΗοοΙιΝ-

169 2876 306 2899 BEECKH
330 2865 517 2897 auctoritate
541 2865 623 2904 (Vel.
645 2866 675 2895 el
700 2864 776 2895 Nov.
803 2864 883 2896 Lect.
908 2865 936 2895 1.
960 2876 986 2897 c.
1010 2866 1059 2898 12.
1083 2877 1113 2907 p.
1136 2866 1220 2904 339).
1244 2866 1425 2899 Brucherus
1441 2867 1555 2899 asserit
1571 2867 1683 2900 Italice

169 2932 293 2965 quoquc
315 2920 397 2952 hunc
421 2919 656 2952 Catcchismum
680 2929 804 2950 versum
827 2930 904 2952 esse.
927 2919 976 2952 Cf.
1000 2920 1040 2952 B.
1062 2920 1094 2953 d.
1121 2920 1156 2953 G.
1189 2920 1231 2953 W.
1255 2920 1326 2954 Oct.
1351 2920 1442 2955 1783.
1464 2932 1496 2966 p.
1518 2922 1591 2956 416.
