1818 3178
568 98 786 127 nEsPoNsro
814 98 909 125 Anv.
941 95 1105 123 HOSIUM.
1529 82 1602 121 427

79 207 223 245 facias?
259 206 330 244 tibi
366 205 438 241 hoo
475 202 647 241 videlieet
675 200 842 238 insolens
871 211 948 237 non
977 202 1043 243 est,
1070 201 1112 236 ut
1140 210 1159 235 e
1186 201 1252 234 tuo
1279 194 1438 245 tripode,
1464 205 1531 244 pro
1560 205 1603 229 co

80 286 124 311 ac
157 271 230 310 tibi
266 268 503 308 commodum
539 274 609 313 est,
643 279 719 304 uno
755 270 867 316 atque
902 263 1031 302 eodem
1060 275 1124 300 ore
1160 265 1197 300 et
1223 259 1403 310 frigidum
1431 258 1542 296 simul
1569 261 1606 295 et

80 335 242 374 calidum
267 333 357 370 flare
382 329 517 383 possis,
550 329 601 368 Ut
628 333 752 367 autem
778 328 850 365 tibi
876 339 948 373 me,
974 338 1087 377 quam
1113 328 1151 362 te
1169 323 1274 370 mihi,
1291 321 1504 374 aequiorem
1525 333 1607 358 esse

80 398 280 448 intelligas,
307 396 368 434 fac
395 398 435 433 ut
462 399 498 433 et
524 394 764 432 Lutheranos
792 396 828 430 et
853 391 1032 429 Picardos
1066 402 1131 428 seu
1157 387 1377 426 Waldcnses
1407 385 1606 424 Boemicos

80 464 190 504 nobis
216 462 414 511 adiungas,
439 460 588 500 etiamsi
615 472 693 498 non
719 471 785 509 per
812 456 938 495 omnia
966 455 1066 493 inter
1092 467 1162 492 nos
1191 452 1487 497 consentiamus,
1512 450 1610 488 sint-

82 542 154 581 que
179 528 277 566 inter
304 540 374 565 nos
399 526 537 578 partim
565 523 786 570 Lutherani,
813 522 951 574 partim
974 519 1208 569 Zwingliani‚
1234 518 1300 570 qui
1323 522 1359 556 te
1376 517 1460 568 ipso
1477 515 1613 560 iudice,

81 594 194 632 iidem
223 597 310 631 sunt
338 605 422 629 cum
450 589 696 635 Calvinianis‚
722 588 916 638 Tigurinis
945 591 981 625 et
1008 585 1201 630 Lascanis,
1226 583 1364 636 partim
1392 595 1478 620 vero
1506 580 1612 619 Wal-

85 659 217 697 denses
253 657 436 703 Boemici‚
472 656 563 707 quid
597 655 715 705 igitur
749 661 785 692 te
822 653 892 691 hac
926 652 1085 690 istorum
1124 650 1294 687 omnium
1334 647 1613 686 consociatione

83 723 408 772 effe-(94)cturum
435 735 515 760 esse
541 720 678 771 putas?
715 718 822 756 Dicis
848 720 906 755 tot
934 720 970 754 61
996 718 1102 753 tanta
1130 727 1209 752 esse
1235 714 1333 751 inter
1362 725 1432 750 nos
1460 710 1615 749 dissidia

86 793 197 840 atque
233 788 330 834 odia,
366 791 408 825 ut
436 786 564 824 nullus
592 796 700 822 verae
727 795 770 820 ac
798 781 1036 820 Christianae
1065 778 1259 817 dilectioni
1285 778 1390 815 locus
1417 776 1517 813 inter
1544 787 1614 812 nos

86 868 167 893 esse
201 854 333 905 possit.
387 852 493 889 Haec
529 862 614 889 vero
651 849 718 886 abs
745 851 782 885 te
809 845 962 898 quidem
991 845 1082 883 satis
1110 842 1297 881 hostiliter
1326 841 1516 886 dicuntur,
1552 838 1617 877 sed

85 933 198 971 quam
225 919 300 957 sint
327 931 425 962 vera,
451 930 510 954 res
535 916 618 967 ipsa
643 926 732 952 mox
758 912 972 951 testabitur.
1001 909 1170 948 Primum
1197 910 1337 952 autem,
1363 905 1407 950 si,
1435 917 1528 956 quae
1555 903 1616 942 in-

87 983 283 1023 tercedunt
325 981 492 1027 dissidia,
527 992 676 1018 omnem
711 977 884 1029 protinus
922 974 1161 1013 dilectionem
1197 985 1241 1009 ac
1276 970 1435 1022 proinde
1471 981 1620 1006 omnem

89 1062 238 1101 quoque
282 1047 387 1086 verbi
429 1045 559 1084 Divini
595 1043 805 1081 doctrinam
841 1054 862 1078 a
898 1039 1008 1078 nobis
1045 1037 1273 1089 propellunt,
1305 1033 1622 1085 quemadmodum

90 1115 237 1153 Hosius
271 1114 564 1163 argumentatur,
599 1113 679 1147 tum
715 1119 804 1145 sane
838 1106 937 1143 inter
972 1105 1076 1155 ipsos
1113 1100 1383 1153 Apostolorum
1418 1098 1625 1148 Principes,

91 1181 244 1218 Petrum
287 1178 443 1228 inquam
485 1178 522 1213 et
559 1173 730 1217 Paulum,
767 1170 856 1208 dum
895 1169 988 1207 alter
1023 1167 1131 1206 alteri
1165 1166 1207 1203 in
1251 1164 1386 1202 faciem
1422 1162 1628 1207 resisteret,

93 1257 213 1296 neque
248 1241 399 1280 dilectio
436 1252 556 1291 neque
584 1237 689 1276 verbi
726 1234 855 1273 Divini
882 1232 1056 1271 doctrina
1092 1230 1217 1268 iudice
1246 1228 1368 1266 Hosio
1405 1228 1531 1265 locum
1565 1227 1625 1263 ul-

93 1311 171 1348 lum
205 1308 378 1352 habebat,
413 1304 487 1343 nisi
521 1303 554 1342 si
588 1302 759 1340 resistere
794 1300 836 1337 in
862 1298 997 1336 faciem
1026 1309 1151 1334 coram
1191 1294 1367 1332 omnibus
1395 1291 1518 1347 Hosio
1546 1303 1624 1328 non

93 1379 149 1413 est
177 1372 358 1412 dissidere
383 1374 448 1409 aut
476 1367 687 1407 dissentire.
749 1365 894 1403 Rursus
923 1363 1011 1400 dum
1037 1362 1136 1399 inter
1164 1360 1324 1397 Paulum
1351 1361 1387 1396 et
1415 1356 1628 1394 Barnabam

91 1440 146 1478 ita
182 1438 278 1476 acris
314 1439 397 1474 orta
424 1437 520 1472 esset
554 1430 790 1482 disceptatio,
825 1432 867 1466 ut
894 1427 988 1465 alter
1014 1427 1175 1464 alterum
1202 1423 1398 1468 desereret,
1425 1434 1515 1459 num
1543 1433 1630 1471 par-

94 1518 274 1556 oxysmus
317 1502 382 1540 ille
425 1504 462 1539 et
506 1497 747 1536 dilectionem
782 1506 931 1532 omnem
976 1495 1013 1530 et
1055 1503 1181 1529 veram
1224 1489 1315 1526 item
1359 1486 1465 1525 verbi
1502 1484 1634 1523 Divini

98 1570 308 1610 doctrinam
334 1566 483 1617 utrique
508 1569 590 1602 tum
617 1561 772 1599 omnino
801 1557 965 1597 ademit?
1020 1556 1068 1594 Id
1096 1555 1127 1593 si
1154 1555 1310 1592 affirmat
1339 1551 1496 1597 Hosius,
1523 1563 1633 1588 accu-

100 1640 154 1675 set
191 1648 279 1673 sane
314 1632 578 1680 Lu-(95)cam‚
614 1627 679 1678 qui
707 1625 776 1664 sub
805 1625 869 1662 illa
895 1624 976 1674 ipsa
1001 1620 1109 1659 Pauli
1136 1633 1157 1657 a
1184 1617 1362 1656 Barnaba
1399 1615 1633 1667 separatione

100 1699 290 1739 Ecclesias
317 1696 470 1735 interim
496 1708 517 1732 a
544 1693 662 1731 Paulo
688 1704 755 1742 per
781 1689 929 1739 Syriam
957 1690 993 1725 et
1021 1684 1193 1723 Ciliciam
1219 1683 1259 1721 in
1286 1680 1394 1720 verbi
1419 1677 1635 1717 hauddubie

102 1765 233 1805 Divini
259 1762 432 1800 doctrina
461 1760 698 1797 confirmatas
725 1755 842 1793 fuisse
869 1753 990 1790 docet.
1043 1750 1112 1787 Sin
1140 1748 1286 1793 minus,
1321 1745 1482 1794 relingat
1516 1743 1635 1792 igitur

102 1845 146 1870 ac
172 1829 362 1869 resorbeat
392 1839 497 1864 suam
525 1821 891 1873 argumentationem
919 1815 1159 1855 Reverendus
1188 1814 1310 1857 Pater,
1338 1823 1452 1862 quam
1476 1808 1637 1859 Episco-

100 1896 177 1948 pali
212 1893 345 1945 spiritu
381 1903 449 1929 suo
485 1887 662 1932 evomuit,
699 1896 844 1935 nempe,
878 1882 946 1920 ubi
982 1883 1069 1918 sunt
1096 1877 1263 1923 dissidia,
1288 1876 1344 1913 ibi
1369 1887 1448 1913 non
1475 1886 1553 1911 esse
1579 1873 1637 1910 lo-

104 1974 190 1999 cum
217 1970 337 2009 neque
364 1953 570 1997 dilectioni,
597 1963 716 2002 neque
743 1947 857 1987 verbo
885 1945 969 1985 Dei.
1011 1944 1120 1982 Dicet
1147 1955 1225 1980 non
1254 1941 1298 1978 de
1326 1939 1519 1978 doctrinae
1548 1949 1638 1974 con-

102 2023 286 2064 troversia
323 2019 525 2059 certamina
559 2017 625 2054 illa
659 2015 759 2052 inter
793 2010 998 2063 Apostolos
1037 2011 1167 2046 exorta
1203 2005 1333 2043 fuisse.
1378 2001 1637 2040 Admittimus.

105 2089 179 2128 Sed
219 2086 334 2126 nullis
371 2084 455 2122 aliis
491 2088 753 2133 praeterquam
791 2076 984 2114 doctrinae
1012 2071 1180 2111 dissidiis
1217 2069 1457 2107 dilectionem
1495 2065 1641 2109 violari,

103 2155 144 2193 id
180 2165 267 2192 vero
304 2151 350 2189 ab
388 2148 510 2186 Hosio
547 2144 700 2198 probari
728 2142 851 2181 velim.
906 2140 1000 2177 Esto
1029 2142 1166 2182 autem,
1192 2148 1272 2172 non
1298 2133 1459 2172 violetur
1489 2129 1638 2168 dilectio

106 2219 180 2259 nisi
217 2216 409 2255 doctrinae
436 2210 616 2250 dissidiis.
670 2210 733 2246 An
761 2207 874 2245 etiam
901 2202 1133 2255 quibuslibet
1161 2199 1316 2237 omnino
1346 2195 1538 2234 doctrinae
1565 2194 1642 2231 dis-

108 2283 214 2324 sidiis
242 2286 278 2320 et
307 2279 547 2318 dilectionem
574 2274 713 2327 pariter
740 2276 777 2310 et
803 2283 954 2309 omnem
981 2267 1086 2307 verbi
1112 2264 1245 2304 Divini
1274 2261 1484 2301 doctrinam
1513 2257 1644 2309 repelli

109 2364 130 2388 a
158 2347 270 2387 nobis
297 2344 442 2383 Hosius
470 2339 700 2380 arbitratur?
729 2337 770 2374 Si
795 2335 836 2373 id
861 2337 981 2386 putat,
1007 2336 1089 2370 tum
1116 2329 1291 2381 equidem
1318 2326 1531 2364 universam
1558 2325 1645 2373 post

109 2412 315 2465 Apostolos
362 2406 502 2447 Christi
547 2403 754 2443 Ecclesiam
788 2404 824 2439 et
860 2397 1061 2437 dilectione
1096 2399 1131 2433 et
1168 2392 1341 2431 doctrina
1376 2389 1481 2429 verbi
1517 2385 1647 2426 Divini

111 2473 301 2527 spoliabit.
329 2471 464 2521 Neque
490 2467 590 2506 enim
617 2465 816 2517 quisquam
843 2465 1008 2499 veterum
1036 2461 1121 2509 post
1148 2453 1354 2506 Apostolos
1380 2452 1534 2489 Patrum
1563 2448 1648 2490 fuit,

113 2539 326 2589 cu-(96)ius
363 2534 475 2573 modo
511 2542 688 2582 germana
725 2528 967 2566 monumenta
1002 2525 1143 2567 extant,
1187 2519 1251 2570 qui
1287 2531 1365 2556 non
1399 2516 1496 2554 inter
1535 2528 1571 2551 se
1609 2526 1648 2550 se

113 2604 253 2646 alicubi
290 2606 327 2640 et
362 2598 514 2651 quidem
549 2595 713 2646 graviter
752 2589 999 2629 dissenserint
1034 2587 1075 2624 in
1103 2585 1195 2636 ipsis
1224 2583 1336 2621 etiam
1365 2579 1557 2618 doctrinae
1586 2589 1648 2614 ca-

111 2668 265 2720 pitibus.
319 2664 369 2700 Et
402 2659 544 2699 nostris
582 2658 682 2695 hisce
710 2652 965 2704 temporibus,
992 2648 1233 2700 quandonam
1259 2645 1312 2683 ita
1340 2643 1431 2681 felix
1460 2639 1650 2679 Ecclesiae

114 2732 228 2771 facies
272 2728 358 2773 fuit,
396 2731 434 2764 ut
478 2723 580 2762 nulla
614 2722 712 2759 inter
748 2714 1091 2770 praestantissimos
1127 2723 1296 2763 quosque
1330 2707 1433 2746 illius
1469 2705 1651 2743 Doctores

115 2796 229 2833 etiam
273 2790 464 2831 doctrinae
509 2786 664 2825 dissidia
709 2782 860 2822 essent?
924 2778 1182 2818 Conciliorum
1226 2775 1330 2820 item,
1375 2784 1470 2825 quac
1506 2768 1651 2806 Hosius

117 2858 257 2910 alioqui
292 2862 440 2895 tantum
475 2866 551 2890 non
587 2850 731 2894 adorat,
769 2851 908 2897 quanta
944 2849 981 2882 ct
1025 2855 1138 2893 quam
1176 2840 1353 2878 diuturna
1390 2835 1462 2874 fuit
1490 2845 1654 2884 unquam
