1818 3178
1541 80 1611 117 295

88 207 246 246 sentis
284 205 448 257 corporis
484 207 521 242 et
548 203 743 253 sanguinis
771 202 911 240 Christi
939 213 1019 238 esse
1047 199 1258 237 doceamus.
1313 196 1485 233 Alterum
1512 204 1614 234 vcr0,

88 271 190 323 quod
227 284 361 322 corpus
398 273 434 307 et
471 269 690 318 sanguinem
728 266 867 305 Christi
905 264 1059 303 Domini
1097 276 1172 301 non
1208 260 1463 309 intelligamus
1488 258 1611 308 ipsum

89 348 222 386 corpus
257 348 324 386 pro
362 333 472 371 nobis
507 332 687 370 traditum
723 335 760 369 et
792 331 916 381 ipsum
953 327 1175 377 sanguinem
1209 337 1278 376 pro
1305 323 1416 362 nobis
1443 321 1613 364 effusum,

90 400 154 438 sed
185 401 291 449 signa
323 399 449 449 potius
485 399 670 446 figurasve
696 400 761 434 aut
797 394 981 444 symbola,
1016 393 1107 430 item
1147 391 1320 428 virtutem
1355 388 1488 425 merita
1517 385 1613 422 divi-

89 465 245 502 nitatem
272 464 486 501 soeietatem
513 466 578 499 aut
600 463 661 510 jus
689 461 728 498 in
757 472 909 510 corpore
938 457 1078 495 Christi
1108 455 1280 493 Domini.
1333 452 1439 490 Haec
1464 451 1517 488 ita
1545 463 1613 488 no-

91 530 147 566 bis
184 529 244 565 hic
280 528 460 565 adscribit
499 527 746 577 Westphalus‚
781 529 965 575 quatenus
992 535 1033 560 ea
1062 521 1186 558 omnia
1216 520 1286 563 his,
1312 530 1406 568 quae
1433 513 1613 559 recensui,

91 594 226 637 verbis,
259 598 435 644 tanquam
471 593 512 630 in
546 592 657 630 nobis
693 592 894 641 oppugnat.
950 586 1010 624 Ad
1037 586 1127 623 hacc
1154 584 1269 633 igitur
1296 583 1369 620 duo
1397 579 1611 629 singulatim

91 672 159 707 ego
197 658 269 702 hic,
312 658 411 708 quod
457 658 501 694 ad
540 670 598 694 me
634 655 784 707 quidem
818 652 1053 703 potissimum
1089 650 1236 693 attinet,
1273 647 1420 685 omissis
1455 646 1613 683 aliorum

93 723 372 761 defensionibus
410 721 601 758 brevitatis
638 732 759 764 causa,
794 716 1038 767 respondebo.
1093 718 1129 752 4.
1167 713 1222 751 De
1260 712 1426 763 corporis
1463 716 1498 748 et
1527 723 1613 747 san-

93 787 219 837 guinis
256 786 395 824 Christi
430 786 600 822 absentia
636 784 721 820 data
757 794 869 832 opera
901 781 953 818 ita
990 779 1152 830 captiose
1184 778 1289 828 loqui
1317 776 1462 813 videtur
1493 774 1613 811 West-

94 853 226 903 phalus
261 865 329 903 pro
367 851 517 902 spiritus
555 849 612 887 sui
649 847 896 898 simplicitate,
931 857 1044 895 quam
1081 844 1208 888 iactat,
1243 847 1285 879 ut
1319 839 1472 878 nonnisi
1500 837 1616 875 cauda

96 917 215 967 (quod
243 916 397 962 dicitur)
425 914 560 963 anguis
586 914 626 950 in
654 925 793 949 morem
820 909 941 948 teneri
966 908 1100 959 possit.
1129 906 1236 944 Facit
1264 909 1387 943 autem
1411 904 1482 940 hoc
1500 907 1536 940 et
1558 902 1618 939 hic

95 991 132 1020 et
167 986 275 1019 antea
310 981 434 1031 paulo,
470 979 553 1016 Par.
593 979 652 1022 17,
687 976 734 1014 ad
770 976 849 1013 eius
878 976 1001 1018 finem,
1039 972 1106 1010 ubi
1141 971 1187 1008 de
1221 969 1427 1021 praesentia
1456 966 1621 1017 corporis

97 1052 132 1086 et
167 1047 359 1096 sanguinis
398 1045 574 1095 loquitur,
609 1047 650 1080 ut
678 1042 786 1079 facile
814 1042 1002 1091 appareat,=
1028 1050 1112 1075 cum
1139 1049 1215 1073 non
1242 1048 1306 1085 per
1332 1032 1622 1083 imprudentiam

96 1112 135 1150 id
163 1113 278 1149 ullam
311 1112 444 1153 faeere,
480 1109 543 1146 sed
581 1111 680 1145 certo
719 1105 979 1154 destinatoque
1006 1115 1072 1139 suo
1103 1100 1273 1141 consilio,
1300 1111 1372 1149 quo
1401 1097 1510 1134 nobis
1539 1108 1621 1132 suas

101 1177 247 1214 demum
285 1174 489 1212 calumnias
527 1174 645 1210 struat
681 1175 793 1220 atque
819 1167 1002 1205 intendat.
1059 1166 1148 1202 Non
1177 1164 1278 1205 dicit,
1307 1175 1417 1212 quam
1445 1173 1514 1197 nos
1543 1172 1623 1196 cor-

99 1241 201 1292 poris
236 1245 272 1278 et
308 1238 501 1288 sanguinis
538 1235 681 1274 Christi
717 1233 774 1271 vel
811 1230 1060 1284 praesentiam
1097 1229 1157 1266 vel
1191 1227 1397 1265 absentiam
1434 1225 1473 1261 in
1501 1224 1626 1260 Coena

102 1304 320 1351 Domi-(fol.
348 1303 459 1350 amni
485 1312 734 1351 agnoscamus
758 1320 810 1327 —
837 1297 908 1334 hoc
935 1294 1035 1333 enim
1062 1294 1190 1330 fucum
1219 1290 1487 1328 calumniarum
1514 1287 1630 1338 ipsius

102 1369 301 1408 detexisset
328 1390 378 1396 —
405 1367 467 1405 sed
495 1370 643 1404 tantum
670 1362 804 1408 innuit,
833 1360 962 1411 negari
980 1373 1000 1397 a
1020 1358 1132 1396 nobis
1154 1355 1414 1408 praesentiam,
1431 1352 1545 1390 statui
1563 1364 1629 1387 au·

99 1439 175 1473 tem
213 1433 423 1471 absentiam
450 1432 612 1475 illorum,
638 1433 680 1466 ut
707 1426 926 1479 persuadeat
954 1424 1107 1467 scilicet,
1134 1421 1235 1459 nuda
1263 1419 1460 1469 ociosaque
1486 1421 1520 1454 et
1546 1416 1627 1453 ina-

103 1501 165 1538 nia
194 1499 300 1548 signa
329 1499 367 1536 in
397 1498 520 1534 Coena
548 1509 568 1532 a
596 1493 706 1532 nobis
736 1490 926 1535 constitui,
954 1488 1053 1540 quod
1081 1485 1324 1524 vanissimum
1351 1481 1490 1532 alioqui
1515 1480 1632 1530 ipsius

104 1570 140 1604 et
186 1564 492 1615 syncretistarum
530 1572 679 1598 suorum
719 1558 764 1596 de
800 1556 911 1594 nobis
946 1552 1182 1592 mendacium
1218 1563 1308 1595 esse,
1342 1549 1395 1586 ita
1430 1548 1504 1584 iam
1540 1545 1632 1582 alias

107 1630 350 1673 ostendimus,
375 1631 419 1665 ut
449 1627 508 1664 hic
537 1626 659 1663 denuo
688 1623 724 1660 id
754 1625 933 1673 repetere,
960 1619 1055 1657 nihil
1083 1630 1161 1655 esse
1183 1614 1432 1653 necessarium
1449 1615 1632 1663 putemus.

107 1695 184 1733 Hic
221 1707 307 1731 vero
345 1693 391 1730 ab
428 1693 509 1742 ipso
546 1689 639 1727 seire
673 1688 795 1732 velim,
831 1685 875 1723 de
912 1696 1075 1735 quanam
1111 1683 1286 1732 loquatur
1322 1678 1398 1716 sive
1424 1675 1632 1728 praesentia

109 1760 185 1797 sive
222 1757 389 1795 absentia
418 1755 584 1806 corporis
612 1758 648 1791 et
676 1751 869 1801 sanguinis
898 1748 1050 1793 Christi,
1077 1760 1168 1784 num
1196 1745 1240 1782 de
1267 1742 1435 1781 absentia
1461 1752 1634 1791 praesen-

109 1825 206 1862 tiave
249 1823 288 1860 in
323 1822 405 1873 ipso
442 1833 536 1871 pane
571 1822 607 1856 et
642 1818 743 1862 vino,
779 1820 842 1853 aut
877 1814 1034 1863 mystica
1070 1813 1215 1849 Coenae
1248 1808 1406 1851 actione,
1441 1805 1489 1842 ad
1526 1816 1635 1854 quem

110 1888 265 1926 modum
303 1892 357 1924 est
393 1899 413 1923 a
442 1884 591 1922 Christo
621 1882 784 1920 Domino
811 1879 998 1916 instituta.
1051 1876 1134 1925 Ego
1162 1874 1261 1912 enim
1288 1875 1348 1920 (ut
1373 1883 1440 1921 pro
1468 1882 1527 1907 me
1553 1873 1636 1905 tan-

111 1959 190 1992 tum
229 1953 287 1990 hic
325 1949 586 2002 respondeam)
624 1946 855 1998 corporalem
890 1944 994 1980 illam
1030 1945 1066 1980 et
1096 1938 1261 1990 corporis
1290 1936 1429 1974 Christi
1456 1932 1635 1971 naturalis

112 2020 152 2056 in
178 2031 274 2070 pane
300 2017 395 2068 ipso,
421 2007 461 2052 et*
479 2012 673 2062 sanguinis
700 2011 740 2048 in
767 2010 869 2053 vino,
897 2008 973 2045 sive
1000 2005 1261 2058 praesentiam,
1288 2002 1364 2039 sive
1378 1998 1637 2038 inclusionem,

113 2084 190 2121 sive
227 2079 532 2122 delitescenti-am,
568 2079 752 2128 quatenus
788 2086 877 2111 sane
909 2072 1012 2110 nullo
1042 2068 1208 2120 corporis
1235 2065 1354 2104 nostri
1382 2075 1489 2101 sensu
1518 2060 1637 2113 perci-

113 2149 229 2199 pitur,
271 2146 407 2183 diserte
451 2156 493 2180 ac
538 2140 755 2192 simpliciter
793 2139 872 2176 sine
909 2136 1012 2174 omni
1047 2133 1237 2185 hypocrisi
1273 2128 1491 2167 iamdudum
1528 2138 1638 2175 nego,

115 2224 234 2261 neque
278 2222 433 2258 negasse
478 2211 541 2244 aut
575 2205 740 2257 poenitet
776 2206 840 2240 aut
875 2201 1009 2252 pudet3
1048 2211 1132 2237 nam
1170 2197 1294 2233 fontes
1330 2193 1408 2231 eius
1445 2203 1563 2242 neque
1598 2189 1638 2226 in

117 2273 319 2325 Scripturis
359 2284 525 2322 nsquam,
561 2281 679 2319 neque
714 2266 812 2318 apud
848 2264 1092 2302 Orthodoxos
1128 2260 1336 2312 primaevae
1362 2261 1447 2307 post
1475 2257 1639 2306 Aposto-

116 2340 172 2376 los
218 2337 407 2375 Ecclesiae
450 2338 572 2386 patres
608 2332 763 2383 reperio,
798 2334 834 2367 et
871 2342 956 2366 cum
1008 2327 1192 2364 hnmanae
1227 2327 1377 2361 nostrae
1411 2321 1451 2358 in
1489 2319 1637 2357 Christo

117 2403 281 2442 Domino
320 2406 473 2440 naturae
508 2396 800 2450 proprietatibus
836 2407 879 2432 ac
910 2391 1120 2444 praecipuis
1156 2389 1244 2426 fidei
1280 2391 1430 2425 nostrae
1459 2384 1638 2422 Articulis

117 2480 283 2520 pugnare
312 2466 430 2503 video.
486 2464 679 2501 Caeterum
707 2473 727 2498 a
756 2461 881 2497 Coena
910 2470 975 2495 sua
1003 2456 1131 2493 abesse
1160 2452 1351 2491 Christum
1379 2463 1533 2501 corpore
1560 2461 1640 2491 sun,

118 2532 231 2571 modo
275 2545 321 2569 ne
362 2543 451 2567 usus
504 2528 649 2565 Coenae
684 2523 839 2562 terrenis
876 2522 954 2559 eius
990 2518 1181 2558 elementis
1218 2517 1402 2565 alligetur,
1435 2515 1527 2552 adeo
1565 2526 1640 2550 non

121 2599 273 2642 affirmo,
309 2601 347 2633 ut
383 2593 611 2632 contrarium
648 2590 811 2634 doceam,
840 2600 922 2624 cum
950 2585 1052 2630 alibi,
1079 2588 1158 2622 tum
1185 2581 1420 2633 potissimum
1447 2580 1486 2616 in
1517 2583 1641 2615 nostra

121 2661 360 2710 Purgatione.
414 2657 636 2696 Absentiam
671 2654 785 2704 igitur
822 2653 868 2689 ab
895 2651 977 2701 ipso
1006 2648 1113 2700 panis
1141 2651 1176 2685 et
1204 2646 1282 2683 vini
1308 2646 1488 2683 elemento
1518 2643 1642 2679 hacte-

123 2741 194 2766 nus
229 2737 393 2775 agnosco
431 2724 470 2761 in
508 2723 654 2760 Coenae
688 2732 766 2770 usu.
796 2715 961 2767 corporis
997 2718 1033 2751 et
1061 2711 1255 2762 sanguinis
1284 2709 1435 2753 Christi,
1463 2712 1645 2758 quatenus

123 2805 244 2842 neque
277 2791 431 2828 localem
475 2801 592 2838 neque
628 2787 845 2822 immensam
875 2793 1002 2818 eorum
1029 2779 1070 2816 in
1095 2775 1295 2829 praedictis
1323 2772 1512 2812 elementis
1540 2783 1646 2821 prae-

126 2856 298 2905 sen-(fol.
336 2854 497 2903 42)tiam
534 2850 827 2889 inclusionemve
862 2849 926 2884 aut
961 2841 1266 2887 delitescentiam‚
1294 2843 1332 2877 ut
1360 2837 1450 2883 dixi,
1477 2835 1646 2874 admitto.
