1818 3178
614 137 664 163 DE
692 137 856 165 cnmsm
885 136 1202 165 INCARNA'HONE.
1617 127 1665 163 31

157 235 195 273 id
223 248 299 274 non
326 235 477 286 patitur,
502 239 545 273 ut
572 237 640 274 sub
669 238 826 288 Spiritus
854 239 971 276 sancti
998 237 1158 280 nomine,
1184 236 1299 287 ipsius
1326 234 1571 273 substantiam
1597 235 1669 272 hoc

157 300 240 337 loco
267 299 457 347 intelli-(E
484 299 718 349 iiiia)gamus.
748 304 788 339 Si
813 315 972 352 namque
997 314 1095 338 unus
1122 303 1177 338 est
1204 302 1315 349 atque
1340 299 1451 344 idem,
1468 299 1574 335 iuxta
1591 298 1669 335 exi-

157 364 342 410 stentiam,
382 363 542 414 Spiritus
579 369 728 403 sanctus
757 378 839 403 011111
866 366 975 403 Patre
1001 365 1115 409 Deus,
1142 377 1271 414 nempe
1296 367 1468 401 aeternus
1493 362 1670 400 immuta-

159 428 244 466 bilis
280 428 512 474 immortalis,
537 430 702 479 profecto
731 429 808 466 eius
835 429 973 467 Divina
1001 428 1222 473 substantia,
1246 428 1285 465 in
1312 427 1364 474 id,
1391 427 1490 478 quod
1519 439 1595 464 non
1623 425 1671 463 sit

155 495 266 542 atque
292 491 330 529 in
358 494 548 528 aeternum
572 496 718 530 maneat
746 492 918 543 Spiritus,
944 492 1080 530 mutari
1107 504 1297 542 nunquam
1323 494 1458 541 potest.
1495 491 1573 527 Aut
1597 488 1670 538 igi-

154 558 218 592 tur
246 568 366 592 veram
395 567 540 592 carnem
569 556 738 593 Christus
767 569 842 593 non
870 555 991 601 habet,
1020 555 1051 592 si
1077 568 1120 592 ex
1148 555 1227 605 ipsa
1255 554 1415 605 Spiritus
1436 553 1557 591 sancti
1577 553 1667 591 sub-

154 616 291 654 stantia
318 617 420 653 illam
449 617 643 654 deductam
669 631 747 655 esse
775 618 978 663 credamus3
1006 621 1070 655 aut
1098 621 1206 662 certe,
1233 616 1265 654 si
1291 630 1414 654 veram
1435 629 1584 654 carnem
1602 616 1668 653 ha-

157 679 230 721 bet.
256 679 405 717 aliunde
430 681 533 717 illam
562 681 785 727 hauddubie,
812 694 922 731 quam
950 694 994 718 ex
1024 680 1183 730 Spiritus
1206 680 1333 717 *sancti
1359 680 1579 726 substantia,
1606 679 1670 717 de·

156 744 304 781 ductam
339 757 416 781 esse
451 749 608 794 oportet,
644 745 674 782 si
709 745 858 795 quidem
893 745 924 781 is
960 758 1056 782 unus
1092 748 1202 794 atquc
1237 744 1335 781 idem
1369 747 1425 781 est
1453 756 1536 780 cum
1562 743 1671 781 Patre

155 812 325 844 aeternus
351 807 593 845 immutabilis
620 821 662 845 ac
688 807 907 844 immortalis
936 807 1047 844 Deus.
1077 807 1332 844 Adversantur
1360 807 1432 844 sibi
1457 807 1556 845 enim
1575 807 1664 845 haec

155 876 285 909 mutuo
315 885 432 922 neque
459 873 569 909 simul
597 886 678 908 vera
707 885 784 909 0550
809 876 979 922 possunt.
1008 873 1059 908 At
1088 884 1171 908 vero
1200 884 1269 908 nos
1290 871 1379 908 certi
1399 885 1539 918 sumus,
1561 871 1672 909 Chri-

153 940 234 974 tum
255 936 457 973 Dominum
486 950 607 973 veram
635 949 782 973 carnem
809 949 962 985 eamque
989 935 1199 978 humanam,
1227 935 1297 972 hoc
1323 940 1390 981 est,
1417 939 1581 973 nostram
1604 936 1669 973 ha-

157 998 292 1043 buisse,
317 999 422 1036 iuxta
449 1013 558 1049 quam
583 1003 760 1039 tentatus.
786 1011 927 1048 passus,
954 1011 996 1035 ac
1022 1002 1192 1035 mortuus
1220 1012 1367 1048 quoque
1389 1003 1456 1037 est.
1486 1000 1672 1037 Assentiri

153 1062 270 1111 igitur
298 1076 371 1100 non
399 1076 595 1113 possumus
621 1067 706 1100 tuae
732 1063 1043 1112 interpretationi,
1070 1076 1164 1113 quae
1190 1067 1253 1100 aut
1271 1063 1468 1100 monadem
1493 1064 1532 1101 in
1552 1064 1672 1102 triade

157 1127 291 1164 Divina
328 1126 450 1167 solvit,
485 1130 549 1163 aut
586 1126 775 1163 Christum
811 1125 1013 1162 Dominum
1049 1139 1144 1167 vera,
1182 1125 1252 1162 hoc
1279 1130 1346 1170 est,
1374 1125 1533 1163 humana
1562 1139 1670 1164 carne

157 1191 342 1254 spoliabit.
381 1190 523 1226 Deinde
549 1202 790 1239 personarum
817 1202 964 1240 quoque
990 1189 1029 1226 in
1055 1189 1174 1226 triade
1202 1189 1337 1226 Divina
1355 1190 1559 1240 proprietas
1581 1203 1670 1228 con-

155 1254 326 1291 funditu‘r
354 1254 422 1290 hac
447 1257 511 1291 tua
536 1253 852 1303 interpretatione.
882 1253 949 1290 Est
966 1253 1064 1290 enim
1084 1253 1156 1290 hoc
1172 1253 1363 1303 proprium
1383 1254 1453 1291 soli
1472 1254 1572 1291 Patri
1592 1254 1673 1300 deo,

153 1322 195 1354 ut
222 1317 340 1354 filium
368 1331 475 1354 suum
501 1317 644 1366 gignat.
673 1317 757 1354 Jam
784 1317 884 1367 quod
911 1317 960 1364 (E
987 1317 1079 1365 iiiib)
1105 1317 1277 1355 universa
1305 1317 1486 1369 scriptura
1514 1318 1584 1356 soli
1601 1319 1671 1356 Pa-

154 1381 205 1418 tri
229 1381 422 1430 proprium
450 1393 528 1417 esse
556 1380 676 1423 docet,
705 1393 835 1430 nempe
861 1386 903 1417 ut
930 1380 1048 1417 filium
1078 1393 1185 1417 suum
1211 1380 1354 1429 gignat,
1379 1380 1418 1417 id
1444 1384 1487 1418 tu
1512 1381 1557 1418 ad
1587 1381 1672 1431 Spi-

152 1443 266 1481 ritum
294 1457 441 1495 quoque
467 1448 636 1481 sanctum
662 1444 863 1481 transferre
891 1444 1037 1481 videris.
1065 1445 1099 1481 A
1127 1444 1263 1494 quibus
1289 1444 1388 1481 enim
1415 1445 1534 1482 nostri
1557 1445 1670 1495 origi-

154 1522 238 1545 nem
275 1509 465 1555 sumimus,
501 1509 599 1559 quod
638 1508 681 1545 ad
711 1508 960 1545 substantiam
987 1508 1108 1546 nostri
1132 1509 1348 1559 praesertim
1374 1509 1518 1556 attinet,
1543 1523 1671 1548 eorum

153 1585 240 1610 sane
268 1572 336 1609 filii
362 1586 500 1618 sumus,
527 1576 563 1609 et
589 1572 674 1609 illos
701 1576 872 1622 parentes
900 1585 1085 1610 vocamus.
1133 1572 1173 1608 Si
1198 1572 1314 1621 igitur
1342 1572 1511 1610 Christus
1539 1573 1670 1611 Domi-

154 1650 224 1673 nus
261 1637 443 1685 originem
480 1636 536 1673 sui
571 1636 727 1686 sumpsit
753 1649 772 1673 0
800 1636 919 1673 sancti
947 1636 1106 1686 Spiritus
1135 1636 1357 1682 substantia,
1386 1640 1482 1674 certe
1510 1637 1669 1687 Spiritus

152 1704 302 1738 sanctus
337 1701 405 1737 erit
432 1701 540 1737 Pater
568 1700 718 1743 Christi,
745 1707 780 1738 et
808 1700 979 1737 Christus
1007 1700 1170 1738 vicissim
1198 1713 1273 1738 non
1301 1700 1421 1738 Patris
1447 1701 1559 1738 modo
1587 1700 1670 1746 Dei,

153 1764 214 1801 sed
251 1767 287 1801 et
323 1764 482 1814 Spiritus
519 1777 665 1814 quoque
701 1763 820 1801 sancti
846 1764 957 1801 filius.
1011 1763 1097 1801 Qua
1126 1764 1169 1801 de
1195 1777 1234 1801 re
1262 1763 1407 1814 copiose
1434 1764 1668 1813 Augustinus

154 1828 318 1878 disputat
343 1829 381 1865 in
413 1828 655 1866 aEnchiridio
685 1829 729 1865 ad
758 1828 1028 1865 Laurentium”
1056 1831 1166 1878 atque
1193 1841 1212 1865 e
1240 1828 1431 1878 scripturis
1460 1829 1668 1866 doctrinam

153 1891 250 1928 hanc
284 1895 386 1928 tuam
422 1892 567 1929 refellit.
623 1892 727 1929 Haec
766 1905 849 1929 cum
885 1905 1008 1929 secum
1045 1892 1189 1930 adferat
1216 1892 1340 1929 omnia
1367 1895 1432 1929 tua
1458 1893 1531 1930 1001
1558 1893 1667 1930 11111115

152 1956 419 2006 interpretatio.
446 1957 477 1993 si
505 1956 693 1994 Christum
720 1956 923 1993 Dominum
949 1969 969 1994 0
997 1956 1138 2007 Spiritu
1166 1962 1307 2002 sancto,
1334 1957 1405 1994 hoc
1431 1961 1499 2003 est,
1525 1970 1569 1994 ex
1589 1957 1666 1995 eius

153 2020 364 2058 substantia
403 2020 521 2057 earnis
559 2033 644 2057 suae
680 2020 860 2069 originem
888 2019 1045 2057 traxisse
1070 2025 1190 2070 putas,
1218 2034 1310 2071 quae
1335 2025 1460 2058 tamen
1487 2020 1667 2058 incolumi

154 2084 356 2143 scripturae
382 2083 580 2121 autoritate
609 2083 810 2121 consistere
838 2084 939 2121 nullo
967 2084 1078 2121 modo
1097 2090 1275 2134 possunt3
1294 2106 1344 2113 —-
1364 2098 1432 2122 nos
1450 2098 1537 2122 sane
1550 2084 1666 2135 scrip-

151 2153 256 2186 turae
285 2161 506 2185 consensum
533 2147 642 2185 nobis
669 2147 903 2185 retinendum
929 2148 1050 2185 modis
1077 2148 1250 2185 omnibus
1269 2162 1347 2186 esse
1360 2152 1546 2199 putamus,
1561 2149 1666 2186 iuxta

152 2226 260 2263 quem
298 2212 391 2249 nihil
426 2211 595 2262 equidem
630 2212 805 2249 adversus
835 2212 1042 2250 doctrinam
1069 2216 1234 2250 nostram
1261 2213 1371 2250 faciet
1397 2213 1501 2250 loeus
1529 2212 1600 2255 hic,
1626 2213 1666 2251 in

151 2289 225 2326 quo
252 2279 294 2312 tu
320 2280 442 2312 tamen
468 2274 705 2325 praecipuum
738 2275 928 2313 doctrinae
954 2279 1038 2313 tuae
1064 2276 1347 2313 fundamentum
1363 2289 1499 2326 ponere
1518 2276 1664 2316 videris.

204 2339 276 2377 Sed
302 2339 423 2377 adfers
451 2339 564 2376 alium
592 2339 639 2385 (Ε
670 2341 724 2387 va)
751 2340 886 2387 locum,
907 2352 980 2390 quo
1001 2352 1077 2377 non
1096 2341 1215 2377 solum
1236 2339 1274 2376 id
1295 2341 1432 2377 efficere
1451 2340 1608 2385 conaris,
1624 2344 1666 2377 ut

152 2416 172 2441 0
199 2403 343 2453 virgine
369 2408 485 2440 matre
513 2402 704 2440 Christum
733 2408 952 2453 conceptum
981 2416 1049 2441 nos
1076 2416 1154 2441 esse
1181 2403 1325 2448 doceas,
1353 2403 1415 2441 sed
1433 2407 1475 2441 ut
1493 2403 1665 2441 ostendas

152 2469 274 2508 etiam.
302 2472 529 2518 assumptam
556 2467 602 2504 ab
629 2467 694 2504 illo
723 2481 800 2504 nonv
825 2481 904 2505 esse
931 2481 1077 2505 carnem
1105 2471 1282 2510 nostram,
1299 2467 1361 2505 sed
1379 2468 1666 2505 commutatione

153 2534 312 2586 quadam
348 2533 486 2569 factum
523 2545 612 2574 esse,
646 2537 687 2568 ut
726 2532 878 2568 verbum
912 2532 986 2569 iam
1023 2532 1070 2569 sit
1106 2544 1200 2574 caro.
1236 2532 1334 2582 quod
1371 2531 1477 2568 initio
1507 2531 1666 2581 Spiritus

153 2605 240 2637 crat.
283 2598 321 2635 Is
348 2611 457 2648 porro
487 2602 541 2634 est
569 2596 726 2633 „ioannis
755 2596 896 2646 primo:
926 2596 974 2633 Et
1002 2597 1155 2633 verbum
1184 2609 1267 2633 caro
1295 2596 1435 2633 factum
1462 2602 1529 2633 est.
1586 2596 1665 2633 Nos

153 2676 237 2700 vero
266 2663 387 2699 locum
418 2661 514 2697 1111110
541 2660 698 2696 Joannis
733 2660 890 2697 lihcnter
917 2660 1186 2710 amplectimur.
1217 2660 1409 2697 Caeterum
1435 2659 1580 2708 assequi
1607 2672 1665 2696 sa-

151 2727 200 2765 tis
236 2740 309 2764 non
347 2738 542 2777 possumus
577 2730 678 2762 tuam
712 2724 1064 2775 interpretationem,
1098 2737 1141 2761 ac
1169 2724 1333 2761 videmus
1360 2723 1509 2773 quidem
1536 2723 1602 2760 ahs
1629 2726 1666 2760 te

153 2790 277 2839 urgeri
307 2803 432 2827 vocem
462 2789 556 2825 hanc
583 2791 757 2837 ἐγένετο,
784 2801 893 2838 quam
920 2788 1057 2825 latinus
1084 2787 1263 2838 interpres
1290 2787 1428 2837 ubique
1455 2787 1530 2823 fere
1557 2787 1666 2824 vertit

155 2854 323 2892 ufactum
351 2853 452 2900 est'';
480 2853 542 2890 sed
571 2864 732 2902 quonam
759 2851 869 2889 modo
897 2851 999 2888 illam
1026 2864 1199 2903 exponas,
1226 2864 1299 2888 non
1321 2863 1471 2901 prorsus
1488 2851 1666 2890 affirmare
