1818 3178
151 132 221 168 168
496 136 548 162 m:
577 131 857 161 SACRAMENTIS
890 129 1104 156 nocensne
1133 129 1312 158 cams'rl.

161 244 201 278 ut
228 243 281 277 est
308 238 499 288 explicata.
525 234 754 283 obsignetur.
808 231 1047 281 Ubicumque
1074 230 1174 267 enim
1200 230 1290 268 haec
1319 229 1602 267 commonstrari
1628 229 1669 268 in

162 303 272 340 verbo
301 301 370 339 Dei
395 300 445 337 ita
470 300 627 348 possunt
661 296 755 332 circa
792 295 953 345 aliquam
979 293 1050 331 Dei
1076 293 1361 339 ordinationem,
1396 293 1473 330 illie
1500 293 1573 331 iam
1601 295 1670 331 Sa-

164 370 387 404 cramentum
414 363 522 400 etiam
549 373 627 398 esse
653 359 806 397 omnino
836 351 999 396 dubitari
1027 358 1185 408 amplius
1213 371 1289 396 non
1316 363 1450 409 potest.

216 429 383 466 Secundo
427 425 697 463 observandum
739 427 806 468 est,
850 422 950 473 quod
993 423 1315 460 Sacramentorum
1349 436 1439 461 usus
1474 422 1521 460 ad
1557 425 1674 460 totam

163 493 298 531 Christi
335 490 536 528 Ecclesiam
572 495 607 526 et
643 488 767 525 omnia
801 487 969 525 membra
1004 487 1105 524 illius
1142 488 1235 524 eitra
1272 487 1562 525 controversiam
1589 500 1672 538 per·

160 558 285 598 tineat,
326 559 581 604 praeterquam
627 552 657 589 si
693 555 756 588 aut
799 551 838 587 in
885 549 1105 587 sacramenti
1139 550 1375 588 institutione
1409 551 1489 602 ipsa
1525 554 1677 601 propter

162 617 324 668 mysterii
358 616 678 654 adumbrationem
714 627 791 652 non
827 614 985 651 obscura
1021 613 1146 664 aliqua
1180 614 1410 665 exceptionis
1450 614 1674 664 significatio

163 685 277 729 detur,
313 686 376 719 aut
412 684 565 719 naturae
604 680 740 717 adnata
773 679 913 729 alioqui
947 678 1167 725 infirmitas,
1203 683 1267 716 aut
1301 679 1451 717 evidens
1486 682 1677 730 praeterea

161 749 268 786 etiam
304 746 502 785 necessitas
538 744 661 795 aliqua
696 757 765 781 nos
800 747 922 781 arceat
949 744 995 781 ab
1025 756 1093 781 usu
1119 743 1201 794 ipso
1230 748 1571 791 sacramentorum3
1599 756 1674 781 non

161 810 396 850 enim'homo
423 812 575 860 propter
602 807 811 845 sabbatum.

210 875 341 925 Neque
368 887 405 911 se
433 873 493 909 hic
519 884 692 910 excusare
719 874 875 922 possunt
904 870 978 907 ullo
1006 869 1131 915 modo,
1159 870 1223 921 qui
1249 870 1296 908 ab
1323 882 1393 908 usu
1419 869 1587 919 legitimo
1616 883 1676 907 sa-

161 942 431 977 cramentorum
466 950 528 975 eos
565 939 703 981 arcent,
742 936 829 973 dum
857 935 985 973 haberi
1010 938 1146 986 potest,
1181 948 1274 986 quos
1302 935 1349 972 ad
1378 932 1518 973 Christi
1547 934 1680 972 Eccle-

163 1005 253 1041 siam
279 1003 461 1054 pertinere
488 1001 725 1051 membraque
751 1000 851 1037 illius
878 1013 957 1037 esse
986 1012 1063 1037 non
1088 1000 1279 1048 ignorant,
1305 999 1520 1051 praesertim
1545 998 1576 1036 si
1593 998 1680 1036 nul·

162 1067 237 1103 lam
274 1064 545 1116 praedictarum
583 1063 841 1114 exceptionum
877 1062 1044 1112 proferre
1080 1066 1238 1112 queant3
1275 1065 1311 1099 et
1346 1061 1500 1112 perinde
1525 1060 1683 1106 faciunt,

162 1133 272 1179 atque
319 1129 350 1165 si
393 1127 585 1178 diplomati
630 1126 730 1176 regio
768 1126 930 1175 sigillum
968 1126 1069 1163 illius
1103 1126 1271 1176 abripere
1310 1130 1544 1171 conarentur,
1581 1125 1683 1176 quod

164 1206 250 1230 sane
278 1191 356 1229 sine
383 1191 480 1240 regis
506 1191 622 1242 ipsius
651 1190 875 1228 contumelia
902 1191 1023 1227 faeere
1050 1203 1126 1228 non
1154 1194 1321 1241 possent.

212 1257 378 1306 Cumque
412 1255 503 1292 fides
538 1255 617 1305 ipsa
652 1254 850 1292 ministerii
886 1254 1007 1291 nostri
1042 1254 1082 1291 id
1116 1253 1290 1305 postulet,
1329 1254 1414 1301 (fol.
1443 1255 1529 1301 63¹³)
1559 1255 1610 1295 ut,
1635 1252 1683 1290 ad

161 1333 253 1370 quos
287 1326 521 1370 peccatorum
557 1320 812 1357 remissionem
846 1320 1030 1370 pertinere
1066 1319 1215 1364 seimus,
1241 1318 1390 1356 eosdem
1418 1318 1527 1355 etiam
1558 1317 1680 1355 delato

161 1385 333 1422 omnibus
378 1384 606 1422 remissionis
650 1384 884 1429 testimonio,
933 1384 1141 1433 Euangelio
1180 1383 1290 1421 nobis
1329 1383 1445 1420 veluti
1484 1382 1686 1433 diplomate

164 1448 323 1498 quodam
367 1448 524 1494 tradito,
569 1449 648 1486 sine
686 1449 792 1499 eulpa
828 1448 1000 1486 fraudare
1036 1461 1112 1486 non
1155 1448 1363 1499 possimus,
1408 1447 1524 1484 multo
1560 1446 1686 1484 minus

163 1512 407 1562 proculdubio
445 1513 518 1550 illis
547 1512 759 1563 diplomatis
787 1512 909 1562 sigilla
938 1526 1008 1550 una
1038 1525 1123 1549 eum
1149 1512 1230 1563 ipso
1260 1511 1462 1562 diplomate
1488 1523 1686 1562 possumus

165 1576 355 1625 denegare,
392 1577 465 1613 nisi
493 1578 523 1614 si
551 1590 643 1628 quae
670 1577 944 1627 praedictarum
970 1577 1233 1628 exceptionum
1260 1576 1480 1613 intercedat.

217 1641 294 1677 Qui
331 1654 416 1677 vero
453 1645 517 1678 aut
543 1655 607 1691 per
634 1642 888 1692 exceptionem
917 1642 1079 1691 aliquam
1107 1641 1146 1678 in
1175 1642 1255 1692 ipsa
1287 1639 1507 1677 sacramenti
1534 1639 1687 1676 institu-

165 1703 267 1741 tione
303 1704 549 1741 excluduntur
582 1703 733 1755 propter
768 1705 936 1754 mysterii
973 1705 1310 1748 adumbrationem,
1343 1708 1385 1741 ut
1420 1703 1613 1741 foemellae
1645 1703 1686 1740 in

168 1768 457 1811 circumcisione,
477 1790 524 1797 --
545 1773 607 1806 aut
620 1783 683 1819 per
703 1773 857 1807 naturae
878 1769 1134 1807 infirmitatem
1153 1769 1344 1819 signorum
1364 1767 1687 1806 sacramentalium

170 1846 320 1883 capaces
347 1846 425 1870 esse
452 1846 529 1870 non
554 1837 722 1883 possunt,
759 1838 798 1870 ut
825 1834 987 1872 infantes
1014 1835 1055 1871 in
1082 1834 1171 1883 agni
1199 1834 1289 1871 olim
1311 1833 1495 1884 paschalis
1523 1836 1559 1870 ct
1585 1845 1688 1870 nunc

169 1897 209 1933 in
237 1909 370 1934 coenae
398 1897 603 1934 dominicae
631 1911 710 1940 usu,
726 1920 775 1926 --
792 1903 856 1935 aut
881 1898 992 1935 etiam
1018 1911 1082 1949 per
1110 1898 1314 1935 evidentem
1345 1897 1503 1948 aliquam
1528 1896 1690 1934 necessi-

170 1964 283 1997 tatem
325 1965 560 2007 excusantur,
594 1965 635 1998 ut
670 1962 828 2012 populus
865 1963 953 1999 olim
989 1963 1141 2000 Israelis
1177 1963 1216 2000 in
1254 1962 1398 2000 deserto
1434 1965 1470 1999 et
1497 1961 1560 2012 qui
1588 1973 1688 1998 nune

174 2023 312 2061 morbis
341 2025 464 2062 afflicti
492 2025 612 2062 coetui
632 2025 892 2063 Ecclesiastico
920 2026 1098 2064 interesse
1128 2040 1203 2064 non
1230 2030 1399 2077 possunt,
1417 2047 1467 2054 —-
1488 2025 1527 2062 hi
1550 2038 1693 2071 omnes,

173 2087 337 2137 inquam,
372 2102 436 2138 pro
473 2089 662 2138 insignitis
701 2095 896 2128 censentur
923 2091 961 2128 in
991 2091 1159 2128 Ecclesia
1187 2091 1340 2137 Christi,
1377 2103 1494 2141 neque
1520 2089 1595 2127 illis
1622 2103 1690 2127 ne-

174 2152 314 2199 glectus
352 2153 448 2190 ullus
485 2158 800 2191 sacramentorum
833 2155 1038 2205 imputatur
1065 2156 1110 2193 ad
1140 2156 1504 2201 condemnationem,
1531 2155 1563 2192 si
1588 2155 1692 2192 illam

178 2215 298 2261 modo,
335 2216 418 2253 data
454 2217 571 2267 prima
598 2231 743 2268 quaque
770 2219 926 2267 legitimi
952 2232 1078 2257 eorum
1108 2233 1196 2257 usus
1225 2220 1431 2266 occasione,
1469 2232 1544 2257 non
1573 2219 1694 2268 negli-

179 2284 267 2326 gant
295 2284 358 2317 aut
385 2287 635 2320 contemnant.

231 2344 308 2380 Ista
343 2358 451 2394 porro
480 2359 543 2383 seu
569 2347 797 2397 exceptionis
823 2349 863 2385 in
889 2348 968 2399 ipsa
995 2350 1245 2392 institutione,
1287 2362 1349 2387 seu
1377 2349 1534 2386 adnatae
1561 2352 1695 2385 natura

183 2407 421 2453 infirmitatis,
448 2410 522 2446 sive
549 2411 659 2448 etiam
687 2412 917 2450 necessitatis
945 2415 1122 2465 exempla,
1146 2427 1222 2452 non
1241 2417 1387 2451 mutant
1405 2413 1557 2450 interim
1580 2416 1697 2450 aeter-

186 2484 270 2507 nam
308 2472 407 2508 illam
443 2475 525 2520 (fol.
554 2477 636 2522 642¹)
672 2475 741 2512 Dei
778 2478 1016 2517 voluntatem.
1056 2479 1154 2516 Deus
1191 2480 1280 2524 vult,
1316 2482 1356 2516 ut
1393 2491 1533 2523 omnes,
1559 2477 1622 2528 qni
1650 2477 1698 2514 ad

186 2534 388 2571 Ecclesiam
417 2539 676 2586 quoquomodo
703 2540 901 2589 pertinent,
922 2543 1169 2580 Sam-amentis
1199 2543 1273 2579 suis
1304 2546 1466 2585 utantur,
1495 2541 1580 2578 dum
1603 2540 1698 2589 legi-

184 2598 272 2635 time
308 2598 612 2637 administrantur
639 2603 751 2640 iuxta'
771 2604 885 2654 ipsius
912 2606 1196 2652 ordinationem,
1234 2606 1414 2657 siquidem
1452 2606 1553 2643 nulla
1582 2605 1699 2643 dicta-

187 2676 265 2700 rum
295 2664 553 2713 exceptionum
580 2665 795 2706 intercedat.

238 2728 363 2764 Tertio
401 2728 670 2765 observandum
697 2736 763 2776 est,
790 2734 902 2782 quod,
928 2736 998 2772 etsi
1028 2736 1265 2773 Sacramenta
1293 2736 1332 2773 in
1361 2735 1478 2784 signis
1507 2735 1583 2772 suis
1611 2733 1702 2771 visi-

192 2791 329 2828 bilibus
367 2791 510 2829 diversa
555 2805 632 2829 esse
665 2794 870 2842 videantur,
907 2799 1217 2847 quemadmodum
1254 2799 1489 2848 Augustinus
1525 2797 1703 2849 loquitur,

189 2858 324 2901 tamen,
361 2869 441 2893 cum
479 2868 593 2892 unum
622 2856 668 2893 sit
695 2861 802 2908 atque
836 2859 932 2897 idem
962 2862 1128 2898 omnium
1154 2863 1384 2912 mysterium,
1409 2867 1451 2900 nt
1477 2862 1550 2899 iam
1578 2865 1703 2899 osten-
