<?xml version="1.0" encoding="UTF-8"?>
<!DOCTYPE html PUBLIC "-//W3C//DTD XHTML 1.0 Transitional//EN"
    "http://www.w3.org/TR/xhtml1/DTD/xhtml1-transitional.dtd">
<html xmlns="http://www.w3.org/1999/xhtml" xml:lang="en" lang="en">
 <head>
  <title>
</title>
<meta http-equiv="Content-Type" content="text/html;charset=utf-8" />
  <meta name='ocr-system' content='tesseract 3.04.00' />
  <meta name='ocr-capabilities' content='ocr_page ocr_carea ocr_par ocr_line ocrx_word'/>
</head>
<body>
  <div class='ocr_page' id='page_1' title='image "./operatameditaqua01lask_0438.png"; bbox 0 0 1818 3178; ppageno 0'>
   <div class='ocr_carea' id='block_1_1' title="bbox 198 145 271 181">
    <p class='ocr_par' dir='ltr' id='par_1_1' title="bbox 198 145 271 181">
     <span class='ocr_line' id='line_1_1' title="bbox 198 145 271 181; baseline 0 0"><span class='ocrx_word' id='word_1_1' title='bbox 198 145 271 181; x_wconf 79' lang='lat'>306</span> 
     </span>
    </p>
   </div>
   <div class='ocr_carea' id='block_1_2' title="bbox 205 246 1741 2804">
    <p class='ocr_par' dir='ltr' id='par_1_2' title="bbox 207 246 1737 481">
     <span class='ocr_line' id='line_1_2' title="bbox 209 246 1733 292; baseline -0.005 -1"><span class='ocrx_word' id='word_1_2' title='bbox 209 253 352 291; x_wconf 83' lang='lat' dir='ltr'>fuisset.</span> <span class='ocrx_word' id='word_1_3' title='bbox 406 251 465 287; x_wconf 84' lang='lat' dir='ltr'>Ita</span> <span class='ocrx_word' id='word_1_4' title='bbox 508 247 607 286; x_wconf 90' lang='lat' dir='ltr'>enim</span> <span class='ocrx_word' id='word_1_5' title='bbox 659 252 823 285; x_wconf 78' lang='lat' dir='ltr'>vocatur.</span> <span class='ocrx_word' id='word_1_6' title='bbox 853 246 941 283; x_wconf 78' lang='lat' dir='ltr'>Non</span> <span class='ocrx_word' id='word_1_7' title='bbox 969 246 1087 283; x_wconf 79' lang='lat' dir='ltr'>Deum</span> <span class='ocrx_word' id='word_1_8' title='bbox 1114 246 1264 284; x_wconf 80' lang='lat' dir='ltr'>Patrem</span> <span class='ocrx_word' id='word_1_9' title='bbox 1291 247 1462 292; x_wconf 78' lang='lat' dir='ltr'>intuetur,</span> <span class='ocrx_word' id='word_1_10' title='bbox 1484 247 1733 285; x_wconf 78' lang='lat' dir='ltr'>advenientem</span> 
     </span>
     <span class='ocr_line' id='line_1_3' title="bbox 207 311 1737 365; baseline -0.004 -11"><span class='ocrx_word' id='word_1_11' title='bbox 207 317 283 365; x_wconf 86' lang='lat' dir='ltr'>legi</span> <span class='ocrx_word' id='word_1_12' title='bbox 317 316 357 352; x_wconf 91' lang='lat' dir='ltr'>in</span> <span class='ocrx_word' id='word_1_13' title='bbox 383 312 613 362; x_wconf 83' lang='lat' dir='ltr'>Purgatione</span> <span class='ocrx_word' id='word_1_14' title='bbox 664 324 746 347; x_wconf 84' lang='lat' dir='ltr'>cum</span> <span class='ocrx_word' id='word_1_15' title='bbox 771 311 855 357; x_wconf 82' lang='lat' dir='ltr'>filio</span> <span class='ocrx_word' id='word_1_16' title='bbox 894 315 926 347; x_wconf 84' lang='lat' dir='ltr'>et</span> <span class='ocrx_word' id='word_1_17' title='bbox 957 311 1092 358; x_wconf 79' lang='lat' dir='ltr'>spiritu</span> <span class='ocrx_word' id='word_1_18' title='bbox 1125 316 1267 355; x_wconf 81' lang='lat' dir='ltr'>sancto,</span> <span class='ocrx_word' id='word_1_19' title='bbox 1301 319 1333 348; x_wconf 90' lang='lat' dir='ltr'>et</span> <span class='ocrx_word' id='word_1_20' title='bbox 1359 312 1581 348; x_wconf 74' lang='lat' dir='ltr'><em>habitantem</em></span> <span class='ocrx_word' id='word_1_21' title='bbox 1611 312 1649 348; x_wconf 81' lang='lat' dir='ltr'>in</span> <span class='ocrx_word' id='word_1_22' title='bbox 1676 313 1737 358; x_wconf 76' lang='lat' dir='ltr'>iis,</span> 
     </span>
     <span class='ocr_line' id='line_1_4' title="bbox 209 373 1737 424; baseline -0.003 -6"><span class='ocrx_word' id='word_1_23' title='bbox 209 383 337 418; x_wconf 89' lang='lat' dir='ltr'>nostra</span> <span class='ocrx_word' id='word_1_24' title='bbox 425 376 605 414; x_wconf 87' lang='lat' dir='ltr'>debebat:</span> <span class='ocrx_word' id='word_1_25' title='bbox 659 376 725 424; x_wconf 79' lang='lat' dir='ltr'>qui</span> <span class='ocrx_word' id='word_1_26' title='bbox 756 376 914 424; x_wconf 69' lang='lat' dir='ltr'>dilz‘yunt</span> <span class='ocrx_word' id='word_1_27' title='bbox 952 373 1134 412; x_wconf 78' lang='lat' dir='ltr'><em>Christum</em></span> <span class='ocrx_word' id='word_1_28' title='bbox 1170 381 1203 411; x_wconf 86' lang='lat' dir='ltr'>et</span> <span class='ocrx_word' id='word_1_29' title='bbox 1236 387 1436 412; x_wconf 76' lang='lat' dir='ltr'>sermonem</span> <span class='ocrx_word' id='word_1_30' title='bbox 1473 375 1549 412; x_wconf 83' lang='lat' dir='ltr'>eius</span> <span class='ocrx_word' id='word_1_31' title='bbox 1576 381 1737 414; x_wconf 76' lang='lat' dir='ltr'>servant.</span> 
     </span>
     <span class='ocr_line' id='line_1_5' title="bbox 213 441 608 481; baseline -0.003 -2"><span class='ocrx_word' id='word_1_32' title='bbox 213 462 230 479; x_wconf 70' lang='lat' dir='ltr'><em>u</em></span> <span class='ocrx_word' id='word_1_33' title='bbox 245 444 336 481; x_wconf 93' lang='lat' dir='ltr'>Cum</span> <span class='ocrx_word' id='word_1_34' title='bbox 367 441 447 479; x_wconf 86' lang='lat' dir='ltr'>illic</span> <span class='ocrx_word' id='word_1_35' title='bbox 474 441 608 478; x_wconf 84' lang='lat' dir='ltr'>docea-</span> 
     </span>
    </p>

    <p class='ocr_par' dir='ltr' id='par_1_3' title="bbox 212 505 609 556">
     <span class='ocr_line' id='line_1_6' title="bbox 212 505 609 556; baseline -0.003 -13"><span class='ocrx_word' id='word_1_36' title='bbox 212 512 303 546; x_wconf 75' lang='lat' dir='ltr'>ntur</span> <span class='ocrx_word' id='word_1_37' title='bbox 364 509 515 556; x_wconf 81' lang='lat' dir='ltr'>(nempe</span> <span class='ocrx_word' id='word_1_38' title='bbox 568 505 609 542; x_wconf 93' lang='lat' dir='ltr'>in</span> 
     </span>
    </p>

    <p class='ocr_par' dir='ltr' id='par_1_4' title="bbox 212 569 607 621">
     <span class='ocr_line' id='line_1_7' title="bbox 212 569 607 621; baseline -0.01 -11"><span class='ocrx_word' id='word_1_39' title='bbox 212 575 432 621; x_wconf 82' lang='lat' dir='ltr'>Augustana</span> <span class='ocrx_word' id='word_1_40' title='bbox 507 569 607 607; x_wconf 91' lang='lat' dir='ltr'>Con-</span> 
     </span>
    </p>

    <p class='ocr_par' dir='ltr' id='par_1_5' title="bbox 210 633 617 682">
     <span class='ocr_line' id='line_1_8' title="bbox 210 633 617 682; baseline -0.01 -8"><span class='ocrx_word' id='word_1_41' title='bbox 210 636 402 682; x_wconf 87' lang='lat' dir='ltr'>fessione),</span> <span class='ocrx_word' id='word_1_42' title='bbox 437 634 549 672; x_wconf 91' lang='lat' dir='ltr'>fidem</span> <span class='ocrx_word' id='word_1_43' title='bbox 576 633 617 671; x_wconf 92' lang='lat' dir='ltr'>in</span> 
     </span>
    </p>

    <p class='ocr_par' dir='ltr' id='par_1_6' title="bbox 212 700 606 738">
     <span class='ocr_line' id='line_1_9' title="bbox 212 700 606 738; baseline -0.003 -3"><span class='ocrx_word' id='word_1_44' title='bbox 212 713 312 738; x_wconf 72' lang='lat' dir='ltr'>ausu</span> <span class='ocrx_word' id='word_1_45' title='bbox 347 700 606 737; x_wconf 87' lang='lat' dir='ltr'>Sacramento·</span> 
     </span>
    </p>

    <p class='ocr_par' dir='ltr' id='par_1_7' title="bbox 214 761 608 814">
     <span class='ocr_line' id='line_1_10' title="bbox 214 761 608 814; baseline -0.003 -15"><span class='ocrx_word' id='word_1_46' title='bbox 214 783 231 799; x_wconf 71' lang='lat' dir='ltr'><em>u</em></span> <span class='ocrx_word' id='word_1_47' title='bbox 244 778 326 802; x_wconf 81' lang='lat' dir='ltr'>rum</span> <span class='ocrx_word' id='word_1_48' title='bbox 336 763 476 814; x_wconf 81' lang='lat' dir='ltr'>requiri</span> <span class='ocrx_word' id='word_1_49' title='bbox 486 761 608 800; x_wconf 91' lang='lat' dir='ltr'>omni·</span> 
     </span>
    </p>

    <p class='ocr_par' dir='ltr' id='par_1_8' title="bbox 212 828 610 877">
     <span class='ocr_line' id='line_1_11' title="bbox 212 828 610 877; baseline -0.003 -13"><span class='ocrx_word' id='word_1_50' title='bbox 212 843 306 873; x_wconf 71' lang='lat' dir='ltr'>nno,</span> <span class='ocrx_word' id='word_1_51' title='bbox 340 828 610 877; x_wconf 71' lang='lat' dir='ltr'><strong>damneturque</strong></span> 
     </span>
    </p>

    <p class='ocr_par' dir='ltr' id='par_1_9' title="bbox 205 887 1741 2804">
     <span class='ocr_line' id='line_1_12' title="bbox 213 887 1736 938; baseline -0.002 -10"><span class='ocrx_word' id='word_1_52' title='bbox 213 905 373 930; x_wconf 76' lang='lat' dir='ltr'>aeorum</span> <span class='ocrx_word' id='word_1_53' title='bbox 410 890 579 928; x_wconf 88' lang='lat' dir='ltr'>doctrina</span> <span class='ocrx_word' id='word_1_54' title='bbox 616 888 765 933; x_wconf 79' lang='lat' dir='ltr'>diserte,</span> <span class='ocrx_word' id='word_1_55' title='bbox 801 887 865 938; x_wconf 89' lang='lat' dir='ltr'>qui</span> <span class='ocrx_word' id='word_1_56' title='bbox 893 887 995 925; x_wconf 92' lang='lat' dir='ltr'>illam</span> <span class='ocrx_word' id='word_1_57' title='bbox 1024 899 1100 924; x_wconf 90' lang='lat' dir='ltr'>non</span> <span class='ocrx_word' id='word_1_58' title='bbox 1127 887 1336 937; x_wconf 89' lang='lat' dir='ltr'>requirunt,</span> <span class='ocrx_word' id='word_1_59' title='bbox 1363 891 1399 925; x_wconf 87' lang='lat' dir='ltr'>et</span> <span class='ocrx_word' id='word_1_60' title='bbox 1428 887 1603 925; x_wconf 84' lang='lat' dir='ltr'>doceatur</span> <span class='ocrx_word' id='word_1_61' title='bbox 1629 900 1736 938; x_wconf 87' lang='lat' dir='ltr'>prae-</span> 
     </span>
     <span class='ocr_line' id='line_1_13' title="bbox 214 952 1736 1005; baseline 0 -14"><span class='ocrx_word' id='word_1_62' title='bbox 214 975 232 992; x_wconf 71' lang='lat' dir='ltr'><em>n</em></span> <span class='ocrx_word' id='word_1_63' title='bbox 244 962 356 1001; x_wconf 86' lang='lat' dir='ltr'>terea,</span> <span class='ocrx_word' id='word_1_64' title='bbox 383 955 456 993; x_wconf 89' lang='lat' dir='ltr'>fide</span> <span class='ocrx_word' id='word_1_65' title='bbox 481 954 561 1005; x_wconf 87' lang='lat' dir='ltr'>ipsa</span> <span class='ocrx_word' id='word_1_66' title='bbox 588 953 729 1004; x_wconf 87' lang='lat' dir='ltr'>percipi</span> <span class='ocrx_word' id='word_1_67' title='bbox 755 953 927 1002; x_wconf 87' lang='lat' dir='ltr'>gratiam,</span> <span class='ocrx_word' id='word_1_68' title='bbox 954 965 1048 1002; x_wconf 88' lang='lat' dir='ltr'>quae</span> <span class='ocrx_word' id='word_1_69' title='bbox 1076 952 1319 990; x_wconf 66' lang='lat' dir='ltr'>sacramentis</span> <span class='ocrx_word' id='word_1_70' title='bbox 1348 952 1581 1001; x_wconf 83' lang='lat' dir='ltr'>significatur</span> <span class='ocrx_word' id='word_1_71' title='bbox 1609 956 1736 991; x_wconf 86' lang='lat' dir='ltr'>osten-</span> 
     </span>
     <span class='ocr_line' id='line_1_14' title="bbox 215 1017 1737 1062; baseline 0 -6"><span class='ocrx_word' id='word_1_72' title='bbox 215 1040 233 1056; x_wconf 88' lang='lat' dir='ltr'>ll</span> <span class='ocrx_word' id='word_1_73' title='bbox 247 1022 347 1060; x_wconf 85' lang='lat' dir='ltr'>ditur</span> <span class='ocrx_word' id='word_1_74' title='bbox 382 1025 417 1058; x_wconf 85' lang='lat' dir='ltr'>et</span> <span class='ocrx_word' id='word_1_75' title='bbox 452 1019 664 1062; x_wconf 75' lang='lat' dir='ltr'>exhibetur.</span> <span class='ocrx_word' id='word_1_76' title='bbox 695 1018 785 1055; x_wconf 90' lang='lat' dir='ltr'>fides</span> <span class='ocrx_word' id='word_1_77' title='bbox 822 1020 944 1055; x_wconf 87' lang='lat' dir='ltr'>autem</span> <span class='ocrx_word' id='word_1_78' title='bbox 984 1021 1110 1055; x_wconf 86' lang='lat' dir='ltr'>nostra</span> <span class='ocrx_word' id='word_1_79' title='bbox 1138 1017 1268 1054; x_wconf 85' lang='lat' dir='ltr'>nihil</span> <span class='ocrx_word' id='word_1_80' title='bbox 1303 1017 1445 1055; x_wconf 90' lang='lat' dir='ltr'>huius</span> <span class='ocrx_word' id='word_1_81' title='bbox 1474 1017 1536 1055; x_wconf 85' lang='lat' dir='ltr'>hic</span> <span class='ocrx_word' id='word_1_82' title='bbox 1561 1018 1602 1055; x_wconf 91' lang='lat' dir='ltr'>in</span> <span class='ocrx_word' id='word_1_83' title='bbox 1628 1018 1737 1056; x_wconf 86' lang='lat' dir='ltr'>terris</span> 
     </span>
     <span class='ocr_line' id='line_1_15' title="bbox 217 1081 1737 1132; baseline -0.001 -11"><span class='ocrx_word' id='word_1_84' title='bbox 217 1103 235 1121; x_wconf 73' lang='lat' dir='ltr'>u</span> <span class='ocrx_word' id='word_1_85' title='bbox 249 1087 449 1130; x_wconf 84' lang='lat' dir='ltr'>intueatur,</span> <span class='ocrx_word' id='word_1_86' title='bbox 485 1083 561 1129; x_wconf 88' lang='lat' dir='ltr'>sed,</span> <span class='ocrx_word' id='word_1_87' title='bbox 597 1082 643 1119; x_wconf 88' lang='lat' dir='ltr'>ad</span> <span class='ocrx_word' id='word_1_88' title='bbox 680 1095 766 1119; x_wconf 87' lang='lat' dir='ltr'>suae</span> <span class='ocrx_word' id='word_1_89' title='bbox 802 1081 1095 1118; x_wconf 87' lang='lat' dir='ltr'>conversationis</span> <span class='ocrx_word' id='word_1_90' title='bbox 1131 1081 1256 1118; x_wconf 87' lang='lat' dir='ltr'>locum</span> <span class='ocrx_word' id='word_1_91' title='bbox 1292 1084 1421 1119; x_wconf 88' lang='lat' dir='ltr'>autore</span> <span class='ocrx_word' id='word_1_92' title='bbox 1449 1081 1580 1132; x_wconf 87' lang='lat' dir='ltr'>spiritu</span> <span class='ocrx_word' id='word_1_93' title='bbox 1608 1086 1737 1120; x_wconf 90' lang='lat' dir='ltr'>sancto</span> 
     </span>
     <span class='ocr_line' id='line_1_16' title="bbox 216 1146 1737 1196; baseline 0.001 -12"><span class='ocrx_word' id='word_1_94' title='bbox 216 1168 234 1185; x_wconf 71' lang='lat' dir='ltr'>a</span> <span class='ocrx_word' id='word_1_95' title='bbox 249 1150 437 1193; x_wconf 88' lang='lat' dir='ltr'>subvecta,</span> <span class='ocrx_word' id='word_1_96' title='bbox 464 1147 577 1185; x_wconf 85' lang='lat' dir='ltr'>illie</span> <span class='ocrx_word' id='word_1_97' title='bbox 604 1147 801 1185; x_wconf 87' lang='lat' dir='ltr'>salutarem</span> <span class='ocrx_word' id='word_1_98' title='bbox 829 1146 885 1183; x_wconf 89' lang='lat' dir='ltr'>illi</span> <span class='ocrx_word' id='word_1_99' title='bbox 914 1146 1079 1196; x_wconf 82' lang='lat' dir='ltr'>corporis</span> <span class='ocrx_word' id='word_1_100' title='bbox 1108 1149 1144 1183; x_wconf 92' lang='lat' dir='ltr'>et</span> <span class='ocrx_word' id='word_1_101' title='bbox 1172 1146 1369 1195; x_wconf 78' lang='lat' dir='ltr'>sanguinis</span> <span class='ocrx_word' id='word_1_102' title='bbox 1396 1146 1586 1184; x_wconf 78' lang='lat' dir='ltr'>Christi</span> <span class='ocrx_word' id='word_1_103' title='bbox 1613 1147 1737 1185; x_wconf 88' lang='lat' dir='ltr'>cibum</span> 
     </span>
     <span class='ocr_line' id='line_1_17' title="bbox 216 1209 1738 1264; baseline 0 -16"><span class='ocrx_word' id='word_1_104' title='bbox 216 1231 233 1249; x_wconf 76' lang='lat' dir='ltr'>u</span> <span class='ocrx_word' id='word_1_105' title='bbox 249 1216 400 1264; x_wconf 84' lang='lat' dir='ltr'>quaerat</span> <span class='ocrx_word' id='word_1_106' title='bbox 434 1212 624 1249; x_wconf 86' lang='lat' dir='ltr'>intueatur</span> <span class='ocrx_word' id='word_1_107' title='bbox 658 1215 694 1248; x_wconf 91' lang='lat' dir='ltr'>et</span> <span class='ocrx_word' id='word_1_108' title='bbox 730 1209 1022 1261; x_wconf 83' lang='lat' dir='ltr'>app1·ehendat,”</span> <span class='ocrx_word' id='word_1_109' title='bbox 1058 1213 1127 1247; x_wconf 88' lang='lat' dir='ltr'>etc.</span> <span class='ocrx_word' id='word_1_110' title='bbox 1182 1209 1255 1255; x_wconf 78' lang='lat' dir='ltr'>Ita,</span> <span class='ocrx_word' id='word_1_111' title='bbox 1290 1210 1456 1261; x_wconf 90' lang='lat' dir='ltr'>inquam,</span> <span class='ocrx_word' id='word_1_112' title='bbox 1491 1210 1565 1259; x_wconf 81' lang='lat' dir='ltr'>legi</span> <span class='ocrx_word' id='word_1_113' title='bbox 1600 1210 1641 1248; x_wconf 88' lang='lat' dir='ltr'>in</span> <span class='ocrx_word' id='word_1_114' title='bbox 1669 1223 1738 1248; x_wconf 90' lang='lat' dir='ltr'>no-</span> 
     </span>
     <span class='ocr_line' id='line_1_18' title="bbox 213 1263 1739 1326; baseline -0.002 -10"><span class='ocrx_word' id='word_1_115' title='bbox 213 1285 288 1317; x_wconf 84' lang='lat' dir='ltr'>stra</span> <span class='ocrx_word' id='word_1_116' title='bbox 333 1277 560 1326; x_wconf 77' lang='lat' dir='ltr'>Purgatione</span> <span class='ocrx_word' id='word_1_117' title='bbox 606 1275 776 1314; x_wconf 81' lang='lat' dir='ltr'><strong>debebat.</strong></span> <span class='ocrx_word' id='word_1_118' title='bbox 840 1274 890 1312; x_wconf 85' lang='lat' dir='ltr'>Et</span> <span class='ocrx_word' id='word_1_119' title='bbox 933 1275 965 1312; x_wconf 92' lang='lat' dir='ltr'>si</span> <span class='ocrx_word' id='word_1_120' title='bbox 1010 1274 1141 1312; x_wconf 82' lang='lat' dir='ltr'>vocula</span> <span class='ocrx_word' id='word_1_121' title='bbox 1186 1263 1330 1312; x_wconf 80' lang='lat' dir='ltr'>huius</span> <span class='ocrx_word' id='word_1_122' title='bbox 1366 1275 1625 1326; x_wconf 86' lang='lat' dir='ltr'>praetermissa</span> <span class='ocrx_word' id='word_1_123' title='bbox 1661 1288 1739 1313; x_wconf 92' lang='lat' dir='ltr'>non</span> 
     </span>
     <span class='ocr_line' id='line_1_19' title="bbox 212 1338 1739 1392; baseline -0.001 -12"><span class='ocrx_word' id='word_1_124' title='bbox 212 1343 355 1387; x_wconf 84' lang='lat' dir='ltr'>fuisset,</span> <span class='ocrx_word' id='word_1_125' title='bbox 398 1341 522 1378; x_wconf 90' lang='lat' dir='ltr'>videre</span> <span class='ocrx_word' id='word_1_126' title='bbox 558 1340 714 1391; x_wconf 88' lang='lat' dir='ltr'>quisque</span> <span class='ocrx_word' id='word_1_127' title='bbox 748 1343 906 1390; x_wconf 84' lang='lat' dir='ltr'>poterat,</span> <span class='ocrx_word' id='word_1_128' title='bbox 941 1352 999 1376; x_wconf 91' lang='lat' dir='ltr'>me</span> <span class='ocrx_word' id='word_1_129' title='bbox 1033 1352 1110 1377; x_wconf 90' lang='lat' dir='ltr'>non</span> <span class='ocrx_word' id='word_1_130' title='bbox 1149 1338 1265 1390; x_wconf 87' lang='lat' dir='ltr'>loqui,</span> <span class='ocrx_word' id='word_1_131' title='bbox 1301 1339 1376 1377; x_wconf 88' lang='lat' dir='ltr'>nisi</span> <span class='ocrx_word' id='word_1_132' title='bbox 1413 1339 1457 1378; x_wconf 89' lang='lat' dir='ltr'>de</span> <span class='ocrx_word' id='word_1_133' title='bbox 1483 1341 1616 1390; x_wconf 76' lang='lat' dir='ltr'>gratia,</span> <span class='ocrx_word' id='word_1_134' title='bbox 1644 1354 1739 1392; x_wconf 90' lang='lat' dir='ltr'>quae</span> 
     </span>
     <span class='ocr_line' id='line_1_20' title="bbox 216 1404 1738 1456; baseline -0.001 -11"><span class='ocrx_word' id='word_1_135' title='bbox 216 1406 465 1444; x_wconf 87' lang='lat' dir='ltr'>Sacramentis</span> <span class='ocrx_word' id='word_1_136' title='bbox 512 1405 745 1454; x_wconf 84' lang='lat' dir='ltr'>significatur</span> <span class='ocrx_word' id='word_1_137' title='bbox 797 1404 1006 1442; x_wconf 78' lang='lat' dir='ltr'>ostenditur</span> <span class='ocrx_word' id='word_1_138' title='bbox 1042 1408 1077 1441; x_wconf 88' lang='lat' dir='ltr'>et</span> <span class='ocrx_word' id='word_1_139' title='bbox 1113 1404 1321 1448; x_wconf 74' lang='lat' dir='ltr'>exhibetur,</span> <span class='ocrx_word' id='word_1_140' title='bbox 1357 1418 1489 1456; x_wconf 86' lang='lat' dir='ltr'>nempe</span> <span class='ocrx_word' id='word_1_141' title='bbox 1525 1406 1738 1443; x_wconf 90' lang='lat' dir='ltr'>communio</span> 
     </span>
     <span class='ocr_line' id='line_1_21' title="bbox 214 1468 1740 1521; baseline -0.001 -12"><span class='ocrx_word' id='word_1_142' title='bbox 214 1485 276 1510; x_wconf 88' lang='lat' dir='ltr'>seu</span> <span class='ocrx_word' id='word_1_143' title='bbox 314 1471 471 1508; x_wconf 88' lang='lat' dir='ltr'>societas</span> <span class='ocrx_word' id='word_1_144' title='bbox 496 1470 576 1520; x_wconf 89' lang='lat' dir='ltr'>ipsa</span> <span class='ocrx_word' id='word_1_145' title='bbox 605 1482 690 1507; x_wconf 88' lang='lat' dir='ltr'>cum</span> <span class='ocrx_word' id='word_1_146' title='bbox 718 1469 867 1507; x_wconf 88' lang='lat' dir='ltr'>Christo</span> <span class='ocrx_word' id='word_1_147' title='bbox 899 1469 1061 1506; x_wconf 89' lang='lat' dir='ltr'>Domino</span> <span class='ocrx_word' id='word_1_148' title='bbox 1090 1468 1129 1506; x_wconf 90' lang='lat' dir='ltr'>in</span> <span class='ocrx_word' id='word_1_149' title='bbox 1158 1482 1313 1519; x_wconf 87' lang='lat' dir='ltr'>corpore</span> <span class='ocrx_word' id='word_1_150' title='bbox 1340 1473 1375 1506; x_wconf 89' lang='lat' dir='ltr'>et</span> <span class='ocrx_word' id='word_1_151' title='bbox 1404 1470 1584 1519; x_wconf 79' lang='lat' dir='ltr'>sanguine</span> <span class='ocrx_word' id='word_1_152' title='bbox 1610 1470 1740 1521; x_wconf 86' lang='lat' dir='ltr'>ipsius,</span> 
     </span>
     <span class='ocr_line' id='line_1_22' title="bbox 214 1533 1741 1586; baseline -0.001 -12"><span class='ocrx_word' id='word_1_153' title='bbox 214 1550 321 1575; x_wconf 90' lang='lat' dir='ltr'>verus</span> <span class='ocrx_word' id='word_1_154' title='bbox 358 1535 497 1586; x_wconf 84' lang='lat' dir='ltr'>alioqui</span> <span class='ocrx_word' id='word_1_155' title='bbox 534 1535 639 1572; x_wconf 86' lang='lat' dir='ltr'>cibus</span> <span class='ocrx_word' id='word_1_156' title='bbox 677 1547 720 1572; x_wconf 88' lang='lat' dir='ltr'>ac</span> <span class='ocrx_word' id='word_1_157' title='bbox 755 1538 867 1585; x_wconf 78' lang='lat' dir='ltr'>potus</span> <span class='ocrx_word' id='word_1_158' title='bbox 903 1538 1030 1571; x_wconf 87' lang='lat' dir='ltr'>noster</span> <span class='ocrx_word' id='word_1_159' title='bbox 1061 1533 1108 1571; x_wconf 88' lang='lat' dir='ltr'>ad</span> <span class='ocrx_word' id='word_1_160' title='bbox 1142 1533 1253 1571; x_wconf 89' lang='lat' dir='ltr'>vitam</span> <span class='ocrx_word' id='word_1_161' title='bbox 1284 1538 1485 1577; x_wconf 81' lang='lat' dir='ltr'>aeternam,</span> <span class='ocrx_word' id='word_1_162' title='bbox 1512 1548 1555 1572; x_wconf 88' lang='lat' dir='ltr'>ac</span> <span class='ocrx_word' id='word_1_163' title='bbox 1582 1535 1741 1585; x_wconf 87' lang='lat' dir='ltr'>proinde</span> 
     </span>
     <span class='ocr_line' id='line_1_23' title="bbox 212 1597 1739 1650; baseline -0.001 -12"><span class='ocrx_word' id='word_1_164' title='bbox 212 1601 354 1639; x_wconf 87' lang='lat' dir='ltr'>nullum</span> <span class='ocrx_word' id='word_1_165' title='bbox 398 1599 508 1637; x_wconf 87' lang='lat' dir='ltr'>etiam</span> <span class='ocrx_word' id='word_1_166' title='bbox 551 1599 674 1636; x_wconf 86' lang='lat' dir='ltr'>locum</span> <span class='ocrx_word' id='word_1_167' title='bbox 720 1598 837 1636; x_wconf 87' lang='lat' dir='ltr'>fuisse</span> <span class='ocrx_word' id='word_1_168' title='bbox 871 1598 1038 1635; x_wconf 84' lang='lat' dir='ltr'>futurum</span> <span class='ocrx_word' id='word_1_169' title='bbox 1074 1597 1227 1647; x_wconf 74' lang='lat' dir='ltr'>tragicis</span> <span class='ocrx_word' id='word_1_170' title='bbox 1266 1598 1480 1636; x_wconf 80' lang='lat' dir='ltr'>istiusmodi</span> <span class='ocrx_word' id='word_1_171' title='bbox 1528 1597 1739 1650; x_wconf 89' lang='lat' dir='ltr'>Westphali</span> 
     </span>
     <span class='ocr_line' id='line_1_24' title="bbox 212 1660 1739 1713; baseline -0.001 -13"><span class='ocrx_word' id='word_1_172' title='bbox 212 1662 530 1713; x_wconf 79' lang='lat' dir='ltr'>quiritationibus,</span> <span class='ocrx_word' id='word_1_173' title='bbox 567 1661 640 1699; x_wconf 87' lang='lat' dir='ltr'>nisi</span> <span class='ocrx_word' id='word_1_174' title='bbox 674 1661 705 1699; x_wconf 88' lang='lat' dir='ltr'>si</span> <span class='ocrx_word' id='word_1_175' title='bbox 743 1660 983 1712; x_wconf 85' lang='lat' dir='ltr'>Westphalus</span> <span class='ocrx_word' id='word_1_176' title='bbox 1018 1660 1177 1709; x_wconf 83' lang='lat' dir='ltr'>gratiam</span> <span class='ocrx_word' id='word_1_177' title='bbox 1213 1660 1317 1698; x_wconf 89' lang='lat' dir='ltr'>illam</span> <span class='ocrx_word' id='word_1_178' title='bbox 1346 1661 1487 1698; x_wconf 82' lang='lat' dir='ltr'>delatae</span> <span class='ocrx_word' id='word_1_179' title='bbox 1515 1661 1625 1700; x_wconf 87' lang='lat' dir='ltr'>nobis</span> <span class='ocrx_word' id='word_1_180' title='bbox 1650 1675 1739 1711; x_wconf 87' lang='lat' dir='ltr'>gra-</span> 
     </span>
     <span class='ocr_line' id='line_1_25' title="bbox 211 1725 1739 1766; baseline 0 -1"><span class='ocrx_word' id='word_1_181' title='bbox 211 1728 307 1766; x_wconf 91' lang='lat' dir='ltr'>tuito</span> <span class='ocrx_word' id='word_1_182' title='bbox 343 1732 493 1764; x_wconf 88' lang='lat' dir='ltr'>nostrae</span> <span class='ocrx_word' id='word_1_183' title='bbox 530 1739 613 1764; x_wconf 90' lang='lat' dir='ltr'>cum</span> <span class='ocrx_word' id='word_1_184' title='bbox 651 1726 800 1764; x_wconf 86' lang='lat' dir='ltr'>Christo</span> <span class='ocrx_word' id='word_1_185' title='bbox 837 1725 1000 1763; x_wconf 90' lang='lat' dir='ltr'>Domino</span> <span class='ocrx_word' id='word_1_186' title='bbox 1038 1726 1313 1763; x_wconf 88' lang='lat' dir='ltr'>communionis</span> <span class='ocrx_word' id='word_1_187' title='bbox 1347 1725 1387 1763; x_wconf 93' lang='lat' dir='ltr'>in</span> <span class='ocrx_word' id='word_1_188' title='bbox 1414 1730 1513 1764; x_wconf 87' lang='lat' dir='ltr'>terra</span> <span class='ocrx_word' id='word_1_189' title='bbox 1540 1726 1601 1764; x_wconf 84' lang='lat' dir='ltr'>hie</span> <span class='ocrx_word' id='word_1_190' title='bbox 1629 1727 1739 1765; x_wconf 89' lang='lat' dir='ltr'>nobis</span> 
     </span>
     <span class='ocr_line' id='line_1_26' title="bbox 210 1790 1739 1842; baseline 0 -11"><span class='ocrx_word' id='word_1_191' title='bbox 210 1793 415 1831; x_wconf 87' lang='lat' dir='ltr'>terrenisve</span> <span class='ocrx_word' id='word_1_192' title='bbox 450 1791 641 1830; x_wconf 87' lang='lat' dir='ltr'>elementis</span> <span class='ocrx_word' id='word_1_193' title='bbox 678 1791 928 1842; x_wconf 86' lang='lat' dir='ltr'>quaerendam</span> <span class='ocrx_word' id='word_1_194' title='bbox 964 1790 1183 1829; x_wconf 87' lang='lat' dir='ltr'>intuendam</span> <span class='ocrx_word' id='word_1_195' title='bbox 1211 1795 1248 1829; x_wconf 85' lang='lat' dir='ltr'>et</span> <span class='ocrx_word' id='word_1_196' title='bbox 1275 1791 1626 1842; x_wconf 84' lang='lat' dir='ltr'>apprehendendam</span> <span class='ocrx_word' id='word_1_197' title='bbox 1653 1793 1739 1841; x_wconf 86' lang='lat' dir='ltr'><strong>(fol.</strong></span> 
     </span>
     <span class='ocr_line' id='line_1_27' title="bbox 216 1855 1737 1907; baseline -0.001 -12"><span class='ocrx_word' id='word_1_198' title='bbox 216 1859 282 1904; x_wconf 88' lang='grc'>60)</span> <span class='ocrx_word' id='word_1_199' title='bbox 326 1870 405 1894; x_wconf 85' lang='lat' dir='ltr'>esse</span> <span class='ocrx_word' id='word_1_200' title='bbox 447 1859 566 1906; x_wconf 84' lang='lat' dir='ltr'>putat,</span> <span class='ocrx_word' id='word_1_201' title='bbox 602 1856 703 1906; x_wconf 91' lang='lat' dir='ltr'>quod</span> <span class='ocrx_word' id='word_1_202' title='bbox 738 1855 817 1906; x_wconf 87' lang='lat' dir='ltr'>ipse</span> <span class='ocrx_word' id='word_1_203' title='bbox 853 1855 1003 1906; x_wconf 88' lang='lat' dir='ltr'>quidem</span> <span class='ocrx_word' id='word_1_204' title='bbox 1040 1868 1107 1893; x_wconf 86' lang='lat' dir='ltr'>suo</span> <span class='ocrx_word' id='word_1_205' title='bbox 1144 1855 1309 1906; x_wconf 85' lang='lat' dir='ltr'>periculo</span> <span class='ocrx_word' id='word_1_206' title='bbox 1346 1856 1468 1893; x_wconf 85' lang='lat' dir='ltr'>facere</span> <span class='ocrx_word' id='word_1_207' title='bbox 1503 1859 1638 1907; x_wconf 87' lang='lat' dir='ltr'>potest,</span> <span class='ocrx_word' id='word_1_208' title='bbox 1674 1856 1737 1895; x_wconf 88' lang='lat' dir='ltr'>sed</span> 
     </span>
     <span class='ocr_line' id='line_1_28' title="bbox 212 1919 1739 1970; baseline 0 -12"><span class='ocrx_word' id='word_1_209' title='bbox 212 1934 281 1958; x_wconf 84' lang='lat' dir='ltr'>nos</span> <span class='ocrx_word' id='word_1_210' title='bbox 312 1934 394 1958; x_wconf 85' lang='lat' dir='ltr'>eam</span> <span class='ocrx_word' id='word_1_211' title='bbox 427 1919 537 1957; x_wconf 90' lang='lat' dir='ltr'>illic</span> <span class='ocrx_word' id='word_1_212' title='bbox 574 1933 747 1970; x_wconf 81' lang='lat' dir='ltr'>quaerere</span> <span class='ocrx_word' id='word_1_213' title='bbox 781 1919 921 1957; x_wconf 89' lang='lat' dir='ltr'>intueri</span> <span class='ocrx_word' id='word_1_214' title='bbox 947 1923 985 1957; x_wconf 89' lang='lat' dir='ltr'>et</span> <span class='ocrx_word' id='word_1_215' title='bbox 1010 1919 1286 1970; x_wconf 85' lang='lat' dir='ltr'>apprehendere</span> <span class='ocrx_word' id='word_1_216' title='bbox 1312 1920 1496 1958; x_wconf 87' lang='lat' dir='ltr'>malumus</span> <span class='ocrx_word' id='word_1_217' title='bbox 1522 1933 1588 1970; x_wconf 83' lang='lat' dir='ltr'>per</span> <span class='ocrx_word' id='word_1_218' title='bbox 1614 1920 1739 1967; x_wconf 88' lang='lat' dir='ltr'>fidem,</span> 
     </span>
     <span class='ocr_line' id='line_1_29' title="bbox 209 1984 1736 2035; baseline 0 -13"><span class='ocrx_word' id='word_1_219' title='bbox 209 1986 257 2023; x_wconf 88' lang='lat' dir='ltr'>ad</span> <span class='ocrx_word' id='word_1_220' title='bbox 298 1984 368 2022; x_wconf 89' lang='lat' dir='ltr'>Dei</span> <span class='ocrx_word' id='word_1_221' title='bbox 401 1984 554 2035; x_wconf 88' lang='lat' dir='ltr'>inquam</span> <span class='ocrx_word' id='word_1_222' title='bbox 590 1985 639 2022; x_wconf 90' lang='lat' dir='ltr'>in</span> <span class='ocrx_word' id='word_1_223' title='bbox 667 1984 805 2022; x_wconf 86' lang='lat' dir='ltr'>coelo</span> <span class='ocrx_word' id='word_1_224' title='bbox 844 1984 1045 2030; x_wconf 80' lang='lat' dir='ltr'>dexteram,</span> <span class='ocrx_word' id='word_1_225' title='bbox 1073 1984 1156 2022; x_wconf 84' lang='lat' dir='ltr'>ubi</span> <span class='ocrx_word' id='word_1_226' title='bbox 1185 1997 1253 2022; x_wconf 89' lang='lat' dir='ltr'>nos</span> <span class='ocrx_word' id='word_1_227' title='bbox 1282 1997 1366 2022; x_wconf 85' lang='lat' dir='ltr'>cum</span> <span class='ocrx_word' id='word_1_228' title='bbox 1394 1984 1543 2022; x_wconf 84' lang='lat' dir='ltr'>Christo</span> <span class='ocrx_word' id='word_1_229' title='bbox 1572 1984 1736 2023; x_wconf 89' lang='lat' dir='ltr'>Domino</span> 
     </span>
     <span class='ocr_line' id='line_1_30' title="bbox 206 2047 1736 2100; baseline 0 -15"><span class='ocrx_word' id='word_1_230' title='bbox 206 2052 357 2100; x_wconf 87' lang='lat' dir='ltr'>propter</span> <span class='ocrx_word' id='word_1_231' title='bbox 392 2061 472 2085; x_wconf 88' lang='lat' dir='ltr'>eam</span> <span class='ocrx_word' id='word_1_232' title='bbox 508 2047 627 2098; x_wconf 88' lang='lat' dir='ltr'>ipsam</span> <span class='ocrx_word' id='word_1_233' title='bbox 663 2047 764 2085; x_wconf 89' lang='lat' dir='ltr'>illius</span> <span class='ocrx_word' id='word_1_234' title='bbox 800 2047 997 2085; x_wconf 88' lang='lat' dir='ltr'>nobiscum</span> <span class='ocrx_word' id='word_1_235' title='bbox 1035 2051 1071 2085; x_wconf 91' lang='lat' dir='ltr'>et</span> <span class='ocrx_word' id='word_1_236' title='bbox 1097 2051 1265 2085; x_wconf 82' lang='lat' dir='ltr'>nostram</span> <span class='ocrx_word' id='word_1_237' title='bbox 1294 2060 1418 2085; x_wconf 90' lang='lat' dir='ltr'>secum</span> <span class='ocrx_word' id='word_1_238' title='bbox 1445 2047 1521 2086; x_wconf 88' lang='lat' dir='ltr'>iam</span> <span class='ocrx_word' id='word_1_239' title='bbox 1549 2051 1736 2086; x_wconf 88' lang='lat' dir='ltr'>aeternam</span> 
     </span>
     <span class='ocr_line' id='line_1_31' title="bbox 205 2111 1738 2164; baseline 0.001 -15"><span class='ocrx_word' id='word_1_240' title='bbox 205 2125 431 2164; x_wconf 83' lang='lat' dir='ltr'>prorsusque</span> <span class='ocrx_word' id='word_1_241' title='bbox 485 2111 719 2149; x_wconf 88' lang='lat' dir='ltr'>individuam</span> <span class='ocrx_word' id='word_1_242' title='bbox 788 2112 1089 2149; x_wconf 84' lang='lat' dir='ltr'>communionem</span> <span class='ocrx_word' id='word_1_243' title='bbox 1145 2112 1346 2149; x_wconf 81' lang='lat' dir='ltr'>collocatos</span> <span class='ocrx_word' id='word_1_244' title='bbox 1405 2125 1484 2150; x_wconf 88' lang='lat' dir='ltr'>esse</span> <span class='ocrx_word' id='word_1_245' title='bbox 1543 2112 1738 2158; x_wconf 89' lang='lat' dir='ltr'>credimus,</span> 
     </span>
     <span class='ocr_line' id='line_1_32' title="bbox 206 2175 1738 2227; baseline 0 -13"><span class='ocrx_word' id='word_1_246' title='bbox 206 2177 350 2214; x_wconf 88' lang='lat' dir='ltr'>etiamsi</span> <span class='ocrx_word' id='word_1_247' title='bbox 377 2175 428 2219; x_wconf 90' lang='lat' dir='ltr'>id,</span> <span class='ocrx_word' id='word_1_248' title='bbox 448 2175 712 2215; x_wconf 87' lang='lat' dir='ltr'>absconditum</span> <span class='ocrx_word' id='word_1_249' title='bbox 731 2175 768 2213; x_wconf 90' lang='lat' dir='ltr'>in</span> <span class='ocrx_word' id='word_1_250' title='bbox 786 2175 936 2213; x_wconf 86' lang='lat' dir='ltr'>Christo</span> <span class='ocrx_word' id='word_1_251' title='bbox 953 2176 1088 2222; x_wconf 88' lang='lat' dir='ltr'>adhuc,</span> <span class='ocrx_word' id='word_1_252' title='bbox 1113 2189 1262 2214; x_wconf 83' lang='lat' dir='ltr'>cernere</span> <span class='ocrx_word' id='word_1_253' title='bbox 1279 2189 1355 2214; x_wconf 92' lang='lat' dir='ltr'>non</span> <span class='ocrx_word' id='word_1_254' title='bbox 1374 2176 1560 2227; x_wconf 89' lang='lat' dir='ltr'>possimus</span> <span class='ocrx_word' id='word_1_255' title='bbox 1581 2176 1624 2225; x_wconf 87' lang='lat'>¹).</span> <span class='ocrx_word' id='word_1_256' title='bbox 1654 2177 1738 2222; x_wconf 86' lang='lat' dir='ltr'>Sed,</span> 
     </span>
     <span class='ocr_line' id='line_1_33' title="bbox 207 2238 1738 2289; baseline 0.001 -14"><span class='ocrx_word' id='word_1_257' title='bbox 207 2239 277 2276; x_wconf 87' lang='lat' dir='ltr'>etsi</span> <span class='ocrx_word' id='word_1_258' title='bbox 313 2251 441 2276; x_wconf 90' lang='lat' dir='ltr'>vocem</span> <span class='ocrx_word' id='word_1_259' title='bbox 477 2238 578 2275; x_wconf 89' lang='lat' dir='ltr'>illam</span> <span class='ocrx_word' id='word_1_260' title='bbox 618 2238 766 2276; x_wconf 89' lang='lat' dir='ltr'>huius</span> <span class='ocrx_word' id='word_1_261' title='bbox 804 2238 979 2276; x_wconf 89' lang='lat' dir='ltr'>omissam</span> <span class='ocrx_word' id='word_1_262' title='bbox 1021 2239 1135 2276; x_wconf 84' lang='lat' dir='ltr'>fuisse</span> <span class='ocrx_word' id='word_1_263' title='bbox 1171 2238 1409 2289; x_wconf 86' lang='lat' dir='ltr'>Westphalus</span> <span class='ocrx_word' id='word_1_264' title='bbox 1435 2238 1648 2288; x_wconf 78' lang='lat' dir='ltr'>ignorabat,</span> <span class='ocrx_word' id='word_1_265' title='bbox 1675 2253 1738 2277; x_wconf 88' lang='lat' dir='ltr'>co-</span> 
     </span>
     <span class='ocr_line' id='line_1_34' title="bbox 210 2302 1739 2354; baseline 0.001 -15"><span class='ocrx_word' id='word_1_266' title='bbox 210 2304 330 2352; x_wconf 85' lang='lat' dir='ltr'>gitare</span> <span class='ocrx_word' id='word_1_267' title='bbox 365 2306 489 2339; x_wconf 88' lang='lat' dir='ltr'>tamen</span> <span class='ocrx_word' id='word_1_268' title='bbox 526 2302 698 2346; x_wconf 89' lang='lat' dir='ltr'>debebat,</span> <span class='ocrx_word' id='word_1_269' title='bbox 735 2302 918 2352; x_wconf 77' lang='lat' dir='ltr'>siquidem</span> <span class='ocrx_word' id='word_1_270' title='bbox 946 2307 1074 2340; x_wconf 88' lang='lat' dir='ltr'>nostra</span> <span class='ocrx_word' id='word_1_271' title='bbox 1103 2303 1260 2341; x_wconf 89' lang='lat' dir='ltr'>candide</span> <span class='ocrx_word' id='word_1_272' title='bbox 1287 2303 1523 2354; x_wconf 87' lang='lat' dir='ltr'>interpretari</span> <span class='ocrx_word' id='word_1_273' title='bbox 1548 2303 1739 2350; x_wconf 87' lang='lat' dir='ltr'>voluisset,</span> 
     </span>
     <span class='ocr_line' id='line_1_35' title="bbox 209 2366 1738 2418; baseline 0.001 -14"><span class='ocrx_word' id='word_1_274' title='bbox 209 2366 340 2404; x_wconf 84' lang='lat' dir='ltr'>referri</span> <span class='ocrx_word' id='word_1_275' title='bbox 383 2367 592 2416; x_wconf 85' lang='lat' dir='ltr'>oportuisse</span> <span class='ocrx_word' id='word_1_276' title='bbox 638 2366 752 2404; x_wconf 84' lang='lat' dir='ltr'>verba</span> <span class='ocrx_word' id='word_1_277' title='bbox 794 2370 922 2404; x_wconf 87' lang='lat' dir='ltr'>nostra</span> <span class='ocrx_word' id='word_1_278' title='bbox 966 2367 1092 2405; x_wconf 86' lang='lat' dir='ltr'>omnia</span> <span class='ocrx_word' id='word_1_279' title='bbox 1126 2367 1172 2405; x_wconf 85' lang='lat' dir='ltr'>ad</span> <span class='ocrx_word' id='word_1_280' title='bbox 1209 2367 1248 2405; x_wconf 88' lang='lat' dir='ltr'>id</span> <span class='ocrx_word' id='word_1_281' title='bbox 1283 2366 1532 2418; x_wconf 86' lang='lat' dir='ltr'>potissimum,</span> <span class='ocrx_word' id='word_1_282' title='bbox 1566 2367 1666 2417; x_wconf 86' lang='lat' dir='ltr'>quod</span> <span class='ocrx_word' id='word_1_283' title='bbox 1702 2372 1738 2406; x_wconf 89' lang='lat' dir='ltr'>et</span> 
     </span>
     <span class='ocr_line' id='line_1_36' title="bbox 212 2429 1738 2482; baseline 0.001 -14"><span class='ocrx_word' id='word_1_284' title='bbox 212 2429 397 2482; x_wconf 84' lang='lat' dir='ltr'>praecedit</span> <span class='ocrx_word' id='word_1_285' title='bbox 441 2434 476 2467; x_wconf 88' lang='lat' dir='ltr'>et</span> <span class='ocrx_word' id='word_1_286' title='bbox 522 2430 687 2481; x_wconf 86' lang='lat' dir='ltr'>sequitur</span> <span class='ocrx_word' id='word_1_287' title='bbox 732 2434 768 2469; x_wconf 88' lang='lat' dir='ltr'>et</span> <span class='ocrx_word' id='word_1_288' title='bbox 811 2431 852 2469; x_wconf 90' lang='lat' dir='ltr'>in</span> <span class='ocrx_word' id='word_1_289' title='bbox 887 2445 961 2482; x_wconf 92' lang='lat' dir='ltr'>quo</span> <span class='ocrx_word' id='word_1_290' title='bbox 1000 2431 1110 2469; x_wconf 83' lang='lat' dir='ltr'>cardo</span> <span class='ocrx_word' id='word_1_291' title='bbox 1148 2432 1270 2470; x_wconf 87' lang='lat' dir='ltr'>omnis</span> <span class='ocrx_word' id='word_1_292' title='bbox 1305 2431 1420 2470; x_wconf 86' lang='lat' dir='ltr'>totius</span> <span class='ocrx_word' id='word_1_293' title='bbox 1463 2432 1738 2470; x_wconf 88' lang='lat' dir='ltr'>controversiae</span> 
     </span>
     <span class='ocr_line' id='line_1_37' title="bbox 212 2493 1735 2546; baseline 0.003 -16"><span class='ocrx_word' id='word_1_294' title='bbox 212 2497 392 2538; x_wconf 86' lang='lat' dir='ltr'>versatur,</span> <span class='ocrx_word' id='word_1_295' title='bbox 418 2507 550 2544; x_wconf 87' lang='lat' dir='ltr'>nempe</span> <span class='ocrx_word' id='word_1_296' title='bbox 577 2493 624 2531; x_wconf 88' lang='lat' dir='ltr'>ad</span> <span class='ocrx_word' id='word_1_297' title='bbox 652 2495 824 2542; x_wconf 77' lang='lat' dir='ltr'>gratiam,</span> <span class='ocrx_word' id='word_1_298' title='bbox 851 2508 945 2546; x_wconf 90' lang='lat' dir='ltr'>quae</span> <span class='ocrx_word' id='word_1_299' title='bbox 974 2496 1300 2534; x_wconf 84' lang='lat' dir='ltr'>Sacramentorum</span> <span class='ocrx_word' id='word_1_300' title='bbox 1328 2495 1496 2533; x_wconf 87' lang='lat' dir='ltr'>omnium</span> <span class='ocrx_word' id='word_1_301' title='bbox 1523 2495 1641 2544; x_wconf 78' lang='lat' dir='ltr'>signis</span> <span class='ocrx_word' id='word_1_302' title='bbox 1669 2496 1735 2534; x_wconf 84' lang='lat' dir='ltr'>ad·</span> 
     </span>
     <span class='ocr_line' id='line_1_38' title="bbox 213 2558 1736 2610; baseline 0.002 -14"><span class='ocrx_word' id='word_1_303' title='bbox 213 2558 422 2602; x_wconf 85' lang='lat' dir='ltr'>umbratur,</span> <span class='ocrx_word' id='word_1_304' title='bbox 475 2558 747 2597; x_wconf 88' lang='lat' dir='ltr'>communionis</span> <span class='ocrx_word' id='word_1_305' title='bbox 794 2558 949 2610; x_wconf 87' lang='lat' dir='ltr'>inquam</span> <span class='ocrx_word' id='word_1_306' title='bbox 995 2564 1146 2598; x_wconf 88' lang='lat' dir='ltr'>nostrae</span> <span class='ocrx_word' id='word_1_307' title='bbox 1192 2573 1275 2598; x_wconf 88' lang='lat' dir='ltr'>cum</span> <span class='ocrx_word' id='word_1_308' title='bbox 1312 2559 1460 2597; x_wconf 89' lang='lat' dir='ltr'>Christo</span> <span class='ocrx_word' id='word_1_309' title='bbox 1497 2558 1660 2597; x_wconf 90' lang='lat' dir='ltr'>Domino</span> <span class='ocrx_word' id='word_1_310' title='bbox 1696 2561 1736 2599; x_wconf 90' lang='lat' dir='ltr'>in</span> 
     </span>
     <span class='ocr_line' id='line_1_39' title="bbox 215 2622 1737 2673; baseline 0.003 -14"><span class='ocrx_word' id='word_1_311' title='bbox 215 2634 367 2672; x_wconf 87' lang='lat' dir='ltr'>corpore</span> <span class='ocrx_word' id='word_1_312' title='bbox 399 2626 435 2658; x_wconf 89' lang='lat' dir='ltr'>et</span> <span class='ocrx_word' id='word_1_313' title='bbox 469 2622 650 2671; x_wconf 81' lang='lat' dir='ltr'>sanguine</span> <span class='ocrx_word' id='word_1_314' title='bbox 677 2622 805 2672; x_wconf 87' lang='lat' dir='ltr'>ipsius,</span> <span class='ocrx_word' id='word_1_315' title='bbox 833 2636 928 2673; x_wconf 88' lang='lat' dir='ltr'>quae</span> <span class='ocrx_word' id='word_1_316' title='bbox 964 2637 1051 2661; x_wconf 86' lang='lat' dir='ltr'>sane</span> <span class='ocrx_word' id='word_1_317' title='bbox 1078 2627 1132 2662; x_wconf 91' lang='lat' dir='ltr'>est</span> <span class='ocrx_word' id='word_1_318' title='bbox 1161 2638 1269 2662; x_wconf 83' lang='lat' dir='ltr'>verus</span> <span class='ocrx_word' id='word_1_319' title='bbox 1297 2637 1339 2661; x_wconf 88' lang='lat' dir='ltr'>ac</span> <span class='ocrx_word' id='word_1_320' title='bbox 1367 2624 1539 2662; x_wconf 88' lang='lat' dir='ltr'>salutaris</span> <span class='ocrx_word' id='word_1_321' title='bbox 1569 2625 1673 2663; x_wconf 87' lang='lat' dir='ltr'>cibus</span> <span class='ocrx_word' id='word_1_322' title='bbox 1700 2629 1737 2663; x_wconf 90' lang='lat' dir='ltr'>et</span> 
     </span>
     <span class='ocr_line' id='line_1_40' title="bbox 212 2685 1736 2739; baseline 0.003 -16"><span class='ocrx_word' id='word_1_323' title='bbox 212 2690 323 2736; x_wconf 86' lang='lat' dir='ltr'>potus</span> <span class='ocrx_word' id='word_1_324' title='bbox 359 2687 486 2723; x_wconf 87' lang='lat' dir='ltr'>noster</span> <span class='ocrx_word' id='word_1_325' title='bbox 521 2685 569 2722; x_wconf 89' lang='lat' dir='ltr'>ad</span> <span class='ocrx_word' id='word_1_326' title='bbox 601 2685 715 2723; x_wconf 88' lang='lat' dir='ltr'>vitam</span> <span class='ocrx_word' id='word_1_327' title='bbox 752 2690 954 2726; x_wconf 86' lang='lat' dir='ltr'>aeternam.</span> <span class='ocrx_word' id='word_1_328' title='bbox 1007 2687 1102 2726; x_wconf 89' lang='lat' dir='ltr'>Eam</span> <span class='ocrx_word' id='word_1_329' title='bbox 1128 2689 1246 2739; x_wconf 85' lang='lat' dir='ltr'>igitur</span> <span class='ocrx_word' id='word_1_330' title='bbox 1282 2688 1558 2726; x_wconf 88' lang='lat' dir='ltr'>communionis</span> <span class='ocrx_word' id='word_1_331' title='bbox 1585 2693 1736 2728; x_wconf 87' lang='lat' dir='ltr'>nostrae</span> 
     </span>
     <span class='ocr_line' id='line_1_41' title="bbox 214 2748 1735 2804; baseline 0.004 -19"><span class='ocrx_word' id='word_1_332' title='bbox 214 2762 297 2786; x_wconf 88' lang='lat' dir='ltr'>cum</span> <span class='ocrx_word' id='word_1_333' title='bbox 334 2748 483 2786; x_wconf 88' lang='lat' dir='ltr'>Christo</span> <span class='ocrx_word' id='word_1_334' title='bbox 518 2748 690 2799; x_wconf 72' lang='lat' dir='ltr'>gratiam,</span> <span class='ocrx_word' id='word_1_335' title='bbox 726 2750 920 2789; x_wconf 84' lang='lat' dir='ltr'>ostendere</span> <span class='ocrx_word' id='word_1_336' title='bbox 957 2751 1116 2790; x_wconf 88' lang='lat' dir='ltr'>debebat</span> <span class='ocrx_word' id='word_1_337' title='bbox 1151 2752 1402 2803; x_wconf 86' lang='lat' dir='ltr'>Westphalus‚</span> <span class='ocrx_word' id='word_1_338' title='bbox 1440 2753 1581 2804; x_wconf 87' lang='lat' dir='ltr'>percipi</span> <span class='ocrx_word' id='word_1_339' title='bbox 1608 2753 1669 2791; x_wconf 89' lang='lat' dir='ltr'>hic</span> <span class='ocrx_word' id='word_1_340' title='bbox 1695 2754 1735 2793; x_wconf 87' lang='lat' dir='ltr'>in</span> 
     </span>
    </p>
   </div>
   <div class='ocr_carea' id='block_1_3' title="bbox 256 2887 471 2929">
    <p class='ocr_par' dir='ltr' id='par_1_10' title="bbox 256 2887 471 2929">
     <span class='ocr_line' id='line_1_42' title="bbox 256 2887 471 2929; baseline 0.014 -11"><span class='ocrx_word' id='word_1_341' title='bbox 256 2889 280 2929; x_wconf 90' lang='lat'>¹)</span> <span class='ocrx_word' id='word_1_342' title='bbox 304 2887 419 2929; x_wconf 87' lang='lat' dir='ltr'>Ephes.</span> <span class='ocrx_word' id='word_1_343' title='bbox 441 2888 471 2922; x_wconf 80' lang='grc'>2.</span> 
     </span>
    </p>
   </div>
  </div>
 </body>
</html>
