1818 3178
163 161 236 197 104
691 160 878 188 EPISTOLA
907 160 960 186 An
986 155 1140 185 REGEM.

163 274 297 309 ornatu
331 266 535 306 meretricio
576 263 704 301 haberi
739 261 851 299 videt.
906 259 1036 308 Neque
1071 255 1257 307 disquirit,
1292 254 1482 292 undenam
1522 257 1676 293 ornatus

165 335 228 372 ille
263 332 442 381 originem
476 341 578 366 suam
615 326 762 371 habeat,
799 323 862 361 sed
897 321 1114 360 indecorum
1143 318 1228 365 sibi,
1254 317 1420 368 adeoque
1446 322 1483 355 et
1510 317 1681 356 castitate

169 397 265 435 filiae
300 408 395 437 suae,
429 398 464 430 et
498 391 661 429 familiae
695 390 807 427 etiam
833 387 949 426 totius
977 386 1016 433 (†
1044 385 1104 431 7b)
1130 382 1330 432 indignum
1357 395 1436 420 esse
1457 381 1614 432 judicat,
1639 386 1680 420 ut

169 459 307 510 aliquid
334 458 484 495 omnino
513 454 694 493 eiusmodi
722 452 824 490 domi
851 464 938 489 suae
966 447 1229 499 conspiciatur,
1253 446 1503 498 undecunque
1527 446 1680 484 tandem

168 523 364 561 deductmn
395 523 502 563 esset,
538 517 638 569 quod
673 517 714 554 in
748 515 877 566 ganeis
911 513 1002 565 ipsis
1038 525 1105 563 pro
1141 514 1277 549 ornatu
1311 510 1521 549 meretricio
1550 510 1682 548 haberi

168 600 241 625 non
285 586 442 634 ignoret.
495 583 627 633 Neque
671 581 732 618 hic
766 579 871 618 audit
905 591 1033 616 eorum
1066 576 1340 628 persuasiones,
1374 575 1441 626 qui
1475 574 1600 612 omnia
1636 587 1681 612 ex

167 650 281 702 patris
315 648 469 687 arbitrio
503 647 604 684 domi
641 659 727 684 suae
759 643 991 683 aestimanda
1031 655 1110 679 esse
1147 641 1288 687 dicunt,
1322 645 1358 679 et
1384 640 1542 692 proinde
1569 653 1681 678 orna·

167 720 243 753 tum
289 726 435 765 quoque
476 710 726 749 meretricium
760 710 801 747 in
845 707 973 759 ganeis
1008 707 1115 744 illum
1148 705 1454 744 honestissimum
1491 706 1573 743 fore
1605 705 1682 743 iam

166 784 298 831 putant
325 778 425 815 domi
450 780 626 828 paternae
654 788 737 812 cum
763 774 862 812 filiae
888 773 957 817 illi,
982 776 1064 811 tum
1090 771 1202 809 etiam
1230 770 1395 821 reliquae
1420 770 1493 808 toti
1507 770 1685 816 familiae,

167 843 197 880 si
240 841 387 893 quidem
422 844 575 892 paterna
611 839 810 877 autoritate
845 836 1162 888 comprobaretur,
1198 847 1254 880 e0,
1290 834 1393 886 quod
1426 834 1465 872 in
1499 835 1617 886 patris
1644 835 1684 872 id

166 910 345 957 potestate
370 905 530 956 positum
557 917 636 942 esse
663 902 842 949 videatur,
869 905 910 940 ut
937 914 1032 952 quae
1058 901 1115 938 illi
1133 900 1355 951 probantur,
1373 912 1414 937 ea
1433 899 1508 936 iam
1527 898 1684 936 honesta

165 971 273 1009 etiarn
302 971 402 1007 domi
429 983 513 1006 suae
541 969 664 1006 omnia
691 981 770 1006 esse
799 972 1030 1005 censeantur.
1059 965 1245 1014 Intelligit
1272 964 1384 1009 enim,
1410 964 1556 1002 etiamsi
1583 963 1685 1001 domi

166 1048 249 1072 suae
283 1048 349 1085 pro
386 1033 549 1071 honestis
584 1033 808 1070 haberentur
844 1031 982 1077 omnia,
1017 1044 1110 1081 quae
1146 1030 1225 1081 ipse
1262 1043 1327 1067 sua
1355 1028 1554 1067 autoritate
1582 1040 1684 1065 com-

164 1099 367 1150 probasset,
404 1098 632 1136 honestatem
665 1101 791 1135 tamen
827 1096 926 1134 filiae
960 1095 1062 1133 illius
1098 1099 1134 1134 et
1160 1095 1325 1133 familiae
1352 1107 1439 1132 suae
1465 1093 1581 1132 totius
1608 1106 1686 1131 non

162 1164 260 1201 iutra
302 1163 521 1200 domesticos
566 1162 637 1200 sibi
684 1162 866 1199 duntaxat
901 1161 1057 1212 parietes
1093 1173 1193 1207 suos,
1227 1160 1290 1198 sed
1322 1173 1388 1210 per
1419 1162 1537 1197 totam
1573 1158 1685 1196 etiam

166 1227 348 1264 civitatem
394 1226 586 1277 reliquam,
629 1225 804 1263 tuendam
849 1238 940 1271 esse,
988 1229 1025 1262 ut
1072 1236 1220 1262 omnem
1263 1224 1400 1261 malam
1437 1222 1685 1274 suspicionem

165 1291 263 1342 apud
299 1304 424 1328 omnes
459 1290 610 1327 omnino
650 1289 745 1327 cives
782 1303 802 1327 a
841 1290 952 1327 domo
991 1303 1055 1327 sua
1094 1289 1252 1340 depellat
1265 1305 1274 1336 ;
1312 1293 1348 1326 et
1385 1291 1500 1335 cavet,
1528 1301 1574 1325 ne
1601 1287 1688 1325 ullis

168 1369 312 1393 rursum
348 1354 545 1392 lenonibus
580 1354 694 1391 ullam
721 1354 894 1405 deinceps
920 1354 1030 1392 etiam
1059 1353 1308 1404 reposcendae
1335 1352 1456 1390 denuo
1484 1351 1686 1403 aliquando

169 1419 214 1456 ad
259 1432 394 1468 ganeas
437 1418 533 1455 filiae
578 1430 662 1455 suae
707 1417 941 1455 occasionem
975 1417 1238 1467 quoquomodo
1283 1415 1469 1466 relinquat
1505 1427 1572 1466 pro
1608 1414 1688 1451 iure

169 1484 346 1534 ipsorum,
392 1483 422 1519 si
462 1496 555 1533 quae
611 1482 707 1533 apud
758 1482 862 1520 illam
907 1485 1018 1520 notae
1063 1481 1185 1519 adhuc
1221 1481 1306 1519 illae
1341 1480 1469 1529 ganeis
1505 1480 1605 1528 fa-(†
1632 1480 1690 1527 8³)

169 1548 327 1585 miliares
365 1547 674 1597 conspicerentur.
729 1547 789 1584 Ita
827 1560 912 1584 vero
949 1545 1056 1584 etiarn
1096 1550 1291 1596 parentum
1326 1545 1409 1582 loco
1439 1547 1524 1582 sunt
1551 1543 1590 1580 in
1619 1543 1689 1580 Dei

172 1611 348 1656 Ecclesia,
376 1610 487 1648 veluti
514 1610 553 1647 in
582 1610 730 1648 civitate
757 1610 930 1661 quadam,
957 1614 993 1648 et
1021 1609 1123 1647 verbi
1151 1613 1187 1647 ct
1212 1609 1327 1659 gladii
1356 1608 1522 1646 ministri
1548 1621 1690 1654 omnes,

173 1675 383 1725 habentque
429 1674 500 1711 sibi
546 1674 798 1712 concreditum
835 1674 882 1711 ab
919 1674 1078 1725 ipsomet
1113 1673 1276 1712 Domino
1313 1673 1406 1719 Deo,
1442 1671 1557 1710 veluti
1590 1671 1690 1710 filiae

173 1740 269 1784 loco,
303 1752 435 1789 purum
462 1751 505 1775 ae
532 1738 737 1787 legitimum
765 1738 1014 1776 ministerium
1043 1739 1381 1776 Sacramentorum.
1435 1736 1484 1773 Et
1511 1740 1566 1774 est
1592 1749 1689 1774 unus

175 1807 284 1853 atque
311 1802 404 1839 idem
435 1802 586 1839 omnino
613 1802 858 1852 Episcopatus
887 1802 1019 1839 horum
1047 1802 1214 1839 omnium
1241 1802 1278 1838 in
1308 1801 1378 1838 Dei
1396 1801 1576 1845 Ecclesia,
1591 1801 1692 1838 velut

175 1867 214 1904 in
248 1866 393 1903 civitate
430 1865 601 1916 quadam,
636 1865 813 1902 concordi
838 1866 987 1903 interim
1015 1866 1253 1903 functionum
1283 1865 1499 1916 disparitate
1526 1868 1692 1908 ornatus,

177 1930 279 1967 verbi
306 1929 476 1966 videlicet
502 1933 537 1966 et
563 1928 690 1977 gladii,
715 1951 766 1958 —
792 1933 827 1967 et
853 1929 1059 1966 multorum
1087 1930 1210 1975 etiam,
1226 1942 1293 1980 pro
1317 1928 1493 1979 cuiusque
1506 1927 1692 1979 portione,

176 1994 439 2031 numerositate
477 1993 641 2039 diffusus,
676 1993 985 2044 quemadmodum
1022 1998 1173 2032 sanctus
1209 1994 1279 2032 Dei
1314 1998 1455 2044 martyr
1484 1992 1692 2044 Cyprianus

177 2058 294 2096 docet.
348 2057 423 2094 Hie
457 2057 570 2106 igitur
596 2057 753 2095 istorum
779 2058 967 2096 Ecclesiae
992 2063 1189 2109 parentum
1215 2062 1274 2104 (ut
1300 2059 1350 2096 ita
1376 2058 1451 2095 iam
1478 2058 1691 2109 loquamur)

179 2120 286 2157 fidem
322 2133 363 2157 ac
398 2120 560 2157 studium
597 2134 705 2158 nemo
733 2134 809 2158 non
843 2122 973 2160 merito
1010 2122 1230 2168 laudaverit,
1267 2123 1298 2160 si
1335 2121 1590 2160 concreditum
1618 2121 1690 2159 sibi

179 2184 225 2222 ab
260 2185 416 2234 ipsomet
452 2184 542 2229 Deo,
579 2185 692 2223 veluti
726 2186 842 2223 filiam
878 2187 1079 2237 quandam,
1112 2201 1247 2238 purum
1275 2201 1318 2225 ac
1344 2187 1555 2237 legitimum
1580 2186 1691 2224 mini-

180 2248 329 2286 sterium
369 2249 689 2287 Sacramentorum
724 2250 770 2287 ab
807 2251 1029 2289 Antichristi
1067 2252 1228 2289 Romani
1263 2257 1298 2290 et
1335 2252 1512 2289 lenonum
1540 2264 1692 2289 suorum

180 2311 317 2360 ganeis,
355 2311 392 2348 in
429 2325 519 2362 quas
554 2313 590 2349 vi
623 2326 665 2350 ac
696 2313 892 2363 tyrannide
926 2314 1090 2365 ipsorum
1126 2316 1330 2354 abductum
1365 2317 1498 2362 fuerat,
1532 2315 1571 2353 in
1608 2328 1693 2353 suas

180 2375 342 2425 ipsorum
381 2374 508 2412 domos
536 2389 694 2422 rursum,
720 2377 759 2414 in
788 2390 924 2424 curam,
950 2379 1115 2430 inquam,
1142 2394 1185 2417 ac
1213 2380 1421 2418 custodiam
1449 2394 1552 2417 suam
1581 2380 1693 2418 redu-

182 2440 327 2479 xerunt,
354 2437 389 2473 hi
419 2438 563 2487 quidem
590 2440 718 2488 gladii,
745 2454 821 2478 non
850 2442 987 2480 frustra
1014 2443 1155 2495 alioqui
1183 2444 1255 2481 sibi
1282 2444 1421 2489 traditi,
1446 2466 1496 2473 —
1522 2444 1579 2481 illi
1607 2458 1692 2482 vero

181 2501 284 2539 verbi
312 2500 436 2538 Divini
463 2503 670 2542 autoritate.
725 2505 794 2542 Sed
824 2505 884 2542 hic
912 2507 1073 2556 cogitare
1100 2509 1248 2559 utrique
1275 2509 1518 2547 nihilominus
1546 2509 1696 2556 debent,

181 2564 414 2615 potissimum
441 2570 563 2602 autem
589 2567 628 2612 ii,
654 2569 717 2618 qui
744 2582 820 2606 non
849 2571 984 2607 frustra
1011 2574 1161 2622 prae-(†
1179 2574 1416 2620 8b)eellentes
1432 2573 1502 2612 Dei
1519 2574 1695 2615 ministri,

182 2629 389 2677 ultoresque
424 2627 609 2666 Ecclesiae
645 2630 714 2668 Dei
739 2646 760 2669 a
788 2633 919 2683 spiritu
946 2639 1074 2673 sancto
1103 2641 1296 2681 vocantur,
1324 2638 1443 2687 Reges
1470 2638 1622 2688 inquam
1651 2651 1694 2675 ac

185 2692 410 2729 Monam-chae
447 2692 659 2734 Christiani,
694 2696 780 2733 satis
817 2711 891 2735 non
927 2713 1017 2743 esse,
1054 2701 1083 2737 si
1119 2701 1233 2739 filiam
1269 2703 1371 2740 illam
1406 2717 1426 2740 e
1462 2703 1591 2752 ganeis
1626 2716 1692 2753 pa-

181 2755 322 2806 pisticis
357 2755 394 2792 in
432 2756 539 2792 aedes
567 2770 711 2795 rursum
739 2773 822 2797 suas
849 2761 1027 2811 ipsorum,
1054 2764 1123 2801 hoc
1151 2770 1219 2810 cst,
1246 2766 1283 2803 in
1313 2779 1440 2804 curam
1467 2766 1692 2804 custodiam-

182 2833 252 2869 que
279 2832 381 2856 suam
409 2820 599 2869 recipiant,
625 2821 697 2858 nisi
724 2823 753 2859 si
780 2837 859 2861 eam
887 2827 987 2864 omni
1015 2828 1126 2866 etiam
1153 2829 1217 2866 illo
1246 2835 1380 2868 ornatu
1407 2832 1516 2882 plane
1542 2834 1694 2875 exuant,

180 2896 285 2933 quoin
325 2883 359 2920 in
400 2884 526 2932 ganeis
555 2885 644 2936 ipsis
679 2888 917 2928 mcritricium
956 2897 1129 2931 ornatum
1167 2894 1204 2932 et
1230 2908 1309 2933 csse
1337 2895 1373 2933 et
1400 2895 1528 2934 haberi
1558 2895 1694 2942 sciunt,
