1818 3178
204 59 276 95 210
552 65 604 92 m:
632 61 912 92 SACRAMENTIS
941 61 1157 90 nccnnsm:
1185 62 1363 90 cnms'm.

208 167 338 205 ordine
374 179 438 204 suo
474 166 667 216 pertineat,
702 163 885 214 habetque
921 176 1029 201 suum
1066 163 1215 212 signum
1243 164 1388 202 visibile
1414 177 1435 202 a
1463 163 1616 202 domino
1643 165 1724 216 ipso

208 233 432 276 institutum,
468 242 597 279 nempe
622 229 730 279 panis
757 233 793 266 et
820 229 942 278 poculi
967 227 1171 278 gratiarum
1199 230 1380 267 actoriam
1405 242 1470 280 per
1495 241 1628 266 manus
1654 229 1726 266 mi-

206 297 313 334 nistri
346 294 678 346 participationem,
715 293 825 330 habet
861 293 947 330 item
985 292 1206 330 adiunctum
1243 294 1354 331 simul
1391 294 1501 332 etiam
1537 293 1727 332 invisibile

206 360 421 409 mysterium
456 356 725 394 communionis
761 360 911 394 nostrae
948 369 1031 393 eum
1068 357 1218 395 Christo
1255 357 1418 396 Domino
1445 358 1482 395 in
1513 370 1667 409 corpore
1693 366 1729 395 et

206 423 384 471 sanguine
418 422 545 472 ipsius,
580 426 621 458 ut
662 421 700 458 in
733 421 806 458 fide
842 421 942 458 illius
980 434 1115 459 coenae
1149 435 1221 459 usu
1255 435 1319 473 per
1357 423 1527 474 spiritum
1555 427 1726 460 sanctum

205 487 455 534 obsignemur‚
482 485 545 522 illa
571 485 738 522 fruamur
764 498 848 523 vere
876 484 922 522 ad
949 485 1061 523 vitam
1089 489 1290 532 aeternam,
1316 492 1352 525 et
1379 487 1424 524 ad
1441 487 1587 524 futurae
1605 486 1729 524 adhuc

200 550 299 586 illius
335 549 597 586 illustrationis
634 562 735 599 spem
770 549 889 598 magis
934 562 977 586 ac
1013 549 1133 598 magis
1168 550 1383 596 excitemur,
1421 555 1592 601 certaque
1625 550 1727 587 illius

202 615 336 651 fiducia
371 614 410 651 in
438 627 479 651 ea
516 614 820 664 conquiescamus
847 614 918 651 toti
945 614 1028 663 (fol.
1059 616 1167 662 1142)
1193 614 1409 664 pacificatae
1443 629 1596 666 prorsus
1634 628 1723 653 con—

201 679 375 716 scientiae
410 684 557 716 nostrae
591 674 829 726 testimonio,
864 684 901 717 et
935 679 1070 717 mentis
1106 692 1188 717 eam
1215 684 1365 718 nostrae
1391 685 1503 732 atque
1529 680 1726 719 affectuum

203 744 445 781 innovatione
473 748 734 782 contestemur.

250 808 443 846 Habemus
470 821 557 858 ergo
586 809 660 846 iam
687 814 722 846 et
747 809 787 847 in
816 822 930 846 coena
958 809 1158 846 Dominica
1184 809 1232 846 ad
1257 822 1375 847 unum
1395 809 1626 860 eundemque
1641 822 1724 847 cum

198 873 280 910 aliis
317 873 564 911 Sacramentis
601 874 753 912 modum
784 874 1070 925 comprobatam
1106 879 1275 912 nostram
1303 874 1347 912 de
1376 887 1464 912 voce
1493 866 1727 912 sacramenti

200 937 467 984 diffinitionem,
504 943 889 991 commonstratasque
914 944 1036 991 partes
1062 941 1163 978 illius
1191 954 1332 987 omnes,
1360 954 1468 992 quam
1497 941 1579 979 fieri
1603 941 1727 993 potuit

196 1001 423 1051 planissime,
458 1003 512 1039 sic
548 1006 590 1040 ut
617 1003 665 1041 ab
691 1003 763 1054 piis
789 1005 907 1055 (quod
935 1006 1060 1055 spero)
1087 1005 1262 1043 omuibus
1288 1019 1347 1043 res
1373 1009 1454 1043 tota
1481 1006 1591 1043 facile
1616 1005 1727 1061 intel-

196 1065 264 1115 ligi
290 1066 419 1116 possit.

247 1130 446 1181 Reliquum
480 1135 535 1169 est
569 1132 656 1177 iam,
692 1137 733 1170 ut
759 1133 917 1171 aliorum
944 1147 1092 1185 quoque
1118 1134 1159 1172 in
1188 1134 1310 1173 verbis
1340 1148 1476 1173 coenae
1502 1135 1724 1187 interpreta-

198 1195 317 1233 tiones
344 1203 392 1240 et,
419 1209 513 1246 quae
539 1196 627 1234 inde
652 1204 903 1248 provenerunt
930 1199 1096 1244 dissidia,
1124 1200 1388 1250 expendamus.
1436 1200 1677 1251 Primumque
1704 1213 1725 1238 a

198 1262 438 1300 miraculosae
471 1262 583 1307 illius,
620 1276 665 1300 ne
702 1263 822 1301 dicam
857 1264 1036 1313 magicae,
1063 1265 1477 1302 transubstantiationis
1506 1264 1724 1302 doctoribus

200 1324 399 1364 ordiemur.
429 1326 519 1363 Non
546 1330 647 1377 quod
674 1328 911 1365 refutandam
941 1328 1183 1379 suscipiamus
1209 1329 1650 1367 transubstantiationem
1678 1329 1725 1366 il·

198 1390 283 1435 lam,
320 1404 430 1441 quam
458 1391 599 1442 alioqui
634 1405 654 1429 a
690 1393 818 1430 multis
851 1394 925 1431 iam
964 1393 1167 1431 clarissime
1202 1394 1403 1432 refutatam
1440 1395 1620 1440 videmus,
1659 1394 1723 1431 sed

199 1455 298 1504 quod
336 1456 510 1494 omnibus
540 1457 729 1506 cognitum
760 1458 948 1503 vellemus,
975 1472 1086 1509 quam
1113 1459 1239 1510 inepte
1266 1459 1366 1510 Papa
1394 1459 1576 1497 hactenus
1603 1463 1639 1496 et
1667 1458 1726 1496 sui

197 1531 325 1557 omnes
369 1534 474 1558 suam
520 1521 616 1559 hanc
659 1523 1100 1561 transubstantiationem
1138 1523 1262 1561 verbis
1301 1536 1437 1561 coenae
1474 1528 1726 1575 superstruere

195 1584 391 1623 voluerint.

249 1649 327 1688 Qui
352 1650 468 1699 igitur
495 1652 934 1690 transubstantiationem
963 1651 1165 1697 somniant,
1192 1651 1232 1689 in
1259 1651 1340 1702 ipsa
1367 1650 1567 1688 verborum
1589 1663 1724 1688 coenae

197 1715 505 1763 pronunciatione
539 1724 685 1767 ponunt
722 1716 796 1754 vim
831 1715 1124 1753 transformandi
1159 1728 1293 1767 panem
1326 1715 1367 1752 in
1405 1728 1539 1766 corpus
1568 1715 1722 1754 Christi.

199 1778 271 1815 Sed
314 1784 568 1831 praeterquam
614 1781 716 1832 quod
760 1781 850 1819 certi
894 1781 1040 1829 ni-(fol.
1077 1780 1244 1828 114b)hi1
1287 1780 1439 1827 habent,
1484 1780 1723 1831 quandonam

201 1842 368 1882 Christus
404 1845 589 1884 Dominus
617 1846 727 1884 verba
755 1859 891 1884 coenae
917 1846 980 1883 illa
1007 1845 1216 1896 protulerit,
1244 1858 1290 1883 ne
1319 1845 1389 1882 hoc
1416 1845 1565 1896 quidem
1593 1844 1725 1883 docere

199 1913 297 1946 certo
324 1917 490 1960 possunt,
516 1911 750 1961 pronominis
770 1924 816 1948 ne
835 1910 1118 1948 demonstrativi
1147 1910 1279 1957 uhoc'',
1306 1923 1353 1948 an
1372 1923 1458 1948 vero
1481 1910 1584 1948 verbi
1606 1909 1725 1956 aest'',

197 1978 259 2010 aut
304 1975 413 2012 simul
458 1976 625 2014 omnium
668 1976 864 2014 verborum
899 1976 1213 2026 pronunciatione
1247 1977 1336 2022 fiat,
1372 1980 1412 2013 ut
1446 1975 1554 2026 panis
1591 1978 1723 2012 natura

196 2042 462 2077 transmutetur
496 2041 536 2078 in
577 2046 748 2079 naturam
785 2041 952 2091 corporis
981 2041 1131 2079 Christi.
1188 2040 1278 2078 Non
1305 2040 1444 2078 audent
1473 2039 1607 2086 dicere,
1633 2052 1721 2090 pro-

199 2103 361 2141 nominis
397 2103 679 2143 demonstrativi
714 2105 1026 2156 pronunciatione
1054 2105 1147 2143 verti
1172 2117 1307 2155 panem
1333 2104 1373 2141 in
1401 2116 1535 2154 corpus
1564 2103 1724 2151 Christi;

199 2180 285 2204 nam
320 2170 472 2220 reliquis
508 2183 643 2208 coenae
680 2170 801 2208 verbis
835 2170 932 2207 ni'nil
968 2169 1116 2207 virtutis
1152 2169 1416 2220 relinquerent,
1451 2169 1482 2206 si
1516 2181 1723 2219 pronomen

201 2231 319 2269 solum
355 2237 471 2271 totam
499 2235 572 2272 vim
598 2235 638 2272 111
667 2248 704 2272 se
732 2234 899 2273 vertendi
927 2248 1051 2272 rerum
1079 2235 1219 2285 species
1247 2234 1412 2273 haberet.
1468 2234 1631 2272 Rursum
1658 2247 1723 2271 ne-

203 2308 273 2345 que
300 2310 432 2346 negare
459 2300 569 2338 etiam
597 2301 745 2339 audent.
776 2300 887 2344 Nam,
916 2300 947 2337 si
968 2313 1177 2350 pronomen
1198 2299 1532 2337 demonstrativum
1550 2299 1598 2337 ad
1615 2299 1723 2350 panis

201 2359 322 2398 adhuc
357 2363 600 2402 substantiam
635 2367 816 2412 referant,
851 2365 1080 2414 intelligunt,
1115 2378 1154 2403 se
1190 2378 1266 2403 non
1299 2368 1448 2402 tantum
1481 2364 1557 2401 iam
1594 2367 1723 2401 contra

205 2437 311 2461 usum
349 2427 557 2478 Scriptus-ae
592 2430 631 2467 in
667 2435 885 2479 argumento
925 2430 1221 2467 Sacramentario
1249 2429 1381 2474 facere,
1418 2428 1481 2466 sed
1508 2428 1619 2466 etiam
1646 2441 1721 2466 non

204 2499 311 2536 posse
347 2490 473 2535 vitare,
507 2494 595 2543 quin
631 2507 673 2531 eo
710 2495 921 2543 adigantur,
958 2498 996 2531 ut
1031 2507 1167 2543 negare
1202 2507 1279 2531 non
1314 2492 1471 2544 possint,
1497 2493 1603 2544 panis
1632 2492 1721 2530 sub—

204 2553 380 2590 stantiam
414 2555 530 2604 ipsam
564 2571 630 2607 pro
667 2559 777 2596 nobis
815 2559 1031 2596 crucifixam
1066 2572 1156 2597 esse.
1206 2558 1403 2596 Quatenus
1430 2557 1527 2595 enim
1557 2557 1722 2607 corporis

204 2617 344 2655 Christi
380 2619 583 2658 substantia
618 2622 698 2672 ipsa
732 2636 798 2674 pro
835 2623 945 2661 nobis
982 2622 1195 2661 hauddubie
1231 2622 1409 2660 crucifixa
1443 2625 1510 2667 est,
1544 2626 1581 2659 et
1616 2621 1724 2672 panis

204 2682 412 2720 substantia
449 2684 648 2734 (siquidem
682 2699 887 2736 pronomen
924 2687 1255 2733 demonstrativum
1283 2687 1323 2724 in
1353 2699 1488 2724 coenae
1514 2685 1638 2723 verbis
1665 2697 1722 2722 re·

206 2746 294 2782 ferri
326 2746 373 2784 ad
400 2747 502 2784 illam
531 2748 679 2796 debeat)
707 2757 760 2787 est
790 2752 1000 2789 substantia
1028 2752 1194 2802 corporis
1223 2751 1374 2795 Christi,
1401 2751 1433 2788 si
1460 2750 1530 2787 sub
1559 2748 1724 2800 corporis

208 2812 355 2850 nomine
384 2811 549 2862 corporis
577 2812 822 2852 substantiam
860 2816 899 2852 in
928 2816 1058 2853 iisdem
1089 2816 1209 2853 verbis
1247 2828 1380 2852 coenae
1408 2813 1646 2865 accipiamus,
1672 2834 1723 2843 —
