1818 3178
641 138 690 164 1111
717 139 880 166 0111113111
909 135 1222 165 INCARNATIONE.
1647 125 1692 158 29

179 238 305 284 tionis,
323 252 344 275 a
360 250 432 289 quo
454 237 642 276 deflectere
662 253 843 290 nusquam
864 240 1050 277 debemus.
1080 238 1197 275 Docet
1214 237 1328 285 igitur
1346 233 1597 281 Evanfrelista,
1613 245 1693 269 eam

181 303 296 341 fuisse
323 315 469 340 causam
485 303 600 341 totius
619 306 818 353 Angelicae
839 306 885 341 ad
904 304 1103 354 Iosephum
1121 300 1328 350 legationis,
1345 299 1443 350 quod
1462 299 1494 335 is
1518 302 1694 346 concepta

183 367 333 405 sinistra
360 367 519 417 quadam
547 368 590 405 de
619 368 736 406 Maria
765 382 899 420 sponsa
927 382 991 406 sua
1019 367 1227 418 suspicione
1254 365 1416 403 deserere
1435 376 1515 401 eam
1534 361 1694 404 volebat,

181 432 280 469 unde
305 432 539 482 perspicuum
566 446 712 484 quoque
738 438 804 480 est,
831 447 907 470 non
926 446 1008 471 eum
1031 446 1107 470 esse
1126 431 1325 479 Angelicae
1344 428 1523 466 orationis
1543 439 1694 477 scopum

183 496 254 533 1100
288 497 383 542 1000,
417 501 458 533 ut
485 498 643 548 Iosepho
672 498 887 548 mysterium
914 497 1130 534 Dominicae
1157 493 1424 533 incarnationis
1450 491 1597 543 proprie
1631 503 1695 528 ex-

181 564 346 609 poneret,
383 559 427 597 de
463 574 535 610 quo
573 575 659 598 sane
692 562 783 599 adeo
820 570 899 598 tum
935 560 1029 598 nihil
1067 560 1253 608 cogitabat
1290 557 1483 608 Iosephus,
1517 560 1559 593 ut
1585 555 1696 603 longe

183 623 366 660 diversum
394 626 582 673 cogitavit,
611 626 674 662 sed
701 626 824 676 potius
851 629 892 662 ut
921 628 1134 674 conceptam
1163 623 1350 660 sinistram
1373 622 1475 659 illam
1493 620 1696 669 falsamque

183 685 228 722 de
258 685 376 723 Maria
404 686 452 734 (Ε
480 687 529 733 ib)
559 688 804 737 suspicionem
830 700 873 724 ex
900 686 1022 723 animo
1049 685 1164 735 ipsius
1191 685 1377 728 eximeret,
1394 683 1506 733 idque
1520 681 1695 719 mandato

183 748 264 794 Dei,
291 762 310 786 a
338 762 411 799 quo
438 750 484 786 ad
510 751 631 800 ipsum
657 751 791 787 missus
818 753 922 786 esset.
952 748 1111 784 Putabat
1132 760 1214 784 vero
1238 747 1419 797 Iosephus
1441 745 1599 782 Mariam
1619 757 1696 781 non

183 818 324 850 servata
361 814 524 863 coniugii
551 815 622 851 fide
649 827 693 851 ex
721 815 833 851 altero
863 812 1036 862 quopiam
1065 811 1286 861 concepisse,
1313 815 1422 860 atque
1450 810 1521 846 hoc
1547 808 1697 846 nomine

181 877 285 914 illam
313 877 476 916 deserere
502 891 648 928 quoque
675 878 832 915 volebat.
862 876 947 913 Hoc
974 888 1059 924 ergo
1088 874 1348 912 offendiculum
1368 888 1387 911 e
1404 873 1555 923 Iosephi
1572 873 1696 910 animo

183 941 312 978 tollere
339 941 438 978 Deus
468 942 582 978 voluit
610 941 720 978 misso
741 940 787 977 ad
807 953 890 977 eum
911 939 1068 987 Angelo‚
1087 938 1151 988 qui
1169 938 1226 974 illi
1244 942 1453 988 exponeret,
1479 950 1570 987 opus
1591 935 1698 981 illud,

184 1018 256 1055 quo
292 1006 370 1056 ipse
404 1006 443 1042 111
478 1006 596 1043 Maria
633 1018 767 1055 sponsa
803 1017 867 1041 sua
896 1003 1160 1047 offendebatur,
1190 1015 1265 1039 non
1293 1001 1454 1039 hominis
1482 1001 1606 1046 fuisse,
1634 999 1696 1037 sed

185 1069 273 1115 Dei;
301 1082 347 1107 ne
374 1082 414 1107 ea
441 1068 591 1120 Iosephi
619 1068 778 1118 suspicio
806 1071 869 1104 aut
895 1067 1006 1104 matri
1033 1066 1169 1115 virgini
1196 1070 1259 1103 aut
1284 1065 1381 1116 proli
1407 1065 1478 1114 ipsi
1505 1065 1614 1108 etiam
1634 1063 1696 1100 de-

185 1134 308 1171 decori
345 1133 606 1184 quoquomodo
634 1146 711 1170 esse
738 1138 873 1182 posset.
905 1132 1034 1169 Quare
1061 1144 1136 1168 non
1165 1130 1236 1167 alio
1266 1143 1286 1166 a
1314 1129 1423 1166 nobis
1451 1129 1560 1166 etiam
1587 1127 1698 1165 verba

186 1198 321 1246 Angeli
352 1198 480 1235 referri
519 1197 664 1241 debent,
701 1210 811 1246 quam
846 1209 887 1233 eo
927 1196 1117 1240 duntaxat,
1151 1207 1224 1244 quo
1269 1194 1332 1231 illa
1367 1194 1496 1231 referri
1532 1198 1699 1243 oportere

184 1262 421 1311 Evangelista
457 1262 535 1312 ipse
570 1265 738 1299 testatur.
792 1261 934 1310 Nempe
960 1264 1002 1297 ut
1029 1264 1232 1297 statuamus
1262 1271 1339 1295 non
1366 1257 1536 1309 equidem
1563 1257 1700 1308 exponi

184 1326 245 1363 hic
279 1325 495 1375 mysterium
531 1324 799 1362 incarnationis
836 1323 985 1367 Christi,
1022 1323 1066 1360 de
1102 1336 1173 1373 qua
1200 1323 1295 1360 nihil
1322 1335 1421 1368 sane,
1446 1325 1489 1359 ut
1517 1321 1608 1367 dixi,
1633 1322 1698 1359 Io-

186 1389 319 1440 sephus
356 1389 553 1438 cogitabat,
581 1389 643 1426 sed
671 1389 803 1439 depelli
829 1388 953 1438 potius
980 1402 1000 1424 a
1028 1387 1184 1437 Virgine
1211 1388 1443 1425 sanctissima
1471 1401 1550 1425 eam
1579 1387 1699 1438 suspi-

187 1454 343 1497 cionem,
370 1454 406 1491 in
438 1467 548 1504 quam
575 1453 673 1504 apud
700 1466 877 1503 sponsum
907 1465 1014 1489 suum
1041 1455 1203 1496 venerat,
1231 1452 1330 1502 quod
1357 1452 1388 1489 is
1417 1451 1579 1489 hominis
1607 1465 1699 1502 opus

185 1533 263 1557 esse
295 1519 552 1570 suspicaretur,
580 1531 655 1556 non
682 1518 763 1556 Dei.
810 1518 969 1568 Hucque
995 1517 1153 1567 pertinet
1182 1517 1334 1554 citatum
1361 1517 1407 1554 ab
1434 1517 1580 1566 Angelo
1607 1517 1700 1554 Pro·

184 1586 316 1636 phetae
351 1585 614 1628 testimonium,
650 1596 723 1633 quo
761 1595 847 1620 sane
882 1586 1068 1631 utrunque
1104 1581 1143 1618 id
1169 1581 1405 1632 praedicitur,
1433 1575 1532 1631 quod
1559 1580 1605 1618 ad
1634 1581 1698 1618 de-

184 1648 395 1700 pellandam
431 1662 450 1685 a
480 1647 598 1685 Maria
626 1647 675 1696 (E
704 1647 762 1696 iia)
793 1660 939 1684 omnem
965 1647 1100 1684 malam
1129 1645 1377 1696 suspicionem
1403 1646 1562 1683 maxime
1587 1646 1700 1696 perti-

187 1713 310 1752 nebat.
346 1712 445 1750 Dum
472 1713 570 1750 enim
597 1711 778 1762 Propheta
805 1711 995 1762 praedicit,
1021 1711 1203 1759 virginem
1229 1711 1319 1757 fore,
1347 1724 1440 1761 quae
1454 1714 1490 1748 et
1510 1711 1700 1762 concipere

186 1781 222 1814 et
256 1790 381 1827 parere
409 1776 578 1822 debebat,
605 1775 914 1826 quemadmodum
942 1775 1181 1824 Evangelista
1220 1774 1292 1812 hoc
1317 1775 1400 1811 loco
1428 1775 1702 1826 interpretatur,

187 1841 350 1878 excludit
376 1855 462 1878 sane
490 1854 636 1878 omnem
662 1840 861 1877 humanam
889 1853 1048 1891 operam,
1069 1840 1112 1877 de
1133 1852 1204 1890 qua
1225 1838 1479 1889 suspicabatur
1497 1839 1678 1890 Iosephus
1691 1854 1700 1885 ;

187 1911 223 1944 et
248 1905 438 1956 proprium
462 1905 578 1955 ipsius
605 1904 674 1942 Dei
701 1918 792 1955 opus
819 1905 898 1941 fore
926 1904 1165 1949 demonstrat,
1191 1903 1231 1940 in
1259 1916 1330 1953 quo
1348 1903 1581 1953 potissimum
1601 1903 1701 1940 Deus

190 1983 221 2016 ‚a
258 1970 360 2007 cuius
396 1969 514 2018 gratia
550 1969 801 2006 excideramus
838 1981 977 2014 omnes,
1001 1968 1279 2005 Emmanuelem
1309 1980 1346 2004 se
1372 1981 1499 2005 rursus
1527 1967 1701 2005 omnibus

188 2040 265 2073 toto
293 2039 473 2072 terrarum
501 2033 589 2070 orbe
617 2033 790 2082 gentibus
819 2032 1068 2070 declaraturus
1087 2037 1193 2071 esset.
1228 2032 1320 2069 Cum
1337 2031 1451 2082 igitur
1468 2030 1702 2082 perspicuum

189 2104 256 2145 est,
290 2099 412 2135 1000111
440 2097 540 2134 hunc
568 2111 643 2135 non
668 2097 751 2134 ideo
778 2097 924 2147 proprie
951 2110 1028 2135 esse
1054 2097 1254 2147 proditum,
1279 2101 1322 2133 ut
1347 2109 1411 2146 per
1436 2095 1543 2132 illum
1568 2094 1702 2132 modus

190 2178 233 2202 ac
275 2164 367 2201 ratio
405 2162 654 2213 conceptionis
700 2161 837 2199 Christi
871 2166 1087 2212 exponatur,
1125 2162 1187 2199 sed
1223 2165 1266 2198 ut
1301 2160 1458 2198 Divinae
1494 2160 1702 2198 autoritatis

192 2228 510 2266 commendatione
530 2227 649 2263 omnis
667 2240 686 2264 a
704 2231 822 2264 matre
841 2227 982 2276 virgine
1002 2226 1161 2277 suspicio
1181 2226 1453 2276 depellatur,—
1466 2226 1704 2263 manifestiun

191 2305 338 2343 quoque
364 2296 430 2335 est,
458 2291 606 2341 spiritus
634 2291 750 2328 sancti
777 2304 910 2328 nomen
948 2304 1024 2328 non
1059 2297 1134 2328 tam
1162 2290 1206 2327 ad
1237 2286 1493 2335 substantiam,
1519 2303 1630 2340 quam
1657 2289 1704 2326 ad

192 2357 378 2408 opificium
405 2355 527 2405 potius
553 2354 654 2391 illius
681 2354 807 2392 referri
835 2359 1013 2405 oportere,
1040 2358 1081 2391 ut
1110 2353 1267 2404 suspicio
1297 2353 1340 2391 de
1368 2353 1528 2390 hominis
1548 2352 1703 2390 alicuius

193 2434 300 2472 opere
329 2423 504 2469 concepta
530 2417 609 2455 Deo
636 2418 717 2468 ipso
745 2422 873 2455 autore
899 2418 1086 2468 proposito
1115 2417 1345 2455 retundatur.
1380 2416 1426 2453 Id
1448 2429 1558 2467 porro
1579 2419 1704 2453 osten·

195 2485 315 2522 dimus
353 2484 444 2521 nihil
482 2482 630 2519 obstare
658 2482 822 2528 omnino,
850 2482 1047 2532 quominus
1075 2481 1177 2530 virgo
1207 2494 1250 2517 ex
1278 2494 1354 2518 sese
1379 2480 1459 2530 ipsa
1488 2479 1708 2529 conceperit,

193 2555 234 2601 ut
263 2561 343 2586 vere
370 2553 486 2585 mater
519 2550 626 2590 esset,
653 2545 788 2582 nedum
814 2550 855 2582 ut
883 2545 943 2582 hic
968 2546 1072 2582 locus
1101 2544 1210 2581 nobis
1238 2544 1375 2595 opponi
1400 2544 1528 2594 possit.
1583 2543 1704 2581 Quid!

195 2613 293 2664 quod
323 2612 475 2649 citatum
503 2611 547 2647 ab
577 2610 722 2658 Angelo
750 2609 955 2659 Prophetae
981 2609 1030 2657 (E
1058 2609 1122 2655 iih)
1150 2608 1220 2645 hoc
1246 2608 1328 2645 loco
1356 2608 1608 2645 testimonium
1636 2620 1704 2644 no-

195 2682 309 2714 stram
342 2676 451 2713 etiam
489 2674 696 2711 doctrinam
732 2686 807 2709 non
848 2673 1004 2710 obscuro
1042 2673 1246 2710 confirmat.
1301 2672 1399 2709 Nam
1425 2671 1572 2721 pondus
1599 2684 1707 2708 omne

196 2740 304 2777 huius
340 2739 522 2784 miraculi,
558 2737 655 2789 quod
693 2737 888 2787 Propheta,
923 2736 1046 2773 addita
1083 2735 1299 2773 admirantis
1332 2734 1510 2785 particula
1542 2733 1708 2780 nEcce''‚

197 2804 305 2842 nobis
335 2805 497 2841 sulm-nni
525 2801 717 2852 praedixit,
743 2801 780 2837 in
810 2800 880 2836 hoc
906 2799 1138 2850 potissimum
1165 2803 1345 2843 versatur,
1372 2798 1469 2848 quod
1499 2799 1602 2847 virgo
1631 2810 1707 2835 non

195 2871 340 2918 gestare
376 2867 495 2904 solum
532 2879 573 2903 ac
608 2860 734 2915 parere
769 2868 880 2914 (quae
917 2866 1133 2913 conceptum
1170 2862 1310 2922 alioqui
1345 2862 1549 2900 necessario
1578 2874 1707 2899 conse-
