1818 3178
194 138 268 173 446
692 144 907 172 RESPONSIO
936 145 1029 171 ADv.
1062 146 1225 173 HOSIUM.

192 259 326 297 corpus
364 258 446 282 cum
477 244 639 285 Christo.
666 248 701 281 et
729 244 886 281 invicem
917 245 1026 281 simul
1054 245 1163 282 etiam
1200 245 1269 284 sub
1297 247 1415 297 capite
1443 250 1572 285 nostro
1601 248 1711 285 Chri-

192 313 249 347 sto
285 322 349 359 per
386 321 487 344 suam
530 307 724 344 nobiscum
761 312 796 344 et
832 313 996 344 nostram
1037 320 1161 344 secum
1197 308 1236 345 in
1273 322 1425 360 corpore
1460 315 1495 347 et
1530 310 1712 358 sanguine

191 385 258 409 suo
286 371 597 408 communionem.
650 370 761 407 Hanc
788 383 899 420 porro
928 371 1125 408 salutarem
1155 373 1452 411 communionem
1483 373 1592 411 nobis
1621 387 1712 411 con-

190 440 286 473 stare
321 433 534 471 firmissime
568 434 608 471 in
637 436 746 482 (151)
776 435 901 471 Coena
929 435 1100 479 dicimus,
1125 435 1269 473 etiamsi
1298 450 1417 488 neque
1445 439 1489 476 de
1517 439 1712 476 Transub-

189 499 430 538 stantiatione
459 498 678 541 Hosianica,
705 511 823 548 neque
851 498 896 535 de
923 504 1162 536 controversa
1192 500 1590 540 Consubstantiatione
1608 503 1712 553 quic·

188 578 299 615 quam
329 563 481 600 omnino
510 563 772 612 imaginemur,
807 564 1119 613 quemadmodum
1147 569 1181 601 et
1206 570 1367 602 veterem
1394 567 1535 618 alioqui
1561 568 1713 606 Israelis

189 628 394 665 Ecclesiam
432 628 470 664 in
507 640 659 665 suorum
697 629 1019 665 Sacramentorum
1065 641 1135 665 usu
1173 642 1254 665 vere
1291 629 1337 666 ad
1374 630 1528 667 salutem
1567 631 1712 682 corpori

188 700 224 731 et
262 693 435 742 sanguini
474 692 618 730 venturi
654 692 777 730 adhuc
813 697 847 729 et
886 693 1151 743 subsequuturi
1180 706 1245 730 suo
1274 698 1438 744 tempore
1467 695 1606 733 Christi
1634 696 1712 733 Do-

188 757 281 795 mini
318 756 611 794 communicasse
647 762 682 793 et
719 769 787 793 nos
822 756 862 793 in
899 757 1092 807 Baptismo
1130 770 1230 794 nunc
1268 766 1396 795 nostro
1426 760 1714 803 communicare,

188 823 292 859 iuxta
321 821 531 858 doctrinam
561 820 817 870 Apostolicam
855 834 930 858 non
969 821 1193 859 dubitamus.
1247 823 1324 859 Aut
1351 835 1438 871 ergo
1468 823 1529 859 hic
1556 823 1712 860 Paulum

189 890 338 925 accuset
368 886 522 930 Hosius,
551 885 653 922 cuius
682 898 750 922 nos
779 885 987 923 doctrinam
1017 885 1216 936 sequimur,
1243 908 1294 914 --
1320 892 1382 923 aut
1410 893 1602 936 agnoscat,
1619 887 1714 924 nihil

191 951 365 989 decedere
402 952 547 987 Coenae
585 949 780 999 Mysterio,
815 949 961 986 etiamsi
997 949 1043 986 ab
1079 950 1143 986 illa
1174 962 1320 987 omnem
1347 963 1501 1001 prorsus
1527 951 1713 999 imagina-

189 1017 341 1060 tionem,
363 1020 439 1052 tam
467 1014 511 1052 de
540 1013 972 1056 Transubstantiationc,
999 1027 1110 1064 quam
1136 1014 1180 1051 de
1209 1015 1606 1053 Consubstantiatione
1627 1016 1714 1052 reii-

191 1082 344 1119 ciamus.
401 1080 460 1123 Et,
497 1079 528 1116 si
564 1079 705 1116 salvum
749 1079 858 1116 nobis
885 1084 996 1129 atque
1023 1079 1201 1116 intactum
1238 1084 1361 1116 manet
1388 1093 1541 1130 prorsus
1569 1074 1715 1118 Coenae

192 1145 414 1196 Mysterium
451 1144 612 1181 salutare
646 1143 727 1180 sine
764 1143 837 1180 ulla
876 1144 932 1179 vel
970 1143 1389 1181 Transubstantiationc
1436 1145 1492 1181 vel
1543 1144 1714 1182 Consul)-

191 1209 444 1253 stantiatione,
489 1208 520 1245 si
562 1207 651 1244 item
698 1211 828 1244 neutra
874 1219 998 1243 earum
1037 1207 1074 1244 in
1116 1207 1284 1256 Symboli
1322 1208 1474 1258 Mystici
1510 1209 1549 1246 in
1591 1209 1714 1246 Coena

190 1279 293 1325 parte
330 1273 404 1310 ulla
442 1271 726 1309 commonstrari
761 1275 896 1321 potest,
930 1271 968 1307 in
1005 1270 1178 1308 instituta
1215 1272 1366 1322 inquam
1409 1286 1428 1309 a
1458 1273 1606 1310 Christo
1635 1273 1714 1310 Do-

191 1338 292 1375 mino
341 1336 502 1386 Mystica
541 1335 818 1383 Coe-(152)nae
853 1334 1013 1378 actione,
1057 1335 1154 1373 unde
1188 1336 1260 1373 iam
1299 1336 1448 1373 docebit
1485 1337 1627 1374 Hosius
1671 1337 1715 1374 de

189 1402 271 1453 ipso
309 1400 418 1438 nobis
456 1401 601 1437 Coenae
639 1401 878 1436 Sacramento
909 1412 990 1436 cum
1032 1399 1258 1437 Lutheranis
1288 1401 1577 1438 controversiam
1604 1403 1713 1439 esse?

191 1479 235 1503 ac
272 1479 346 1502 non
382 1464 505 1515 potius
543 1464 587 1500 de
622 1476 677 1506 eo,
712 1463 811 1513 quod
847 1463 921 1500 iam
958 1463 1188 1501 ostendimus
1230 1477 1347 1514 neque
1384 1464 1429 1501 ad
1484 1465 1718 1514 Mysterium,

192 1542 310 1579 neque
337 1529 383 1566 ad
418 1528 651 1578 Symbolum,
677 1540 720 1564 ac
746 1527 903 1577 proinde
930 1540 1050 1577 neque
1077 1527 1123 1564 ad
1152 1528 1273 1578 ipsum
1301 1528 1412 1565 etiam
1434 1529 1714 1566 Sacramentum

193 1596 339 1632 Coenae
381 1593 582 1643 quicquam
619 1592 771 1629 omnino
809 1591 1005 1641 pertinere,
1062 1591 1148 1628 Scio
1186 1592 1276 1642 quid
1315 1592 1374 1629 hic
1410 1592 1551 1630 Hosius
1588 1598 1623 1630 et
1660 1593 1716 1630 sui

191 1663 423 1708 argutentur,
458 1662 534 1695 tam
568 1657 613 1694 de
649 1657 747 1694 Pane
783 1657 864 1706 ipso
903 1660 1061 1700 Coenae,
1098 1662 1137 1694 ut
1164 1670 1246 1694 eum
1283 1657 1322 1694 in
1350 1662 1459 1707 parte*
1482 1657 1715 1695 Sacramenti

193 1725 437 1767 constituant,
473 1736 584 1773 quam
623 1722 666 1759 de
703 1722 816 1758 verbo
845 1722 1029 1770 faciendi,
1067 1726 1107 1758 ut
1144 1734 1186 1759 ex
1217 1723 1456 1759 Sacramento
1494 1722 1715 1759 sacrificium

192 1790 345 1833 faciant,
380 1788 443 1825 sed
481 1801 549 1825 nos
580 1787 648 1824 hoc
675 1787 842 1837 ipsorum
869 1799 1024 1823 acumen
1053 1786 1147 1823 nihil
1177 1786 1329 1823 omnino
1359 1800 1561 1832 moramur,
1589 1787 1717 1825 facile-

192 1867 263 1905 que
300 1851 558 1902 permittimus,
597 1856 634 1887 ut
672 1850 854 1900 quidlibet
896 1863 939 1887 ex
968 1850 1136 1900 quolibet
1165 1850 1509 1896 comminiscantur,
1539 1852 1716 1901 quemad-

192 1917 346 1955 modum
373 1916 412 1953 in
442 1915 580 1953 scholis
610 1915 682 1951 dici
712 1915 817 1952 solet.
848 1914 1036 1951 Nimirum
1066 1915 1175 1952 nobis
1205 1915 1294 1952 satis
1322 1921 1377 1952 est
1406 1916 1664 1966 Apostolicum
1683 1921 1719 1952 et

192 1982 464 2032 Euangelicum
510 1979 780 2023 testimonium,
823 1992 895 2029 quo
934 1979 1122 2024 docemur,
1159 1979 1349 2016 Christum
1390 1979 1603 2025 Dominum,
1642 1993 1717 2017 non

192 2047 363 2098 equidem
401 2045 440 2082 in
474 2043 568 2095 ipsis
605 2044 751 2081 Coenae
787 2043 993 2080 Elementis
1029 2056 1094 2093 per
1131 2056 1181 2086 se,
1218 2043 1279 2080 sed
1309 2043 1347 2080 in
1380 2042 1539 2093 Mystica
1568 2044 1718 2080 illorum

193 2111 458 2150 distributione
495 2109 606 2147 simul
642 2121 685 2145 ac
711 2108 949 2159 perceptione
978 2109 1122 2145 Coenae
1150 2121 1237 2145 suae
1265 2109 1547 2145 Sacramentum
1577 2108 1717 2146 consti—

193 2178 321 2219 tuisse,
350 2175 436 2212 dum
464 2174 516 2211 ait
556 2190 573 2208 ιι
588 2173 674 2210 Hoc
702 2173 850 2218 facite''‚
877 2177 917 2210 ut
945 2186 1064 2223 neque
1091 2173 1229 2210 Panem
1258 2186 1375 2223 neque
1403 2173 1544 2211 Vinum
1574 2174 1719 2211 Coenae

192 2242 231 2279 in
262 2241 335 2278 ulla
363 2237 729 2286 Sacramen-(153)ti
756 2241 860 2288 parte
886 2237 1060 2288 ponenda
1087 2250 1166 2275 esse
1178 2237 1452 2293 intelligamus,
1470 2236 1615 2274 etiamsi
1633 2238 1718 2274 mil·

192 2305 259 2342 lies
295 2317 359 2355 per
388 2303 585 2340 verborum
613 2301 870 2339 recitationem
900 2306 1174 2347 consecrentur,
1204 2301 1276 2339 nisi
1305 2301 1393 2338 dum
1422 2306 1455 2338 et
1483 2301 1717 2339 distribuun-

193 2373 254 2407 tur
282 2373 317 2405 et
342 2367 598 2418 percipiuntur
624 2366 728 2403 iuxta
757 2366 898 2403 Christi
927 2365 1090 2411 Domini,
1119 2365 1295 2403 mandato
1323 2366 1442 2416 ipsius
1470 2367 1718 2409 obfirmatam,

194 2431 480 2469 institutionem.
534 2430 630 2466 Tum
668 2429 815 2466 demum
842 2429 952 2475 enim,
981 2433 1017 2466 et
1056 2441 1129 2466 non
1158 2428 1272 2479 prius,
1300 2429 1339 2465 in
1367 2428 1536 2478 Symboli
1567 2427 1716 2477 Mystici

193 2499 297 2547 parte
332 2498 527 2531 censentur
564 2494 708 2531 Coenae
745 2493 952 2539 Elementa,
998 2493 1086 2530 dum
1121 2493 1226 2530 iuxta
1264 2493 1404 2530 Christi
1440 2492 1714 2530 institutionem

193 2564 229 2598 et
267 2559 544 2597 distribuuntur
581 2563 616 2596 et
643 2558 753 2596 simul
780 2559 890 2596 etiam
919 2558 1175 2609 percipiuntur
1201 2562 1237 2596 et
1264 2562 1447 2608 quatenus
1475 2557 1595 2608 ipsum
1623 2557 1715 2593 Coe-

194 2637 262 2663 nae
300 2624 593 2667 Sacramentum,
629 2622 700 2659 hoc
728 2627 782 2660 est
812 2622 965 2672 Mystici
1001 2622 1074 2659 iam
1111 2636 1175 2673 per
1214 2622 1352 2659 Christi
1379 2621 1652 2659 institutionem
1681 2626 1717 2657 et

194 2686 398 2739 spiritualis
433 2686 545 2722 Panis
573 2699 616 2723 ac
642 2686 773 2724 Poculi
802 2688 947 2724 Coenae
982 2687 1231 2738 participatio,
1268 2692 1323 2724 est
1351 2699 1475 2724 verum
1505 2691 1614 2736 atque
1641 2687 1715 2722 effi-

194 2764 261 2789 cax
289 2750 508 2800 Symbolum
536 2749 580 2786 ad
610 2751 766 2787 salutem
795 2752 1244 2790 communionismostrae
1273 2765 1355 2788 cum
1385 2751 1534 2789 Christo
1555 2751 1716 2788 Domino

192 2817 232 2854 in
269 2828 422 2867 corpore
457 2818 492 2851 et
528 2814 709 2862 sanguine
744 2815 874 2865 ipsius,
910 2821 950 2853 ut
986 2815 1037 2853 eis
1073 2816 1111 2853 in
1148 2816 1229 2866 ipso
1270 2817 1414 2853 Coenae
1449 2828 1518 2852 usu
1559 2828 1642 2852 vere
1671 2815 1715 2852 ad

195 2881 309 2919 vitam
335 2883 521 2918 aeternam
550 2883 746 2928 pascamur
772 2893 836 2930 per
863 2880 986 2926 fidem,
1003 2902 1053 2909 —
1075 2880 1252 2918 hactenus
1272 2894 1358 2917 sane
1375 2885 1409 2917 et
1429 2880 1541 2917 Panis
1559 2881 1621 2918 ille
1638 2881 1711 2917 iam
