1818 3178
732 93 792 122 ΕΡ.
822 93 968 124 nocrn.
1545 88 1617 125 551

95 195 134 234 in
172 209 241 248 qua
279 199 404 234 nostra
441 195 580 242 omnia,
608 199 648 233 ut
675 196 795 234 fidelis
831 197 1011 248 pontifex,
1045 197 1240 249 expiasset.
1295 198 1353 236 Ad
1383 197 1480 236 hanc
1505 198 1619 236 talem

96 261 229 299 mortis
265 259 474 298 dominicae
510 260 806 299 recordationem
846 260 985 299 Paulus
1021 261 1184 300 Coenam
1220 262 1374 300 Domini
1408 262 1619 301 institutam

96 339 175 364 esse
203 326 323 371 docet,
349 323 434 362 dum
465 339 545 363 eam
572 326 676 364 illius
703 333 1005 379 κατειγγελείοιν
1033 340 1113 365 esse
1135 330 1304 373 testatur,
1341 327 1375 364 hv
1406 340 1454 373 e.,
1479 340 1618 365 renun-

95 390 288 428 tiationem
328 389 404 427 sive
440 390 801 435 rememorationem,
837 394 874 429 et
902 391 1202 429 communionem
1238 395 1425 442 praeterea
1454 390 1621 443 corporis

97 466 141 491 ac
178 453 371 503 sanguinis
409 454 550 492 Christi
577 455 751 506 appellat.
804 455 938 506 Neque
965 455 1039 493 alio
1067 455 1228 506 respexit
1255 455 1409 507 ipsemet
1437 455 1622 493 Dominus

97 522 238 562 noster,
281 517 369 555 dum
417 531 570 556 coenam
608 519 707 556 hanc
746 532 852 557 suam
889 519 1000 557 nobis
1037 519 1108 557 sub
1145 520 1407 570 mysteriorum
1442 520 1623 571 ipsorum,

98 582 134 620 h.
170 596 215 626 e.‚
253 583 420 635 corporis
465 588 501 621 et
539 583 736 633 sanguinis
773 584 831 622 sui
868 584 1020 622 nomine
1057 584 1345 623 commendaret.
1398 585 1455 622 Ex
1486 584 1623 636 quibus

97 645 274 684 omnibus
310 647 547 698 perspicuum
586 652 656 693 est,
691 661 775 685 eum
804 661 884 686 esse
910 649 1148 700 praecipuum
1177 661 1315 686 coenae
1342 648 1551 686 dominicae
1579 650 1622 686 fi-

97 725 195 758 nem,
229 717 271 750 ut
308 712 356 750 sit
386 713 516 750 mortis
547 713 757 751 dominicae
784 713 884 764 inter
912 727 980 751 nos
1009 713 1190 751 eiusmodi
1225 713 1503 757 rememoratio,
1531 726 1626 764 quae

96 777 244 827 plenam
280 777 403 814 meriti
440 790 483 814 ac
511 777 662 815 virtutis
688 777 791 816 illius
821 778 1122 816 communionem
1151 780 1190 816 in
1218 779 1353 817 animis
1380 779 1521 818 nostris
1550 781 1625 817 effi-

97 842 232 880 caciter
270 847 512 881 contestetur.
566 843 646 880 Iam
683 843 999 894 quemadmodum
1035 844 1074 882 in
1115 845 1274 883 aliorum
1305 849 1624 883 sacramentorum

97 919 167 944 usu
201 907 397 956 obsignari
432 907 591 945 dicimus
628 908 774 946 animos
804 912 953 946 nostros
982 908 1020 946 in
1049 908 1122 946 fide
1150 909 1412 959 mysteriorum
1443 923 1536 960 quae
1563 923 1628 960 per

95 971 216 1023 posita
255 972 364 1009 nobis
401 972 450 1009 ob
487 973 615 1010 oculos
653 972 819 1010 visibilia
846 973 998 1010 illorum
1028 974 1197 1024 symbola
1227 974 1484 1024 designantur,
1511 975 1563 1012 ita
1591 979 1628 1013 et

98 1049 251 1074 coenam
297 1037 461 1086 sigillum
511 1050 590 1075 esse
627 1036 802 1075 docemus
840 1037 1117 1076 communionis
1157 1039 1323 1089 corporis
1362 1043 1398 1076 et
1434 1039 1629 1089 sanguinis

99 1100 252 1144 Christi,
294 1101 448 1138 Paulum
487 1101 522 1138 in
562 1101 631 1138 hac
668 1105 771 1152 parte
800 1101 964 1152 sequuti,
990 1102 1057 1152 qui
1087 1101 1426 1146 circumcisionem,
1452 1107 1493 1141 ut
1521 1116 1627 1154 saepe

96 1164 170 1203 iam
199 1165 339 1202 dictum
367 1171 436 1210 est,
463 1165 627 1214 sigillum
656 1165 818 1203 iustitiae
845 1165 931 1202 fidei
960 1169 1084 1204 vocat.
1124 1166 1219 1204 Inde
1239 1180 1325 1204 vero
1346 1172 1497 1217 apparet
1516 1167 1627 1205 etiam

97 1230 286 1281 quodnam
326 1230 372 1267 sit
410 1243 597 1267 summum
627 1231 773 1267 Coenae
802 1229 1023 1267 Dominisae
1051 1230 1268 1280 mysterium
1299 1230 1346 1268 ab
1375 1244 1418 1269 eo
1447 1230 1529 1282 ipso
1559 1232 1633 1269 fine

98 1295 312 1338 deductum,
341 1308 472 1345 nempe
501 1308 572 1332 una
601 1299 712 1346 atque
739 1294 869 1332 eadem
897 1299 1067 1332 nostrum
1097 1295 1264 1333 omnium
1293 1295 1359 1347 qui
1387 1295 1431 1333 de
1449 1309 1545 1347 pane
1564 1296 1630 1334 illo

98 1360 243 1397 edimus
281 1364 381 1397 certa
418 1364 451 1397 et
488 1359 700 1397 indubitata
739 1373 822 1397 cum
854 1360 1005 1397 Christo
1034 1360 1200 1398 Domino
1229 1361 1266 1398 in
1297 1374 1451 1412 corpore
1479 1365 1514 1399 ct
1542 1375 1629 1399 san-

97 1424 211 1473 guine
237 1424 354 1475 ipsius
382 1428 587 1473 μετουσΐκ,
614 1423 652 1460 id
680 1424 780 1474 quod
809 1437 852 1461 ex
881 1423 1128 1474 apertissimis
1157 1424 1263 1461 Pauli
1291 1424 1414 1462 verbis
1434 1423 1544 1462 facile
1564 1438 1630 1475 ap-

97 1492 213 1540 paret,
250 1488 337 1525 dum
367 1501 448 1533 nos,
474 1488 540 1538 qui
568 1487 613 1525 de
640 1501 735 1539 pane
764 1487 835 1525 hoc
862 1487 1021 1533 edimus,
1051 1501 1163 1526 unum
1193 1488 1334 1526 Christi
1364 1488 1519 1526 Domini
1547 1503 1630 1527 cor·

98 1566 167 1603 pus
195 1552 351 1595 omneis,
382 1565 456 1589 non
486 1552 657 1603 equidem
685 1552 764 1589 fieri
791 1552 918 1603 (quasi
947 1566 1022 1590 non
1051 1557 1086 1590 et
1114 1557 1222 1590 antea
1252 1555 1449 1600 essemus),
1469 1553 1531 1591 sed
1553 1567 1633 1591 esse

101 1618 174 1654 iam
205 1617 333 1654 docet:
364 1616 569 1662 Quoniam,
595 1617 731 1667 inquit,
758 1630 874 1654 unum
903 1630 1052 1667 corpus,
1079 1630 1210 1668 nempe
1229 1617 1383 1664 Christi,
1405 1631 1532 1655 sumus
1552 1631 1634 1656 om-

101 1682 180 1720 neis
218 1681 283 1731 qui
319 1682 534 1732 praesertim
572 1681 617 1719 de
645 1682 773 1720 eodem
802 1696 897 1733 pane
925 1682 1206 1733 participamus.
1260 1682 1366 1721 Quin
1395 1687 1431 1721 et
1459 1683 1631 1722 Christus

101 1747 288 1786 Dominus
326 1747 462 1784 diserte
498 1746 608 1785 nobis
636 1747 791 1798 exponit
819 1752 985 1786 nostram
1017 1748 1112 1785 hanc
1140 1761 1264 1785 secum
1294 1752 1525 1796 μετουσίκνι
1557 1749 1635 1787 Qui

100 1812 190 1857 edit,
225 1811 362 1861 inquit,
398 1824 546 1849 carnem
583 1825 702 1849 meam
740 1816 776 1849 et
814 1812 911 1849 bibit
939 1825 1062 1849 meum
1092 1812 1327 1862 sanguinem,
1354 1813 1392 1850 in
1423 1826 1480 1850 me
1508 1818 1634 1850 manet

100 1881 137 1915 et
173 1889 242 1924 ego
280 1876 317 1913 in
356 1888 412 1913 eo,
468 1875 570 1912 Quid
609 1879 730 1913 autem
770 1875 826 1912 vel
853 1875 898 1912 ad
929 1875 1039 1913 fidem
1070 1879 1237 1913 nostram
1264 1875 1302 1912 in
1330 1875 1467 1914 animis
1495 1876 1636 1914 nostris

101 1939 388 1981 obfirmandam.
419 1939 473 1977 vel
502 1939 545 1976 ad
577 1939 830 1977 conscientiae
859 1946 1007 1977 nostrae
1036 1939 1333 1977 consolationem
1351 1939 1503 1989 gravius
1526 1944 1636 1990 atque

100 2003 284 2042 efficacius
321 2003 449 2040 haberi
487 2007 621 2053 potest,
656 2016 768 2053 quam
805 2003 951 2041 animos
988 2008 1137 2040 nostros
1174 2002 1335 2041 subinde
1362 2003 1400 2040 in
1437 2017 1477 2041 ea
1508 2009 1637 2041 nostra

101 2082 186 2106 cum
223 2067 373 2105 Christo
412 2067 576 2104 Domino
613 2072 807 2119 μετουσίᾳ
835 2067 1031 2117 obsignari
1060 2067 1163 2105 iuxta
1198 2067 1317 2118 ipsius
1346 2067 1636 2111 institutionem,

102 2135 141 2172 in
169 2147 241 2184 qua
270 2132 360 2170 certi
387 2132 527 2183 alioqui
556 2145 695 2177 sumus,
726 2145 793 2169 nos
822 2131 859 2169 in
888 2131 954 2168 illo
985 2132 1166 2182 illumque
1192 2131 1231 2169 in
1260 2131 1370 2169 nobis
1398 2132 1448 2169 ita
1470 2132 1633 2170 vicissim

102 2212 193 2242 esse,
221 2202 262 2235 ut
290 2210 408 2248 neque
438 2209 505 2234 nos
535 2196 615 2233 sine
642 2195 710 2232 illo
739 2195 943 2233 damnandi
971 2196 1239 2246 quoquomodo
1265 2196 1340 2233 iam
1370 2196 1497 2241 simus,
1517 2209 1635 2247 neque

102 2263 165 2300 ille
201 2262 282 2299 sine
319 2260 428 2298 nobis
466 2273 622 2308 regnare
659 2260 770 2297 etiam
809 2260 911 2298 velit.
967 2259 1069 2297 Huic
1097 2273 1208 2310 porro
1237 2260 1304 2297 tali
1333 2261 1455 2298 carnis
1485 2275 1571 2299 suae
1600 2267 1636 2299 et

102 2326 299 2376 sanguinis
336 2326 394 2363 sui
429 2325 642 2368 alimoniae,
680 2338 762 2362 cum
801 2330 938 2362 certam
976 2325 1073 2362 vitae
1101 2329 1272 2363 aeternae
1300 2326 1586 2377 promissionem
1606 2341 1636 2364 ·a

103 2389 265 2427 Domino
303 2387 384 2438 ipso
413 2387 577 2424 additam
607 2387 823 2430 babeamus,
850 2387 929 2424 sine
955 2388 1032 2424 ulla
1063 2388 1119 2425 vel
1149 2388 1354 2438 corporalis
1389 2389 1636 2439 praesentiae,

103 2454 160 2491 vel
189 2451 445 2502 ubiqueitatis,
475 2451 530 2488 vel
559 2451 669 2488 etiam
698 2451 1045 2489 transformationis
1074 2451 1281 2497 mentione,
1306 2457 1342 2490 et
1371 2453 1530 2491 sciamus
1547 2453 1634 2492 item

105 2518 200 2557 nihil
237 2517 372 2554 horum
410 2516 563 2555 novisse.
596 2522 753 2553 veterem
791 2516 1012 2560 Ecclesiam,
1049 2530 1144 2567 quac
1178 2522 1302 2555 tamen
1331 2518 1487 2555 eandem
1516 2518 1634 2569 ipsam

105 2583 300 2622 nobiscum
330 2595 452 2619 escam
482 2581 726 2632 spiritualem,
754 2594 884 2632 nempe
914 2581 1053 2618 Christi
1083 2581 1237 2619 Domini
1266 2595 1427 2626 carnem,
1454 2584 1492 2620 in
1523 2583 1635 2621 vitam

102 2648 233 2687 edebat
263 2651 464 2691 aeternam,
491 2646 805 2696 quemadmodum
834 2646 973 2684 Paulus
1003 2646 1124 2690 docet,
1141 2668 1193 2675 —
1212 2660 1287 2685 non
1308 2661 1485 2697 magnum
1512 2661 1579 2685 nos
1596 2648 1634 2686 in

104 2714 178 2751 illis
215 2713 329 2751 etiam
357 2716 587 2749 momentum
616 2710 654 2748 in
686 2723 822 2747 coenae
851 2709 1060 2748 dominicae
1090 2711 1392 2749 consideratione
1420 2713 1633 2763 ponendum

102 2790 181 2815 esse
219 2781 404 2827 putamus,
438 2774 657 2826 praesertim
694 2787 778 2811 cum
815 2787 892 2812 non
929 2775 980 2812 ita
1020 2776 1178 2813 multum
1208 2777 1344 2814 attinet
1371 2789 1504 2825 urgere
1530 2776 1567 2813 id
1596 2776 1636 2814 in

101 2840 403 2880 manducationis
430 2840 707 2890 obsignatione,
735 2840 835 2891 quod
851 2840 890 2877 in
911 2840 1202 2879 manducatione
1221 2841 1300 2893 ipsa
1321 2841 1637 2892 praetermissum,
