1818 3178
169 167 235 195 LVI

807 168 1047 197 PRAEFATIO.

468 274 504 316 b.
565 277 620 316 de
648 291 696 316 re
725 275 1113 316 sacramentaria
1146 275 1197 330 (a.
1236 272 1380 329 1551).

230 391 354 433 Brevi
386 397 481 432 ante
503 397 678 432 mortem
699 391 741 432 in
766 390 1030 432 concordiam
1053 390 1245 446 redigere
1267 390 1403 431 varias
1425 403 1590 450 eorum,
1612 389 1683 444 qui

526 496 554 527 2.
599 505 619 526 A
642 496 750 527 Lasco
774 496 859 527 vult
881 495 948 526 has
972 497 1100 526 vestes
1124 494 1319 526 sublatas.

212 550 294 592 Quia
319 561 390 581 usus
413 550 522 581 harum
548 562 610 582 non
634 551 734 593 possit
757 551 794 582 ab
820 551 882 582 ulla
905 550 1048 581 Ecclesia
1070 550 1122 592 pie
1145 549 1299 587 adhiberi,
1323 550 1408 591 quod
1431 550 1457 582 is
1481 561 1554 581 usus
1570 549 1686 581 habeat

171 605 430 646 significationem
454 606 591 647 aliquam
615 607 785 639 sacerdotii
808 606 967 644 Aarouici,
992 606 1040 636 vel
1063 604 1383 636 Antichristianismi.

211 661 304 703 Quod
328 661 353 692 is
378 672 450 692 usus
474 662 588 693 habeat
610 663 917 694 commendationem
940 661 1103 702 utriusque
1127 659 1310 691 sacerdotii.

211 717 303 758 Quod
326 717 399 748 hinc
421 717 608 749 obscuratur
630 718 736 759 aliquo
760 718 852 749 modo
875 717 975 758 gloria
998 716 1130 749 Christi.

768 773 925 803 fluctues
949 773 1080 811 urget:

213 825 252 856 Ut
274 826 457 858 auferantur
480 826 616 868 primum
641 827 810 869 praecipua
832 827 993 858 Ecclesiae
1016 826 1192 868 sacrilegia,
1217 828 1285 857 tum
1308 827 1519 859 restituantur
1540 828 1614 860 alia.

758 892 780 914 A
804 883 912 913 Lasco
937 883 1087 913 nescit:

210 937 321 968 Utrum
343 936 434 969 alteri
456 940 640 979 praeponat,
663 950 701 969 an
725 948 802 979 qnae
827 940 916 979 urget
939 938 1089 974 Bucerus,
1113 949 1150 968 au
1178 941 1211 968 ut
1235 939 1337 968 vestes
1360 939 1558 970 auferantur.

425 994 465 1025 D.
492 994 655 1026 Bucmus.

211 1050 236 1080 1.
279 1048 448 1086 Ecclesiae,
478 1049 510 1080 in
538 1049 652 1090 quibus
680 1048 764 1089 viget
786 1048 905 1080 Christi

167 1104 334 1145 purissima
363 1106 394 1135 et
425 1104 619 1145 praedicatio
653 1106 683 1134 et
713 1104 798 1140 fides,
822 1104 910 1134 Anti-

166 1160 418 1200 christorumque
451 1160 591 1190 omnium
613 1160 780 1190 manifesta
804 1159 916 1190 acerri-

167 1225 277 1256 maque
305 1214 480 1251 detestatio,
512 1217 546 1245 ut
575 1225 676 1251 nemo,
705 1214 767 1244 nisi
795 1214 911 1255 perditi

169 1270 287 1307 iudicii,
314 1270 414 1311 possit
444 1280 494 1301 eas
524 1270 670 1301 ecclesias
694 1273 802 1301 notare
825 1270 913 1300 Anti·

165 1324 400 1362 christianismi,
422 1328 555 1366 possunt
576 1325 636 1366 pie,
660 1335 694 1355 ac
711 1327 817 1355 sancte
835 1335 917 1362 vere,

167 1379 205 1411 ad
229 1379 360 1420 gloriam
383 1380 512 1417 Christi,
534 1391 685 1421 usurpare
709 1383 819 1417 vestes,
836 1380 915 1411 Aha-

168 1434 284 1465 ronicis
306 1435 507 1475 quantumvis
530 1435 658 1472 similes,
681 1438 712 1466 et
735 1445 806 1466 cum
822 1435 914 1477 Papi-

166 1489 254 1520 sticis
277 1489 402 1520 easdem
424 1490 564 1526 materia,
587 1491 686 1531 figura
708 1492 740 1520 ct
762 1490 877 1521 colore.

207 1545 251 1576 11.
294 1545 506 1576 Antichristus
530 1556 590 1576 non
613 1549 727 1587 potest,
753 1546 816 1576 ullo
839 1557 908 1577 suo-

166 1610 234 1631 rum
257 1600 365 1637 abusu,
388 1601 438 1631 vel
459 1603 559 1632 vestes
576 1601 640 1638 has,
669 1601 717 1632 vel
736 1601 834 1632 ullum
849 1601 909 1632 Dei

165 1666 244 1696 opus
266 1656 310 1686 sic
333 1657 557 1694 contaminare,
581 1661 615 1687 ut
630 1657 691 1698 piis
706 1668 767 1688 nou
785 1660 910 1698 queant,

165 1711 250 1742 omni
279 1712 394 1742 reiecto
418 1711 525 1749 abusu,
549 1712 643 1742 etiam
666 1712 704 1743 ad
733 1712 800 1753 pias
823 1713 917 1754 signi-

167 1765 324 1797 ficationes
347 1768 378 1797 et
391 1766 620 1797 admonitiones
637 1767 788 1805 adhiberi,
802 1767 908 1808 sicque

163 1820 302 1852 serviant
324 1821 362 1852 ad
384 1821 516 1862 gloriam
539 1821 597 1853 Dei
618 1822 871 1863 praedicandam.

209 1877 270 1908 ΙΙΙ.
299 1877 408 1908 Vestes
430 1877 507 1908 istae
530 1881 662 1918 possunt
685 1878 754 1908 tolli
783 1881 914 1920 propter

165 1932 338 1974 pleniorem
354 1933 658 1964 Antichristianismi
672 1933 913 1966 detestationem

166 1993 196 2020 ct
219 1989 375 2020 libertatis
397 1989 517 2020 Christi
533 1989 772 2030 professionem,
790 1992 856 2021 tum
874 1991 913 2021 ad

169 2044 323 2075 tollendas
347 2045 557 2076 dissensiones
581 2045 663 2076 inter
686 2046 811 2076 fratres.

212 2098 263 2129 [V.
279 2099 323 2130 Ut
335 2099 454 2140 aliquid
470 2099 508 2130 ad
521 2099 761 2139 significandum
774 2103 805 2131 ot
817 2100 914 2143 [prm]

167 2154 355 2185 movendum
389 2154 771 2195 [Autic-hristian{smum}‚
809 2157 910 2186 vestes

167 2209 253 2246 istac,
276 2209 327 2240 vel
349 2220 398 2240 res
421 2209 509 2246 aliae,
533 2210 647 2247 valent,
672 2213 772 2240 totum
789 2210 822 2241 id
838 2211 916 2241 acci-

165 2266 212 2295 (lit
234 2265 278 2296 eis
302 2265 338 2296 ab
362 2265 436 2303 illis,
460 2266 514 2306 qui
539 2265 583 2296 eis
607 2269 748 2303 utuntur,
771 2266 815 2297 ita
838 2267 906 2307 pari

163 2321 268 2352 fructu
310 2321 438 2362 pictatis
480 2324 585 2363 potest
627 2322 731 2363 aliqua
768 2323 910 2354 Ecclesia

164 2376 284 2407 Christi
307 2387 378 2407 vere
401 2380 518 2414 sancta,
535 2377 573 2407 ad
590 2377 810 2409 detestandum
827 2379 916 2409 Anti-

163 2432 327 2470 christum,
357 2435 388 2464 et
410 2433 448 2463 ad
471 2433 717 2474 praedicandum
741 2433 914 2472 Christum,

163 2487 317 2519 eiusmodi
354 2488 494 2518 vestibus
532 2488 588 2525 uti,
625 2488 737 2529 quibus
776 2499 829 2520 usa
867 2494 913 2521 cst

161 2553 319 2584 synagoga
342 2543 541 2580 Aufichristi,
565 2543 603 2574 ad
625 2545 909 2576 comnieudandun‘i

163 2596 376 2627 ministerium
399 2596 599 2628 Antichristi.
632 2597 673 2628 Et
694 2598 744 2629 his
771 2599 909 2630 vestibus

161 2655 264 2693 potest
286 2652 451 2683 honestare
473 2652 686 2684 ministerium
708 2664 843 2687 sacrum.

202 2707 266 2738 Nec
300 2707 395 2748 Papa,
428 2718 483 2738 nec
513 2707 688 2748 quisquam,
718 2712 819 2740 vestes
851 2709 906 2741 has

159 2771 215 2802 pro
239 2760 348 2792 fulcris
371 2771 444 2792 suae
466 2761 645 2802 tyrannidis
667 2761 771 2799 habet,
788 2765 819 2793 et
835 2773 906 2794 con-

158 2815 325 2846 demnatur
347 2815 484 2856 quidem,
508 2816 560 2857 qui
583 2817 814 2857 pronunciatur
837 2818 908 2849 reti-

160 2881 232 2901 nere
261 2870 294 2902 iu
327 2871 415 2903 cultu
445 2871 576 2909 Christi,
599 2871 682 2913 quod
706 2876 753 2904 est
777 2873 911 2906 fulcrum

158 2925 357 2960 Antichristi.

1205 993 1246 1026 1).
1269 1003 1289 1024 A
1314 993 1434 1026 Lisco.

992 1049 1017 1080 Ι.
1061 1048 1144 1080 Usus
1167 1048 1301 1080 istarum
1332 1049 1469 1080 vestium
1493 1061 1555 1081 non
1579 1052 1685 1091 potest

953 1103 990 1134 ab
1016 1104 1079 1134 ulla
1100 1104 1244 1135 Ecclesia
1268 1104 1319 1145 pie
1342 1104 1495 1135 adhiberi.

991 1546 1035 1577 ΙΙ.
1059 1546 1130 1577 Non
1152 1549 1260 1587 potest
1282 1546 1308 1576 is
1325 1556 1400 1577 usus
1415 1546 1528 1577 harum
1544 1547 1681 1578 vestium

954 1612 1018 1632 non
1035 1601 1300 1642 significationen]
1316 1601 1465 1642 aliquam,
1483 1604 1514 1632 et
1527 1612 1686 1633 commen-

955 1657 1115 1689 dationem
1122 1657 1250 1695 iuferre,
1260 1657 1309 1687 vel
1319 1656 1626 1688 Antichristianismi
1634 1657 1683 1688 vel

961 1712 1143 1750 Aharonici,
1158 1712 1208 1743 vel
1222 1715 1307 1743 certe
1320 1712 1485 1753 utriusque
1497 1712 1681 1750 sacerdotii,

952 1779 987 1798 ac
1015 1767 1060 1798 ita
1089 1767 1217 1798 omnino
1249 1766 1357 1808 aliquo
1387 1766 1481 1798 modo
1511 1767 1683 1798 obscurare

951 1823 1087 1864 gloriam
1110 1822 1242 1854 Christi.

999 1878 1059 1910 III.
1083 1879 1210 1910 Debent
1233 1880 1336 1909 vestes
1358 1877 1437 1909 istae
1453 1877 1582 1910 omnino
1599 1877 1682 1911 tolli.

1002 2101 1055 2133 lv,
1083 2102 1163 2133 Sunt
1185 2101 1288 2133 fulcra
1311 2104 1342 2132 et
1366 2106 1554 2134 ornamenta
1578 2105 1681 2145 tyran-

955 2156 1037 2187 nidis
1060 2157 1263 2189 Antichristi.
1286 2156 1539 2188 Exterminanda
1562 2160 1609 2188 est
1621 2169 1685 2189 me-

958 2212 1059 2242 moria
1082 2212 1286 2244 Antichristi.
1310 2213 1420 2254 Neque
1443 2224 1478 2244 eo
1502 2213 1587 2255 quod
1609 2214 1679 2256 ipse

951 2270 1052 2298 vestes
1077 2280 1138 2299 non
1164 2270 1241 2306 fero,
1265 2269 1355 2307 alios,
1379 2280 1458 2311 quos
1481 2271 1680 2311 praefractos

954 2335 1016 2354 uon
1039 2335 1105 2355 esse
1128 2325 1204 2363 scio,
1228 2325 1354 2356 illarum
1379 2325 1506 2356 nomine
1530 2326 1679 2357 condem-

960 2391 1009 2411 uo.
