1818 3178
198 134 269 173 336

196 247 330 285 Ioan.
358 246 381 284 ὲ
408 244 578 284 Lasco.
1160 249 1220 286 39.

250 311 361 350 Quod
390 310 437 348 ad
459 323 518 347 me
536 313 593 347 at·
1024 310 1350 361 Westphalus

197 375 469 420 tinet,libenter
479 387 599 424 agno·
701 375 1006 413 Sacramentarii
1032 377 1266 421 contendunt,
1284 376 1528 424 spiritualiter
1541 388 1607 412 nos
1627 376 1722 412 dun-

197 453 272 485 sco,
313 452 371 476 me
414 438 594 477 hactenus
647 446 753 476 taccat
786 453 856 489 per
889 440 1007 487 fidem
1035 441 1266 478 manducare
1294 444 1447 478 carnem
1476 439 1624 484 Christi,
1649 440 1723 476 illi-

197 502 425 552 spiritualem
461 502 596 540 dunta—
651 516 720 552 que
747 516 812 546 nos
839 505 893 542 sic
922 505 1112 552 conz‘unye'.
1157 505 1305 542 Diserte
1337 506 1494 553 Oyrillus
1521 504 1590 541 laoc
1616 504 1724 551 refa-

195 570 261 604 xat
302 566 423 603 carnis
461 565 600 603 Christi
651 574 706 605 tat
732 574 766 605 et
791 569 892 610 dicit,
921 581 987 605 nos
1016 581 1090 604 non
1117 574 1258 606 tantum
1285 570 1528 618 spiritualiter
1544 568 1618 614 fide
1636 580 1724 604 con-

194 629 520 667 manducationem
555 643 596 667 a·
649 632 755 680 iunqi
797 631 953 676 Christo,
988 634 1054 669 sed
1089 633 1198 669 etiam
1234 634 1562 670 communicatione
1596 633 1724 669 carnis

195 706 387 742 gnoscere,
435 698 513 730 tam
557 694 596 731 in
653 696 789 732 Olzristi
814 697 1060 744 corporaliter
1089 696 1209 745 ipsum
1236 697 1407 733 habitare
1435 697 1474 732 in
1493 697 1608 734 nobis.
1639 697 1723 733 Tri·

195 771 268 795 usu
284 759 380 809 ipso,
403 772 514 809 quam
533 771 596 796 ex·
652 760 729 798 buit
755 773 836 797 eam
864 761 1031 797 virtutem
1057 761 1316 798 sanctissimae
1335 761 1445 797 carni
1465 759 1610 802 Christi,
1629 773 1723 808 quae

196 826 254 860 tra
271 836 378 860 usum
398 823 554 868 Coenae,
566 827 607 860 ut
658 826 696 861 im
732 825 980 862 Eucharistz'a
1014 825 1182 868 sumitur,
1215 826 1315 873 quod
1348 837 1415 861 nos
1450 837 1563 861 unum
1591 836 1725 872 corpus

200 887 388 924 carnalem
459 887 601 924 nullam
646 889 764 936 facit.

198 952 282 999 (fol.
323 953 412 999 111)
445 952 599 989 omnino

197 1028 412 1064 agnoscam,
455 1015 596 1066 qualis-

199 1092 344 1130 cunque
378 1092 420 1117 ea
445 1079 597 1117 tandem

199 1147 398 1182 statuatur.
427 1143 500 1181 Sed
528 1144 598 1181 sub

199 1207 386 1257 spirituali
465 1208 599 1244 Sacra·

199 1272 401 1310 mentalem
454 1285 602 1323 quoque

200 1335 494 1386 complectimur,
531 1336 618 1373 dum
655 1335 872 1373 adiunctum
908 1335 1021 1374 habet
1060 1336 1264 1387 Mysticum
1302 1338 1526 1388 symbolum,
1551 1344 1593 1377 ut
1621 1344 1676 1377 est
1707 1352 1726 1376 a

201 1399 352 1437 Christo
388 1400 552 1437 Domino
589 1400 820 1445 institutum,
847 1414 894 1438 ne
921 1415 942 1438 a
970 1402 1080 1439 nobis
1108 1403 1250 1439 nullam
1280 1403 1592 1441 Sacramentalem
1619 1418 1727 1441 man-

201 1463 439 1501 ducationem
477 1465 657 1502 constitui
693 1464 933 1515 Westphalus
971 1466 1230 1504 calumnietur.
1285 1465 1339 1503 De
1368 1467 1507 1516 Cyrillo
1534 1467 1609 1504 iam
1638 1468 1727 1505 satis

200 1541 383 1579 superque
419 1529 561 1566 dictum
597 1534 652 1566 est
687 1530 726 1567 in
763 1530 1021 1580 Responsione
1056 1531 1103 1567 ad
1143 1534 1189 1568 35
1217 1536 1252 1568 et
1279 1533 1326 1569 36
1355 1532 1646 1582 Paragraphum,
1675 1532 1728 1569 sic

200 1597 241 1630 ut
278 1593 372 1630 nihil
407 1592 455 1631 sit
491 1606 584 1644 opus
611 1594 739 1631 eadem
768 1594 889 1632 denuo
917 1600 1100 1645 repetere;
1130 1599 1165 1633 et
1193 1596 1320 1633 fucum
1351 1596 1555 1646 westphali
1585 1597 1726 1634 detexi-

199 1671 295 1703 mus,
332 1657 420 1700 dum
456 1671 532 1695 non
568 1662 715 1696 tantum
750 1663 912 1696 mentem
950 1659 1081 1709 Cyrilli
1115 1660 1162 1697 ab
1198 1660 1263 1696 illo
1293 1660 1497 1710 depravari.
1525 1660 1588 1698 sed
1615 1661 1727 1698 verba

200 1722 313 1759 etiam
356 1722 512 1759 subdole
558 1723 779 1761 commutari
823 1724 1068 1763 ostendimus.
1123 1724 1209 1762 Quo
1256 1738 1345 1762 sane
1379 1729 1415 1762 et
1451 1725 1522 1762 hoc
1555 1725 1730 1775 pertinet,

202 1785 302 1836 quod
338 1785 399 1822 hic
435 1786 574 1831 subdit,
611 1800 743 1838 nempe
778 1801 859 1825 eam
894 1787 1067 1825 virtutem
1099 1802 1120 1826 a
1161 1789 1300 1838 Cyrillo
1328 1788 1445 1826 tribui
1473 1789 1728 1827 sanctissimae

204 1851 307 1888 carni
335 1850 486 1896 Christi,
513 1864 607 1901 quae
633 1851 672 1889 in
702 1852 939 1890 Eucharistia
968 1852 1139 1898 sumitur,
1166 1853 1267 1903 quod
1294 1866 1361 1891 nos
1382 1866 1498 1890 unum
1517 1866 1649 1904 corpus
1670 1854 1726 1891 fa-

204 1914 288 1952 ciat.
331 1914 415 1951 Etsi
441 1914 539 1952 enim
569 1915 800 1953 verissimum
828 1920 894 1962 est,
921 1916 1055 1953 virtute
1082 1917 1159 1954 eius
1188 1917 1310 1954 carnis
1338 1916 1489 1961 Christi,
1515 1921 1551 1954 et
1577 1916 1725 1967 quidem

202 1979 281 2016 eius
317 1979 435 2029 ipsius
467 1984 503 2017 et
539 1992 617 2017 non
654 1980 818 2025 alterius,
845 1994 957 2031 quam
985 1994 1078 2031 quae
1103 1980 1143 2018 in
1175 1981 1298 2019 Coena
1325 1982 1494 2026 sumitur,
1520 1982 1559 2019 id
1587 1983 1727 2019 factum

202 2056 294 2088 esse,
330 2048 369 2081 ut
396 2057 509 2081 unum
540 2057 624 2081 cum
651 2045 715 2082 illo
744 2058 878 2095 corpus
906 2046 1021 2083 simus
1049 2046 1218 2094 (unicam
1245 2046 1343 2084 enim
1372 2047 1554 2084 duntaxat
1581 2059 1728 2084 carnem

205 2107 346 2145 Christi
373 2108 644 2157 agnoscimus),
670 2113 794 2146 tamen
822 2123 902 2147 eam
929 2109 1049 2160 ipsam
1078 2109 1250 2147 virtutem
1278 2110 1323 2148 ad
1354 2110 1499 2148 Coenae
1525 2124 1632 2148 usum
1660 2112 1726 2149 ad-

202 2173 349 2223 stringi,
383 2173 422 2211 id
458 2188 544 2212 vero
584 2175 876 2226 Westphalicum
909 2182 964 2213 est
998 2181 1260 2222 commentum,
1295 2177 1354 2213 cui
1382 2177 1541 2227 Cyrillus
1568 2178 1727 2216 infinitis

200 2236 295 2274 locis
330 2238 525 2284 reclamat;
560 2242 600 2276 ut
637 2238 681 2275 de
718 2239 970 2289 Westphalica
1004 2240 1153 2278 interim
1191 2240 1252 2277 hic
1285 2240 1540 2279 inconstantia
1574 2246 1727 2288 taceam,

202 2302 267 2351 qui
295 2315 394 2339 nunc
430 2303 543 2340 veluti
570 2303 626 2340 sui
653 2303 806 2348 oblitus,
835 2305 937 2341 carni
967 2304 1106 2342 Christi
1133 2319 1213 2343 eam
1242 2306 1416 2343 virtutem
1443 2320 1463 2343 a
1492 2307 1631 2356 Cyrillo
1658 2308 1726 2345 tri-

202 2365 269 2402 bui
304 2367 367 2411 ait,
404 2381 515 2417 quam
551 2373 660 2405 antea
696 2369 769 2406 iam
806 2369 852 2406 ad
892 2368 1091 2418 Mysticam
1123 2370 1434 2415 benedictionem,
1461 2370 1499 2408 in
1528 2372 1725 2409 verborum

201 2429 420 2468 recitatione
461 2432 635 2482 positam,
668 2432 743 2470 iam
778 2432 825 2470 ad
863 2432 1062 2483 Mysticam
1099 2434 1411 2479 communionem,
1444 2435 1519 2471 iam
1553 2435 1642 2472 item
1679 2437 1725 2473 ad

203 2494 327 2531 nescio
367 2496 470 2533 euius
508 2496 680 2546 Mysterii
720 2497 1013 2535 benedictionem
1047 2499 1359 2537 consecratoriam
1393 2499 1522 2536 referri
1557 2504 1726 2550 oportere

204 2559 465 2599 contendebat.
513 2562 702 2599 Nimirum
729 2562 814 2610 (fol.
843 2565 935 2609 112)
964 2558 1035 2600 huc
1062 2567 1173 2614 atque
1199 2563 1289 2601 illuc
1313 2567 1479 2614 raptatur
1506 2563 1552 2601 ab
1580 2564 1724 2615 Erinny

203 2637 281 2669 sua,
316 2624 388 2661 nisi
424 2624 455 2661 si
481 2629 608 2663 tantus
635 2627 820 2678 Propheta
848 2628 992 2665 nullum
1019 2628 1190 2676 agnoscit
1218 2628 1414 2665 discrimen
1440 2627 1538 2665 inter
1566 2629 1725 2678 positam

202 2688 241 2725 in
271 2688 467 2725 verborum
495 2690 713 2729 recitatione
741 2692 1052 2738 benedictionem,
1081 2692 1277 2742 Mystieam
1307 2693 1618 2738 communionem,
1640 2693 1724 2744 My-

209 2753 313 2791 sterii
340 2753 465 2792 nescio
495 2754 598 2792 cuius
627 2757 944 2795 consecrationem
973 2762 1008 2795 et
1034 2757 1153 2808 ipsam
1182 2770 1326 2796 carnem
1357 2757 1507 2796 Christi,
