1818 3178
183 160 312 191 XXXIV
815 148 1054 180 PRAEFATIO.

187 267 313 309 sisset.
345 264 409 306 De
439 260 627 311 Polonia‚
659 263 759 301 tunc
789 256 1013 313 praecipue
1044 259 1216 297 cruenta
1253 267 1457 309 saevaque
1486 249 1685 293 seditione

184 336 336 391 agitata
375 348 426 375 ne
457 329 628 386 cogitari
658 327 823 383 quidem
855 326 1000 382 potuit.
1062 323 1196 368 Silere
1226 324 1375 366 debent
1403 321 1555 365 Musae
1585 321 1684 364 dum

183 420 395 448 armorum
423 402 566 458 strepit
595 400 728 442 omnis
757 398 931 441 stridore
965 411 1136 452 campus
1166 402 1209 437 et
1229 396 1270 437 in
1294 394 1427 437 medio
1448 393 1558 435 bello
1578 393 1685 435 eius-

182 475 291 518 modi
320 471 604 530 perquisitioni
633 470 749 512 locus
779 476 889 511 certe
919 468 1061 510 nullus
1090 467 1227 508 datur.
1301 465 1444 519 Quum
1478 465 1611 521 igitur
1640 464 1683 505 in

181 547 227 588 iis
259 546 367 594 locis,
400 558 502 598 quos
531 541 656 584 Lasci
689 541 772 583 vita
801 540 917 582 velut
950 538 1078 595 digito
1108 536 1379 587 monstrabat,
1413 536 1569 578 frustra
1600 550 1685 577 om-

181 618 248 658 nia
288 615 564 657 lustravissem
609 627 824 668 essemque
856 617 1153 668 perscrutatus,
1184 608 1264 650 alia
1296 609 1455 650 ratione
1487 623 1553 650 res
1584 607 1686 649 mihi

181 686 371 728 tentanda
402 691 491 727 erat
521 691 561 726 et
590 683 649 725 nil
670 682 860 732 restabat,
894 696 1019 737 quam
1049 695 1172 722 coeco
1204 686 1336 721 marte
1377 680 1516 721 omnia
1562 693 1686 734 quae-

179 757 276 798 libet
305 757 564 811 interrogare
595 754 759 805 scrinia,
791 768 898 809 quae
926 752 1097 808 sparsim
1130 765 1205 806 per
1236 749 1449 805 Europam
1472 750 1686 805 reperiun-

179 834 263 870 tur.
322 826 406 869 Vel
446 827 504 868 sic
543 832 683 868 tamen
717 838 1052 881 quaquaversum
1097 823 1230 878 ipsum
1278 820 1488 871 advolare,
1539 835 1685 876 quam-

180 900 238 941 vis
289 899 519 949 voluissem,
559 898 664 939 ratio
709 897 814 938 vitae
845 904 885 938 et
915 895 1099 937 muneris
1140 892 1318 935 ambitus
1366 891 1686 948 prohibuissent.

187 970 332 1026 Itaque
372 971 509 1011 minus
553 967 756 1010 lubricam
797 968 907 1009 viam
938 966 1037 1008 mihi
1067 965 1228 1021 aperire
1259 970 1432 1006 conatus
1463 978 1568 1014 sum,
1601 962 1688 1018 epi-

179 1042 282 1084 stola
312 1041 534 1098 encyclica,
568 1055 697 1096 quam
727 1047 888 1088 vocant,
921 1037 1056 1079 danda
1085 1037 1135 1079 ad
1168 1036 1411 1092 praecipuos
1442 1035 1566 1077 totius
1597 1034 1684 1076 Eu·

181 1128 306 1169 ropae
337 1120 426 1154 tum
456 1111 784 1154 bibliothecarios
816 1116 906 1151 tum
936 1109 1200 1159 archivarios‚
1235 1123 1319 1163 qua
1349 1106 1590 1164 suppliciter
1612 1106 1685 1148 ho-

179 1193 314 1227 nestos
356 1185 463 1226 viros
504 1189 693 1239 precatus
733 1196 839 1234 sum,
870 1180 1024 1223 vellent
1053 1181 1128 1236 ipsi
1157 1181 1198 1222 in
1229 1179 1390 1223 scriniis
1431 1179 1514 1220 suis
1554 1185 1595 1220 et
1625 1177 1685 1219 bi·

181 1255 394 1296 bliothecis
433 1253 666 1296 accuratius
706 1251 1041 1306 circumspicere,
1072 1265 1179 1306 quae
1210 1249 1317 1291 forte
1348 1264 1372 1291 a
1402 1248 1527 1292 Lasci
1555 1263 1687 1290 manu

184 1325 366 1381 profecta
402 1325 443 1366 in
484 1323 614 1365 thecis
652 1323 738 1365 suis
765 1321 1001 1365 abscondita
1032 1322 1226 1370 iacerent,
1259 1321 1342 1362 sive
1387 1335 1435 1362 ea
1467 1319 1574 1362 edita
1602 1320 1684 1362 iam

184 1403 328 1447 essent,
359 1395 445 1437 sive
476 1394 641 1436 inedita.
683 1394 854 1436 Lubens
885 1393 1028 1445 fateor,
1060 1392 1284 1449 plerosque
1315 1392 1423 1433 comi
1450 1391 1688 1433 urbanitate

183 1467 420 1524 petitionem
460 1466 665 1521 accepisse
695 1472 734 1507 et
765 1466 918 1520 insigni
949 1463 1235 1506 benevolentia
1265 1464 1365 1506 mihi
1395 1463 1595 1505 iudicasse
1625 1463 1685 1505 di·

184 1538 374 1594 ligenter,
416 1552 521 1592 quae
565 1537 606 1578 in
653 1535 865 1578 tabulariis
908 1535 991 1577 suis
1031 1537 1115 1577 sive
1146 1535 1402 1577 bibliothecis
1434 1534 1686 1591 deprehendi

184 1610 420 1665 potuissent,
453 1608 563 1649 ultro
591 1608 760 1663 insuper
790 1621 864 1648 sua
894 1605 1126 1648 deferentes
1156 1605 1301 1655 officia,
1332 1605 1366 1647 si
1395 1604 1500 1647 forte
1520 1621 1684 1658 eorum,

184 1694 289 1735 quae
328 1679 588 1729 invenissent,
636 1677 886 1733 descriptum
932 1677 1146 1733 exemplar
1176 1677 1278 1718 mihi
1307 1676 1587 1719 administrari
1617 1692 1687 1719 cu-

181 1766 337 1806 perem.
370 1750 423 1792 Et
453 1765 549 1791 sane
580 1747 689 1791 haud
720 1755 805 1790 tam
836 1748 990 1804 exigua
1021 1748 1163 1790 messis
1192 1748 1270 1789 fuit
1301 1763 1426 1804 quam
1459 1763 1510 1789 ex
1540 1763 1684 1790 eorum

180 1822 382 1878 responsis
413 1822 504 1863 feci.
553 1819 802 1876 Complures
832 1818 957 1862 Lasci
978 1820 1138 1862 litterae
1160 1826 1268 1870 sunt,
1293 1820 1434 1876 plures
1454 1821 1541 1861 eius
1564 1835 1687 1876 opus-

176 1890 368 1932 culorum
399 1898 490 1932 tum
535 1889 730 1931 editiones
775 1897 861 1931 tum
909 1890 1131 1941 versiones,
1170 1889 1293 1946 plura
1325 1890 1447 1932 etiam
1478 1890 1528 1932 ad
1560 1890 1687 1934 Lasci

174 1961 460 2018 biographiam
491 1961 717 2017 spectantia
749 1960 962 2016 opuscula,
995 1976 1171 2016 quorum
1195 1962 1386 2003 notitiam
1409 1977 1554 2004 eorum
1578 1963 1684 2005 dun-

173 2039 285 2075 taxat
330 2032 535 2088 benignae
565 2032 606 2074 in
637 2047 703 2073 me
752 2032 1015 2088 propensioni
1054 2032 1182 2074 debeo
1213 2040 1252 2075 et
1283 2033 1518 2089 gratissimo
1547 2034 1687 2078 animo

175 2105 296 2146 unice
336 2111 546 2159 acceptam
579 2118 645 2145 me
674 2102 831 2144 referre
862 2102 938 2144 hac
967 2118 1059 2144 mea
1090 2103 1344 2159 praefatione
1375 2103 1502 2148 lubet.

232 2175 358 2216 Hisce
389 2175 516 2230 igitur
543 2173 729 2215 munitus
758 2172 927 2224 indiciis,
959 2174 1006 2215 iis
1026 2174 1146 2215 etiam
1165 2175 1391 2217 instructus
1409 2175 1684 2230 adminiculis,

174 2259 278 2299 quae
301 2244 425 2286 Lasci
455 2258 629 2300 operum
650 2242 810 2300 syllabi,
834 2259 857 2285 a
879 2244 1000 2286 variis
1021 2245 1126 2286 inter
1148 2245 1502 2302 historiographos
1523 2248 1681 2299 tentati,

173 2316 321 2370 passim
353 2314 627 2370 suppeditant,
661 2315 707 2356 iis
736 2315 979 2370 praesertim
1002 2315 1144 2358 sedulo
1165 2316 1340 2366 relectis,
1363 2332 1470 2373 quae
1490 2318 1532 2360 in
1554 2318 1685 2375 ipsius

174 2385 299 2427 Lasci
331 2385 511 2441 epistolis
541 2384 778 2427 libellorum
809 2401 912 2441 quos
941 2385 1063 2428 edidit
1093 2387 1464 2443 deprehenduntur
1499 2390 1685 2446 vestigia,

173 2456 297 2498 Lasci
328 2455 622 2511 opusculorum
654 2456 889 2512 catalogum
912 2458 1160 2500 constituere
1191 2466 1231 2501 et
1270 2458 1393 2501 edere
1424 2474 1540 2516 posse
1571 2459 1683 2502 haud

173 2527 377 2568 immerito
398 2543 494 2568 sane
514 2528 614 2569 mihi
630 2527 812 2572 videbar.
845 2527 901 2570 Et
916 2544 1011 2570 sane
1029 2530 1341 2573 constituendus
1358 2537 1448 2574 erat
1465 2532 1474 2574 !
1504 2530 1684 2575 Veteres

171 2599 280 2638 enim
298 2613 400 2651 quae
421 2597 636 2640 exstabant
663 2598 786 2640 Lasci
810 2601 1105 2655 opusculorum
1129 2609 1388 2658 conspectus,
1411 2617 1547 2658 neque
1569 2603 1684 2646 abso-

174 2668 281 2709 lutos
312 2683 447 2723 neque
475 2668 553 2710 fide
583 2669 678 2711 satis
709 2669 856 2726 dignos
887 2686 984 2722 esse,
1015 2679 1127 2714 recte
1155 2673 1239 2715 iam
1271 2673 1372 2715 vidit
1403 2674 1594 2716 BARTELS
1625 2675 1679 2731 ¹²),

173 2754 300 2792 quare
329 2739 583 2795 paucissimis
613 2747 771 2783 tantum
803 2756 946 2784 eorum
978 2758 1213 2787 successum
1242 2759 1461 2801 exponam.
1501 2745 1564 2789 Eo
1594 2748 1684 2803 ipso

216 2909 240 2951 ¹)
263 2909 298 2945 P.
321 2909 484 2950 Blmms,
507 2912 642 2945 Ioannes
663 2911 683 2944 ὰ
707 2912 815 2948 Lusco.
838 2914 1018 2949 Elberfeldt
1041 2917 1131 2952 1860.
1155 2916 1190 2952 S.
1215 2918 1243 2951 1.
