1818 3178
167 139 237 177 170
513 144 563 170 DE
592 140 871 170 SAORAMENTIS
901 140 1113 167 ECCLESIAE
1140 140 1316 170 CHRISTI.

164 251 300 291 noster,
335 256 520 295 unumque
552 247 588 281 et
614 246 803 280 aeternum
831 242 960 279 salutis
988 245 1136 279 nostrae
1163 242 1338 288 medium,
1363 265 1413 272 —
1438 243 1673 294 perspicuum

163 316 230 356 est,
271 312 408 349 nullam
441 321 547 359 posse
584 306 711 344 haberi
747 306 1034 344 controversiam
1071 306 1114 343 de
1149 308 1324 356 mysterio
1360 312 1396 345 et
1430 309 1504 346 fine
1542 309 1675 346 Sacra-

163 380 379 418 mentorum,
413 376 592 422 quatenus
629 383 716 407 sane
754 374 907 420 utraque
943 370 1034 406 haec
1068 382 1185 406 unum
1217 370 1389 422 idemque
1415 385 1494 409 esse
1521 384 1676 422 semper,

161 451 278 488 neque
325 436 463 473 variare
504 435 581 471 ullo
623 434 732 471 modo
769 446 877 484 posse
914 434 1093 479 fatemur,
1128 434 1192 471 sed
1231 447 1360 472 omnes
1405 436 1676 473 controversias

160 501 296 551 positas
332 511 410 536 esse
444 499 483 535 in
518 497 711 547 signorum
747 497 1067 534 sacramentalium
1094 497 1433 549 elementorumque
1461 499 1676 536 considera-

159 564 271 601 tione.
299 563 382 610 (fol.
412 563 497 609 65b)

208 628 256 665 Et
284 640 340 664 res
366 626 445 676 ipsa
472 624 649 676 loquitur,
676 638 753 662 non
780 637 858 662 esse
883 623 1044 675 positam
1072 625 1406 663 Sacramentariam
1435 626 1554 664 nostri
1579 630 1675 664 tem·

158 691 255 743 poris
293 690 581 727 controversiam
618 689 657 726 in
692 688 861 739 mysterii
896 691 959 725 aut
994 688 1079 725 finis
1117 694 1433 726 sacramentorum
1462 690 1675 728 considera-

156 757 269 800 tione,
296 755 358 792 sed
386 755 424 791 in
453 753 569 802 signis
595 753 731 803 potius,
759 758 823 789 aut
851 753 1042 801 signorum
1061 753 1263 790 elementis.
1293 753 1391 790 Dum
1409 754 1506 791 enim
1522 760 1675 804 urgetur

157 821 232 858 sive
257 817 621 862 transubstantiatio,
648 817 724 854 sive
753 816 935 853 connexio
964 817 1127 866 corporis
1155 820 1191 854 et
1219 817 1411 866 sanguinis
1440 818 1580 855 Christi
1607 832 1674 855 na-

157 885 284 922 turalis
322 896 405 920 cum
440 882 557 931 signis
594 881 933 918 Sacramentalibus
969 893 1141 918 eorumve
1176 881 1388 925 elementis,
1423 881 1594 931 equidem
1630 882 1674 919 de

156 948 270 996 signis
314 959 513 996 eorumque
548 945 738 982 elementis
775 944 1026 981 controversia
1061 950 1129 988 est,
1165 944 1252 981 dum
1288 944 1400 981 unius
1439 946 1669 982 Saoramenti

156 1011 271 1059 signis
308 1015 370 1047 aut
397 1009 587 1047 elementis
613 1009 652 1045 id
681 1021 858 1045 conamur
885 1008 1061 1053 tribuere,
1096 1008 1197 1058 quod
1225 1008 1384 1045 aliorum
1413 1009 1673 1046 Sacramento·

154 1088 234 1112 rum
272 1074 388 1123 signis
425 1078 535 1123 atque
569 1073 759 1110 elementis
796 1072 914 1110 tribui
950 1084 1026 1109 non
1061 1077 1193 1122 potest.
1247 1071 1412 1122 Alioqui,
1448 1072 1478 1109 si
1506 1065 1697 1110 omnium¹

155 1141 477 1176 Sacramentorum
514 1138 619 1187 signa
656 1150 856 1187 eorumque
892 1137 1071 1173 elementa
1108 1149 1182 1173 uno
1217 1136 1419 1187 eodemque
1444 1137 1528 1173 loco
1556 1150 1672 1187 pone-

154 1217 287 1248 remus,
332 1202 639 1253 quemadmodum
667 1214 784 1238 unum
810 1214 889 1238 esse
915 1205 1025 1250 atque
1051 1200 1148 1237 idem
1179 1201 1504 1238 Sacramentorum
1532 1205 1670 1250 myste-

152 1267 261 1311 rium,
297 1280 411 1304 unum
446 1267 533 1303 item
569 1266 800 1315 eundemque
835 1267 946 1302 finem
982 1278 1058 1302 non
1094 1265 1322 1308 dubitamus,
1348 1287 1399 1295 —
1426 1269 1489 1303 aut
1518 1266 1671 1304 sanein

153 1331 319 1368 omnium
354 1331 510 1367 aliorum
546 1336 858 1367 sacramentorum
896 1330 1014 1378 signis
1050 1334 1161 1379 atque
1188 1330 1380 1367 elementis
1407 1330 1446 1367 id
1480 1343 1672 1368 common·

153 1399 363 1436 straremus,
399 1394 498 1444 quod
535 1394 644 1431 unius
681 1393 838 1430 alicuius
876 1393 1107 1430 sacramenti
1146 1393 1262 1442 siguis
1289 1398 1353 1430 aut
1381 1394 1574 1431 elementis
1602 1394 1670 1431 tri-

155 1459 265 1496 buere
294 1471 482 1504 conamur,
499 1480 549 1486 —
573 1463 635 1495 aut
664 1463 759 1495 certe
785 1457 896 1494 unius
923 1457 1078 1494 alicuius
1106 1458 1335 1495 Sacramenti
1362 1457 1480 1506 signis
1508 1459 1669 1496 elemen-

155 1525 248 1562 tisve
283 1537 357 1561 non
384 1524 644 1568 tribueremus,
679 1522 777 1573 quod
806 1522 844 1559 in
872 1522 1030 1559 aliorum
1059 1523 1384 1559 Sacramentorum
1412 1523 1528 1572 signis
1556 1527 1667 1573 atque

151 1588 340 1626 elementis
370 1588 654 1625 commonstrari
683 1600 758 1624 non
785 1591 919 1637 potest.
949 1587 1032 1634 (fol.
1063 1588 1146 1634 6621)

204 1653 340 1698 Quare,
376 1652 463 1689 dum
491 1652 529 1688 in
567 1664 701 1689 coenae
737 1651 946 1688 dominicae
974 1651 1091 1699 signis
1121 1663 1294 1688 eorumve
1321 1651 1511 1688 elementis
1538 1651 1578 1688 id
1605 1665 1668 1688 ur-

152 1730 293 1765 gemus,
328 1716 426 1766 quod
462 1716 500 1752 in
528 1717 683 1752 aliorum
713 1716 1037 1752 Sacramentorum
1065 1714 1181 1763 signis
1210 1720 1321 1765 atque
1346 1716 1538 1753 elementis
1568 1729 1669 1753 com-

153 1781 351 1817 monstrari
389 1793 461 1817 non
498 1784 630 1830 potest,
674 1793 748 1816 non
783 1779 953 1829 equidem
991 1779 1035 1815 de
1061 1779 1238 1828 mysterio
1265 1780 1412 1829 fineque
1441 1780 1670 1818 Sacramenti

154 1845 443 1882 controversiam
479 1856 680 1887 movemus,
715 1844 778 1881 sed
815 1844 859 1881 de
896 1845 1002 1892 signo
1045 1844 1169 1894 potius
1197 1851 1260 1881 aut
1287 1844 1385 1891 signi
1412 1846 1602 1883 elementis
1629 1845 1666 1883 in

153 1921 277 1946 coena.

204 1975 328 2022 Atque
361 1972 399 2008 in
429 1971 622 2009 statuenda
649 1971 1050 2008 transubstantiatione
1078 1971 1116 2008 in
1147 1984 1281 2009 coenae
1307 1972 1510 2017 elementis,
1537 1977 1601 2011 aut
1628 1974 1667 2012 in

154 2037 315 2086 urgenda
351 2036 440 2073 reali
474 2036 536 2073 illa
569 2037 672 2073 iuxta
705 2036 824 2086 ipsam
867 2036 1024 2086 speciem
1064 2036 1246 2073 cumillis
1275 2037 1506 2075 connexione
1535 2051 1666 2089 corpo-

152 2101 201 2138 ris
236 2106 271 2138 et
307 2100 498 2149 sanguinis
535 2101 671 2137 Christi
708 2101 898 2144 naturalis,
943 2101 987 2138 de
1025 2113 1159 2138 coenae
1186 2102 1376 2139 elementis
1404 2103 1666 2152 proculdubiO,

154 2177 226 2201 nou
263 2170 382 2201 autem
419 2166 463 2201 de
496 2165 573 2201 eius
609 2165 782 2213 mysterio
818 2169 879 2201 aut
914 2166 989 2202 fine
1027 2166 1318 2203 controversiam
1344 2179 1546 2213 movemus,
1575 2168 1663 2204 dum

152 2228 225 2264 illis
268 2228 304 2264 id
349 2228 604 2273 adscribimus,
639 2228 738 2278 quod
776 2229 813 2265 in
849 2229 986 2266 nullius
1023 2229 1173 2266 alterius
1211 2231 1440 2268 Sacramenti
1475 2231 1664 2269 elementis

155 2291 352 2327 monstrari
379 2296 511 2341 potest.

207 2354 365 2391 Rursum
403 2355 432 2391 si
473 2356 647 2392 unionem
675 2357 982 2394 Sacramentalem
1023 2370 1099 2395 non
1128 2357 1280 2407 quidem
1306 2358 1346 2395 in
1373 2358 1563 2396 elementis
1590 2359 1663 2396 iam

154 2418 314 2467 realiquc
342 2431 424 2453 cum
450 2418 523 2454 illis
552 2420 808 2468 mysteriorum
836 2422 1079 2465 connexione,
1108 2422 1171 2459 sed
1199 2422 1238 2459 in
1265 2422 1373 2471 signo
1400 2423 1494 2472 ipso,
1513 2427 1664 2461 externo

154 2481 323 2518 videlieet
349 2481 508 2519 ministri
537 2495 655 2532 opere,
690 2485 973 2529 constituamus,
998 2492 1039 2523 ut
1067 2500 1143 2523 non
1171 2492 1247 2524 tam
1272 2499 1337 2536 per
1364 2487 1543 2524 elementa
1571 2487 1662 2537 ipsa,

153 2558 261 2595 quam
289 2545 411 2595 potius
438 2560 500 2595 pcr
526 2547 640 2596 ipsius
667 2548 829 2586 ministri
857 2562 960 2600 opus,
994 2551 1166 2588 manibus
1196 2551 1356 2588 ministri
1382 2551 1547 2601 inquam,
1582 2565 1662 2588 cor-

152 2621 219 2658 pus
256 2614 290 2645 et
318 2609 533 2656 sanguinem
564 2611 700 2648 Christi
729 2614 932 2650 naturalem
960 2615 1069 2651 nobis
1098 2629 1170 2652 una
1200 2628 1281 2652 cum
1309 2616 1499 2653 elementis
1529 2629 1662 2653 coenae

152 2673 348 2709 ministerii
389 2673 442 2709 sui
471 2674 619 2711 nominc
645 2676 785 2724 porrigi
812 2677 1051 2728 exhiberique
1080 2679 1256 2723 dicamus,
1281 2701 1332 2708 —
1361 2693 1405 2717 ne
1433 2680 1485 2717 sic
1512 2680 1662 2730 quidem

152 2738 272 2774 adhuc
308 2738 350 2774 dc
387 2751 520 2774 coenae
556 2741 729 2786 mysterio
766 2746 829 2778 aut
863 2743 936 2779 fine
972 2745 1222 2781 controversia
1258 2745 1338 2789 erit,
1375 2745 1437 2782 sed
1474 2745 1518 2782 de
1554 2746 1662 2794 signo

151 2800 285 2850 potiuS‚
313 2814 442 2851 nempe
469 2801 551 2848 (fol.
581 2802 665 2848 66¹¹)
694 2803 736 2839 de
763 2804 921 2842 ministri
950 2819 1069 2856 opere,
1098 2808 1184 2844 (lum
1208 2809 1376 2845 videlicet
1398 2809 1450 2845 illi
1470 2810 1509 2846 in
1527 2822 1667 2848 coenae

152 2864 388 2901 Sam-amento
417 2864 499 2916 plus
525 2863 687 2905 tribuere
715 2878 901 2911 conamur,
938 2883 1048 2921 quam
1073 2871 1111 2909 in
1140 2872 1222 2910 aliis
1248 2873 1496 2912 sacramentis
1516 2874 1662 2912 ostendi

150 2933 278 2980 possit.
