1818 3178
606 112 750 145 summ
778 111 923 146 coma.
953 114 1005 139 DE
1034 113 1179 142 cosm.
1578 110 1651 148 475

117 212 231 249 aliam
276 217 398 250 tamen
446 212 636 258 interioris
667 213 845 260 hominis,
881 214 993 255 aliam
1030 227 1115 255 vero
1152 216 1348 261 exterioris
1384 218 1654 268 operationem,

114 275 233 318 alium
259 276 348 314 item
376 280 411 314 et
437 276 632 328 utriusque
661 277 957 319 conversationis
984 278 1109 325 locum
1137 280 1260 331 ponit,
1286 293 1417 332 nempe
1444 282 1650 331 secundum

119 340 332 380 interiorem
370 341 559 381 hominem
586 341 660 383 fide
688 355 756 380 nos
782 342 856 386 iam
885 355 962 389 non
990 343 1063 389 hic,
1091 344 1155 390 sed
1182 344 1222 382 in
1251 345 1363 390 coelis
1392 346 1541 393 versari,
1571 347 1651 388 col-

116 405 260 447 locatos
296 405 473 449 nimirum
509 406 589 444 illic
624 407 698 445 iam
727 421 811 451 cum
840 397 1007 454 Chr-istm
1033 408 1104 453 sub
1133 422 1207 460 spe,
1235 410 1283 448 ad
1306 409 1502 455 ,dexteram
1530 412 1648 462 patris

115 468 197 513 Dei,
233 470 439 512 secundum
474 471 693 510 exteriorem
732 485 818 510 vero
857 473 1046 517 hominem
1083 486 1153 512 nos
1190 473 1253 512 hic
1289 474 1328 520 in
1367 488 1477 520 carne
1513 475 1650 522 adhuc,

113 532 233 578 donec
261 534 349 579 hinc
376 548 584 579 evocemus.
611 549 770 575 manere.
798 537 858 575 Ita
887 550 973 576 vero
1001 537 1072 576 etsi
1097 551 1174 575 non
1197 538 1408 585 dividamur
1426 539 1512 590 ipsi,
1531 541 1647 590 alium

109 605 234 636 tamen
270 598 396 636 locum
430 599 603 638 interiori
640 605 769 638 nostro
806 600 963 646 homini,
999 601 1113 640 alium
1141 615 1227 647 vero
1256 603 1444 649 exteriori,
1471 603 1572 655 quod
1599 604 1647 642 ad

112 661 307 712 utriusque
341 664 663 702 conversationem
698 665 847 708 attinet,
883 665 1072 714 designari
1110 665 1258 705 docent.
1313 666 1372 705 Ad
1403 667 1504 705 hunc
1530 668 1647 717 igitur

109 725 263 763 modum
300 726 345 764 de
384 728 530 766 Coenae
564 728 647 765 loco
686 728 804 779 deque
837 728 918 780 ipso
954 729 1066 767 etiam
1109 742 1246 768 coenae
1275 735 1511 771 sacramento
1540 732 1645 782 cogi-

107 790 262 827 tandum
290 804 370 829 esse
397 795 542 842 putant,
568 796 622 838 ut,
649 792 750 843 quod
777 793 816 831 in
845 794 1087 831 Sam-amento
1113 794 1262 832 vCoenae
1289 799 1484 837 externum
1512 800 1579 844 est,
1595 796 1645 834 ab

103 859 261 894 externo
296 856 336 894 id
371 856 522 894 homine
557 857 669 895 etiam
705 858 745 895 in
782 871 870 896 suae
907 859 1200 897 conversationis
1235 861 1334 907 loco,
1370 860 1442 899 hoc
1478 867 1546 907 est,
1583 861 1645 899 hic

107 934 216 972 super
250 926 387 959 terram
426 921 464 959 in
503 927 610 959 coetu
646 921 812 960 fidelium
849 923 959 969 sumi,
996 924 1097 974 quod
1128 937 1215 961 vero
1243 924 1458 975 mysticum,
1486 926 1644 971 coeleste

102 998 148 1024 ac
183 985 377 1037 spirituale
411 990 479 1030 est,
514 985 554 1023 id
589 985 637 1023 ab
672 985 850 1024 interiore
886 991 1017 1025 nostro
1055 987 1206 1026 homine
1240 1001 1305 1039 per
1342 988 1454 1034 fidem
1490 989 1530 1027 in
1557 990 1642 1030 loco

103 1051 215 1088 etiam
253 1063 339 1088 suae
377 1050 672 1088 conversationis
709 1051 768 1088 edi
806 1051 1072 1101 intelligamus.
1130 1052 1258 1090 Quare
1295 1057 1335 1090 ut
1361 1053 1401 1090 in
1430 1054 1542 1092 nobis
1569 1055 1641 1106 ipsi

102 1111 198 1149 duos
225 1112 464 1161 agnoscimus
493 1112 675 1159 homines,
704 1126 781 1151 non
810 1126 884 1150 uno
911 1113 996 1151 loco
1025 1119 1229 1160 versantes,
1256 1119 1298 1152 ut
1325 1114 1417 1152 item
1445 1115 1485 1153 in
1513 1129 1640 1154 sacra-

101 1177 391 1225 men-(llssa)tis
429 1177 502 1215 duo
530 1177 785 1227 agnoscimus,
812 1190 971 1228 quorum
999 1178 1172 1223 alterum,
1199 1191 1333 1230 nempe
1360 1183 1562 1226 terrenum,
1588 1180 1636 1218 ad

99 1254 183 1279 eum
221 1242 261 1279 in
297 1241 408 1279 nobis
446 1241 648 1288 hominem,
683 1242 747 1293 qui
782 1242 820 1280 in
858 1241 967 1280 terris
1002 1246 1141 1286 manet,
1175 1243 1333 1280 alterum
1369 1257 1469 1288 ver0‚
1506 1257 1638 1296 nempe

101 1307 271 1352 coeleste,
306 1306 352 1344 ad
380 1320 463 1344 eum
500 1307 540 1344 in
568 1306 679 1344 nobis
707 1307 912 1353 hominem,
939 1307 1005 1358 qui
1032 1307 1072 1344 in
1101 1307 1214 1345 coelis
1241 1321 1306 1358 per
1334 1308 1457 1355 fidem,
1485 1314 1528 1347 ut
1557 1309 1636 1347 dic·

97 1375 176 1408 tum
205 1375 273 1416 est,
301 1374 479 1415 versatur,
506 1371 704 1421 pertineat,
724 1392 775 1400 —
802 1371 854 1408 ita
883 1372 1029 1409 Coenae
1057 1385 1206 1423 quoque
1232 1372 1357 1410 locum
1378 1385 1456 1411 non
1478 1372 1539 1410 hic
1559 1378 1634 1412 sta—

94 1437 276 1477 tuendum
312 1449 392 1475 esse
418 1450 439 1474 a
467 1435 576 1474 nobis
605 1436 754 1482 docent,
780 1436 846 1473 ubi
874 1436 920 1474 ad
949 1436 1129 1475 sumenda
1159 1437 1305 1475 Coenae
1332 1438 1513 1476 elementa
1543 1452 1634 1478 con-

95 1493 279 1547 venimus‚'
314 1501 378 1539 sed
405 1501 508 1552 ipsos
536 1500 648 1538 etiam
676 1501 799 1539 coelos
832 1500 1026 1552 ipsamque
1061 1501 1152 1539 adeo
1183 1501 1304 1540 Patris
1332 1501 1403 1540 Dei
1430 1502 1634 1551 dexteram,

91 1566 140 1605 ad
177 1579 289 1618 quam
323 1565 393 1603 sub
431 1578 494 1616 spe
529 1564 616 1611 iam,
650 1568 693 1602 ut
721 1564 863 1602 dictum
892 1570 959 1610 est,
988 1565 1162 1604 collocati
1191 1579 1275 1603 cum
1295 1566 1446 1605 Christo
1468 1567 1632 1606 Domino

92 1631 298 1670 secundum
335 1629 551 1668 interiorem
587 1633 759 1673 nostrum
797 1629 988 1667 hominem
1015 1629 1234 1669 residemus.
1288 1631 1348 1668 Ita
1376 1635 1412 1668 et
1440 1631 1631 1671 Christum

93 1696 299 1735 Dominum
335 1708 413 1733 non
449 1694 561 1732 modo
589 1693 718 1732 adesse
746 1695 894 1732 Coenae
923 1695 1160 1741 confitentur,
1188 1694 1251 1732 sed
1279 1694 1391 1733 nobis
1420 1695 1544 1741 etiam,
1573 1709 1630 1734 se·

91 1761 257 1799 cundum
284 1759 501 1797 interiorem
529 1758 720 1796 hominem
754 1759 801 1796 ad
839 1759 962 1796 coelos
989 1772 1107 1810 usque
1133 1772 1198 1810 per
1225 1758 1339 1797 fidem
1366 1760 1518 1808 evectis,
1545 1774 1629 1799 cor-

90 1826 193 1879 poris
229 1825 309 1863 illic
345 1831 381 1862 et
417 1824 612 1874 sanguinis
649 1824 707 1863 sui
735 1838 859 1863 veram
887 1838 931 1862 ac
959 1825 1158 1863 salutarem
1188 1827 1491 1865 communionem
1521 1828 1627 1865 exhi-

91 1892 190 1931 bere.
245 1891 410 1929 Coenam
443 1890 561 1939 igitur
597 1902 674 1927 non
711 1903 789 1928 esse
817 1890 957 1928 nudam
985 1891 1184 1938 actionem,
1210 1892 1425 1941 tragoediae
1453 1893 1627 1940 similem,

87 1957 267 1994 elementa
294 1955 384 1993 item
410 1954 511 1992 illius
549 1967 626 1991 non
653 1967 733 1991 esse
760 1954 861 1992 nuda
888 1955 1083 2002 elementa,
1111 1955 1176 1993 sed
1204 1955 1397 1994 Christum
1418 1956 1626 1995 Dominum

85 2020 215 2059 adesse
243 2032 330 2057 suae
358 2019 518 2064 Coenae,
545 2018 611 2069 qui
639 2031 822 2069 nusquam
851 2031 929 2056 non
955 2019 1074 2064 adest,
1101 2019 1166 2057 ubi
1196 2019 1269 2057 duo
1297 2024 1361 2057 aut
1388 2024 1463 2058 tres
1492 2020 1531 2058 in
1556 2034 1625 2060 suo

85 2085 238 2124 nomine
266 2087 534 2122 convenerunt.
589 2082 639 2121 Et
664 2096 745 2120 esse
771 2087 958 2134 praeterea
995 2084 1178 2122 efficacem
1213 2097 1277 2134 per
1306 2084 1486 2135 Spiritum
1514 2098 1623 2124 suum

84 2150 184 2188 circa
220 2162 326 2187 suam
358 2147 647 2191 institutionem,
681 2151 723 2185 ut
760 2160 828 2184 nos
867 2146 1068 2184 secundum
1105 2147 1323 2185 interiorem
1350 2152 1523 2185 nostrum
1551 2148 1621 2186 ho-

83 2213 222 2252 minem
257 2212 306 2250 ad
342 2212 466 2249 coelos
493 2224 621 2262 usque,
647 2211 722 2248 imo
751 2217 787 2249 et
814 2224 925 2262 supra
955 2212 1236 2259 συθ-(11810103
1266 2225 1394 2249 omnes
1424 2213 1620 2259 subvehat,

83 2282 121 2316 ut
157 2277 289 2315 erectis
324 2276 414 2315 illuc
448 2276 521 2314 fide
556 2275 692 2313 animis
729 2275 867 2313 nostris
904 2280 1114 2327 praesentes
1151 2276 1226 2314 iam
1263 2277 1467 2327 praesentis
1505 2277 1618 2315 etiam

85 2342 225 2381 Christi
272 2341 425 2379 Domini
462 2353 616 2392 corpore
653 2344 689 2378 et
726 2340 908 2390 sanguine
944 2339 991 2378 ad
1028 2341 1145 2378 vitam
1180 2345 1371 2379 aeternam
1408 2355 1618 2392 pascamur,

79 2406 262 2445 elementa
300 2409 424 2443 autem
461 2406 607 2443 Coenae
640 2405 745 2443 iuxta
773 2405 914 2443 Christi
950 2405 1227 2443 institutionem
1255 2409 1404 2457 sumpta
1432 2419 1511 2444 esse
1538 2407 1614 2444 effi-

81 2472 183 2509 cacia
213 2471 336 2520 sigilla
366 2471 403 2508 in
433 2470 600 2508 fidelium
630 2470 765 2507 animis
806 2470 884 2508 eius
912 2470 1030 2521 ipsius
1059 2473 1210 2508 nostrae
1239 2483 1321 2508 cum
1354 2471 1505 2509 Christo
1535 2471 1615 2509 Do-

79 2537 181 2574 mino
220 2535 509 2580 communionis,
544 2539 583 2573 ut
618 2535 777 2586 sumptis
804 2549 824 2573 e
853 2535 1016 2573 ministri
1043 2535 1216 2573 manibus
1246 2537 1393 2574 Coenae
1421 2537 1612 2575 elementis

78 2614 165 2639 vero
204 2615 272 2640 nos
310 2602 458 2652 corpori
492 2601 566 2638 iam
603 2604 639 2638 et
675 2600 852 2650 sanguini
887 2600 1028 2638 Christi
1065 2614 1148 2639 vere
1185 2601 1297 2638 etiam
1335 2602 1612 2640 communicare

79 2664 283 2710 credamus,
329 2664 516 2702 subvectis
554 2663 727 2701 videlicet
766 2676 829 2714 per
866 2662 1050 2714 Spiritum
1088 2667 1260 2701 sanctum
1297 2664 1433 2702 animis
1470 2664 1610 2702 nostris

76 2729 161 2774 fide,
206 2730 282 2780 qui,
326 2735 367 2767 ut
403 2733 458 2767 est
494 2723 666 2766 assiduus
695 2733 804 2779 atque
840 2729 968 2766 efficax
1005 2729 1236 2778 glorificator
1271 2733 1307 2767 et
1344 2730 1450 2768 testis
1487 2730 1608 2767 omnis

75 2793 216 2832 Christi
253 2794 445 2831 doctrinae
481 2797 517 2831 et
551 2792 814 2836 institutionis,
848 2792 900 2830 ita
937 2805 1054 2843 neque
1089 2793 1208 2843 ipsam
1247 2793 1393 2830 Coenae
1420 2792 1608 2830 actionem

73 2857 113 2896 in
141 2858 306 2896 fidelium
334 2858 468 2896 animis
496 2858 671 2904 ociosam‚
701 2870 819 2908 neque
847 2857 925 2895 eius
953 2857 1042 2894 item
1068 2857 1249 2896 elementa
1289 2857 1389 2895 nuda
1418 2860 1481 2895 aut
1512 2869 1606 2895 vana
