<?xml version="1.0" encoding="UTF-8"?>
<!DOCTYPE html PUBLIC "-//W3C//DTD XHTML 1.0 Transitional//EN"
    "http://www.w3.org/TR/xhtml1/DTD/xhtml1-transitional.dtd">
<html xmlns="http://www.w3.org/1999/xhtml" xml:lang="en" lang="en">
 <head>
  <title>
</title>
<meta http-equiv="Content-Type" content="text/html;charset=utf-8" />
  <meta name='ocr-system' content='tesseract 3.04.00' />
  <meta name='ocr-capabilities' content='ocr_page ocr_carea ocr_par ocr_line ocrx_word'/>
</head>
<body>
  <div class='ocr_page' id='page_1' title='image "./operatameditaqua01lask_0585.png"; bbox 0 0 1818 3178; ppageno 0'>
   <div class='ocr_carea' id='block_1_1' title="bbox 624 110 1658 148">
    <p class='ocr_par' dir='ltr' id='par_1_1' title="bbox 624 110 1658 148">
     <span class='ocr_line' id='line_1_1' title="bbox 624 110 1658 148; baseline 0.005 -7"><span class='ocrx_word' id='word_1_1' title='bbox 624 114 839 142; x_wconf 73' lang='lat' dir='ltr'><strong>RespoNsm</strong></span> <span class='ocrx_word' id='word_1_2' title='bbox 868 115 962 142; x_wconf 60' lang='lat' dir='ltr'><strong>anv.</strong></span> <span class='ocrx_word' id='word_1_3' title='bbox 994 115 1160 145; x_wconf 78' lang='lat' dir='ltr'><strong>HosmM.</strong></span> <span class='ocrx_word' id='word_1_4' title='bbox 1586 110 1658 148; x_wconf 80' lang='lat'><strong>457</strong></span> 
     </span>
    </p>
   </div>
   <div class='ocr_carea' id='block_1_2' title="bbox 117 214 1653 914">
    <p class='ocr_par' dir='ltr' id='par_1_2' title="bbox 117 214 1653 914">
     <span class='ocr_line' id='line_1_2' title="bbox 124 214 1653 270; baseline 0.003 -18"><span class='ocrx_word' id='word_1_5' title='bbox 124 215 255 253; x_wconf 87' lang='lat' dir='ltr'><strong>relicto</strong></span> <span class='ocrx_word' id='word_1_6' title='bbox 293 228 358 253; x_wconf 89' lang='lat' dir='ltr'><strong>suo</strong></span> <span class='ocrx_word' id='word_1_7' title='bbox 387 214 452 252; x_wconf 91' lang='lat' dir='ltr'><strong>illo</strong></span> <span class='ocrx_word' id='word_1_8' title='bbox 482 215 691 254; x_wconf 86' lang='lat' dir='ltr'><strong>Pinnaculo</strong></span> <span class='ocrx_word' id='word_1_9' title='bbox 729 221 841 268; x_wconf 85' lang='lat' dir='ltr'><strong>atque</strong></span> <span class='ocrx_word' id='word_1_10' title='bbox 875 217 914 256; x_wconf 92' lang='lat' dir='ltr'><strong>in</strong></span> <span class='ocrx_word' id='word_1_11' title='bbox 943 218 1019 256; x_wconf 91' lang='lat' dir='ltr'><strong>imo</strong></span> <span class='ocrx_word' id='word_1_12' title='bbox 1046 217 1185 270; x_wconf 85' lang='lat' dir='ltr'><strong>pariter</strong></span> <span class='ocrx_word' id='word_1_13' title='bbox 1212 218 1542 268; x_wconf 78' lang='lat' dir='ltr'><strong>no·(184)biscum</strong></span> <span class='ocrx_word' id='word_1_14' title='bbox 1572 233 1653 257; x_wconf 86' lang='lat' dir='ltr'><strong>ver·</strong></span> 
     </span>
     <span class='ocr_line' id='line_1_3' title="bbox 121 279 1648 334; baseline 0.003 -18"><span class='ocrx_word' id='word_1_15' title='bbox 121 293 221 326; x_wconf 88' lang='lat' dir='ltr'><strong>sans,</strong></span> <span class='ocrx_word' id='word_1_16' title='bbox 256 280 296 317; x_wconf 90' lang='lat' dir='ltr'><strong>in</strong></span> <span class='ocrx_word' id='word_1_17' title='bbox 336 279 505 317; x_wconf 84' lang='lat' dir='ltr'><strong>Ecclesia</strong></span> <span class='ocrx_word' id='word_1_18' title='bbox 544 293 581 318; x_wconf 91' lang='lat' dir='ltr'><strong>se</strong></span> <span class='ocrx_word' id='word_1_19' title='bbox 618 281 864 320; x_wconf 87' lang='lat' dir='ltr'><strong>nihilominus</strong></span> <span class='ocrx_word' id='word_1_20' title='bbox 900 296 980 320; x_wconf 88' lang='lat' dir='ltr'><strong>esse</strong></span> <span class='ocrx_word' id='word_1_21' title='bbox 1016 286 1053 321; x_wconf 88' lang='lat' dir='ltr'><strong>et</strong></span> <span class='ocrx_word' id='word_1_22' title='bbox 1088 296 1156 334; x_wconf 90' lang='lat' dir='ltr'><strong>pro</strong></span> <span class='ocrx_word' id='word_1_23' title='bbox 1191 283 1360 322; x_wconf 89' lang='lat' dir='ltr'><strong>membro</strong></span> <span class='ocrx_word' id='word_1_24' title='bbox 1387 283 1490 321; x_wconf 89' lang='lat' dir='ltr'><strong>illius</strong></span> <span class='ocrx_word' id='word_1_25' title='bbox 1518 283 1648 321; x_wconf 85' lang='lat' dir='ltr'><strong>haberi</strong></span> 
     </span>
     <span class='ocr_line' id='line_1_4' title="bbox 120 344 1649 400; baseline 0.004 -19"><span class='ocrx_word' id='word_1_26' title='bbox 120 349 289 396; x_wconf 83' lang='lat' dir='ltr'><strong>oportere</strong></span> <span class='ocrx_word' id='word_1_27' title='bbox 326 344 531 382; x_wconf 76' lang='lat' dir='ltr'>contendit.</span> <span class='ocrx_word' id='word_1_28' title='bbox 586 346 637 383; x_wconf 89' lang='lat' dir='ltr'><strong>At</strong></span> <span class='ocrx_word' id='word_1_29' title='bbox 676 359 761 384; x_wconf 88' lang='lat' dir='ltr'><strong>vero</strong></span> <span class='ocrx_word' id='word_1_30' title='bbox 802 360 872 386; x_wconf 86' lang='lat' dir='ltr'><strong>nos</strong></span> <span class='ocrx_word' id='word_1_31' title='bbox 901 347 992 386; x_wconf 86' lang='lat' dir='ltr'><strong>adeo</strong></span> <span class='ocrx_word' id='word_1_32' title='bbox 1021 348 1118 386; x_wconf 87' lang='lat' dir='ltr'><strong>nihil</strong></span> <span class='ocrx_word' id='word_1_33' title='bbox 1143 352 1296 387; x_wconf 89' lang='lat' dir='ltr'><strong>movent</strong></span> <span class='ocrx_word' id='word_1_34' title='bbox 1324 348 1438 387; x_wconf 88' lang='lat' dir='ltr'><strong>Hosii</strong></span> <span class='ocrx_word' id='word_1_35' title='bbox 1464 351 1501 387; x_wconf 88' lang='lat' dir='ltr'><strong>et</strong></span> <span class='ocrx_word' id='word_1_36' title='bbox 1528 349 1649 400; x_wconf 81' lang='lat' dir='ltr'><strong>Papae</strong></span> 
     </span>
     <span class='ocr_line' id='line_1_5' title="bbox 120 409 1649 464; baseline 0.003 -17"><span class='ocrx_word' id='word_1_37' title='bbox 120 410 177 447; x_wconf 88' lang='lat' dir='ltr'><strong>sui</strong></span> <span class='ocrx_word' id='word_1_38' title='bbox 215 409 545 448; x_wconf 80' lang='lat' dir='ltr'><strong>condemnationes</strong></span> <span class='ocrx_word' id='word_1_39' title='bbox 583 423 724 457; x_wconf 81' lang='lat' dir='ltr'><strong>omnes,</strong></span> <span class='ocrx_word' id='word_1_40' title='bbox 763 411 900 462; x_wconf 88' lang='lat' dir='ltr'><strong>quibus</strong></span> <span class='ocrx_word' id='word_1_41' title='bbox 941 412 1082 463; x_wconf 85' lang='lat' dir='ltr'>alioqui</span> <span class='ocrx_word' id='word_1_42' title='bbox 1120 412 1240 451; x_wconf 85' lang='lat' dir='ltr'><strong>Deum</strong></span> <span class='ocrx_word' id='word_1_43' title='bbox 1267 413 1388 464; x_wconf 90' lang='lat' dir='ltr'><strong>ipsum</strong></span> <span class='ocrx_word' id='word_1_44' title='bbox 1423 413 1529 452; x_wconf 82' lang='lat' dir='ltr'><strong>iuxta</strong></span> <span class='ocrx_word' id='word_1_45' title='bbox 1557 414 1649 452; x_wconf 83' lang='lat' dir='ltr'><strong>Pro-</strong></span> 
     </span>
     <span class='ocr_line' id='line_1_6' title="bbox 118 473 1650 525; baseline 0.004 -14"><span class='ocrx_word' id='word_1_46' title='bbox 118 474 301 525; x_wconf 75' lang='lat' dir='ltr'><strong>pheticain</strong></span> <span class='ocrx_word' id='word_1_47' title='bbox 340 473 549 511; x_wconf 80' lang='lat' dir='ltr'>doctrinam</span> <span class='ocrx_word' id='word_1_48' title='bbox 586 474 873 514; x_wconf 85' lang='lat' dir='ltr'><strong>benedicturum</strong></span> <span class='ocrx_word' id='word_1_49' title='bbox 911 490 990 515; x_wconf 91' lang='lat' dir='ltr'><strong>esse</strong></span> <span class='ocrx_word' id='word_1_50' title='bbox 1025 477 1120 515; x_wconf 90' lang='lat' dir='ltr'><strong>nihil</strong></span> <span class='ocrx_word' id='word_1_51' title='bbox 1157 478 1311 516; x_wconf 91' lang='lat' dir='ltr'><strong>omnino</strong></span> <span class='ocrx_word' id='word_1_52' title='bbox 1348 478 1576 523; x_wconf 87' lang='lat' dir='ltr'><strong>dubitamus,</strong></span> <span class='ocrx_word' id='word_1_53' title='bbox 1611 481 1650 517; x_wconf 81' lang='lat' dir='ltr'><strong>ut</strong></span> 
     </span>
     <span class='ocr_line' id='line_1_7' title="bbox 119 537 1648 589; baseline 0.005 -15"><span class='ocrx_word' id='word_1_54' title='bbox 119 537 315 575; x_wconf 85' lang='lat' dir='ltr'><strong>maledicta</strong></span> <span class='ocrx_word' id='word_1_55' title='bbox 351 550 395 575; x_wconf 92' lang='lat' dir='ltr'><strong>ac</strong></span> <span class='ocrx_word' id='word_1_56' title='bbox 429 538 660 589; x_wconf 89' lang='lat' dir='ltr'><strong>praeiudicia</strong></span> <span class='ocrx_word' id='word_1_57' title='bbox 694 540 827 577; x_wconf 87' lang='lat' dir='ltr'><strong>talium</strong></span> <span class='ocrx_word' id='word_1_58' title='bbox 865 542 992 579; x_wconf 90' lang='lat' dir='ltr'><strong>omnia</strong></span> <span class='ocrx_word' id='word_1_59' title='bbox 1024 542 1064 580; x_wconf 91' lang='lat' dir='ltr'><strong>in</strong></span> <span class='ocrx_word' id='word_1_60' title='bbox 1096 542 1207 580; x_wconf 85' lang='lat' dir='ltr'><strong>laude</strong></span> <span class='ocrx_word' id='word_1_61' title='bbox 1242 546 1372 581; x_wconf 88' lang='lat' dir='ltr'><strong>nostra</strong></span> <span class='ocrx_word' id='word_1_62' title='bbox 1409 556 1533 581; x_wconf 87' lang='lat' dir='ltr'><strong>coram</strong></span> <span class='ocrx_word' id='word_1_63' title='bbox 1568 544 1648 581; x_wconf 89' lang='lat' dir='ltr'><strong>Do-</strong></span> 
     </span>
     <span class='ocr_line' id='line_1_8' title="bbox 118 602 1650 656; baseline 0.004 -17"><span class='ocrx_word' id='word_1_64' title='bbox 118 603 220 640; x_wconf 89' lang='lat' dir='ltr'><strong>mino</strong></span> <span class='ocrx_word' id='word_1_65' title='bbox 265 615 461 653; x_wconf 82' lang='lat' dir='ltr'><strong>ponamus,</strong></span> <span class='ocrx_word' id='word_1_66' title='bbox 504 602 623 653; x_wconf 85' lang='lat' dir='ltr'>deque</span> <span class='ocrx_word' id='word_1_67' title='bbox 666 603 741 641; x_wconf 89' lang='lat' dir='ltr'><strong>illis</strong></span> <span class='ocrx_word' id='word_1_68' title='bbox 778 605 959 643; x_wconf 87' lang='lat' dir='ltr'><strong>maiorem</strong></span> <span class='ocrx_word' id='word_1_69' title='bbox 998 605 1108 644; x_wconf 90' lang='lat' dir='ltr'><strong>nobis</strong></span> <span class='ocrx_word' id='word_1_70' title='bbox 1145 607 1183 645; x_wconf 89' lang='lat' dir='ltr'><strong>in</strong></span> <span class='ocrx_word' id='word_1_71' title='bbox 1221 607 1373 644; x_wconf 88' lang='lat' dir='ltr'><strong>modum</strong></span> <span class='ocrx_word' id='word_1_72' title='bbox 1408 609 1650 656; x_wconf 75' lang='lat' dir='ltr'><strong>gratulemur,</strong></span> 
     </span>
     <span class='ocr_line' id='line_1_9' title="bbox 118 666 1649 722; baseline 0.003 -17"><span class='ocrx_word' id='word_1_73' title='bbox 118 671 154 705; x_wconf 89' lang='lat' dir='ltr'><strong>et</strong></span> <span class='ocrx_word' id='word_1_74' title='bbox 190 666 352 704; x_wconf 90' lang='lat' dir='ltr'><strong>Domino</strong></span> <span class='ocrx_word' id='word_1_75' title='bbox 391 666 469 704; x_wconf 92' lang='lat' dir='ltr'><strong>Deo</strong></span> <span class='ocrx_word' id='word_1_76' title='bbox 498 671 629 705; x_wconf 89' lang='lat' dir='ltr'><strong>nostro</strong></span> <span class='ocrx_word' id='word_1_77' title='bbox 658 667 878 718; x_wconf 88' lang='lat' dir='ltr'><strong>suppliciter</strong></span> <span class='ocrx_word' id='word_1_78' title='bbox 906 670 1048 718; x_wconf 80' lang='lat' dir='ltr'>gratias</span> <span class='ocrx_word' id='word_1_79' title='bbox 1076 684 1243 720; x_wconf 81' lang='lat' dir='ltr'>agamus,</span> <span class='ocrx_word' id='word_1_80' title='bbox 1271 670 1371 722; x_wconf 85' lang='lat' dir='ltr'><strong>quod</strong></span> <span class='ocrx_word' id='word_1_81' title='bbox 1400 684 1468 710; x_wconf 89' lang='lat' dir='ltr'><strong>nos</strong></span> <span class='ocrx_word' id='word_1_82' title='bbox 1496 685 1538 709; x_wconf 90' lang='lat' dir='ltr'><strong>eo</strong></span> <span class='ocrx_word' id='word_1_83' title='bbox 1566 672 1649 709; x_wconf 92' lang='lat' dir='ltr'><strong>loco</strong></span> 
     </span>
     <span class='ocr_line' id='line_1_10' title="bbox 118 731 1650 786; baseline 0.005 -18"><span class='ocrx_word' id='word_1_84' title='bbox 118 731 256 768; x_wconf 86' lang='lat' dir='ltr'><strong>habere</strong></span> <span class='ocrx_word' id='word_1_85' title='bbox 292 731 394 776; x_wconf 89' lang='lat' dir='ltr'><strong>velit,</strong></span> <span class='ocrx_word' id='word_1_86' title='bbox 431 735 472 768; x_wconf 90' lang='lat' dir='ltr'><strong>ut</strong></span> <span class='ocrx_word' id='word_1_87' title='bbox 507 744 575 782; x_wconf 89' lang='lat' dir='ltr'><strong>pro</strong></span> <span class='ocrx_word' id='word_1_88' title='bbox 613 732 788 769; x_wconf 86' lang='lat' dir='ltr'><strong>salutaris</strong></span> <span class='ocrx_word' id='word_1_89' title='bbox 819 733 1014 772; x_wconf 87' lang='lat' dir='ltr'><strong>doctrinae</strong></span> <span class='ocrx_word' id='word_1_90' title='bbox 1042 748 1129 773; x_wconf 89' lang='lat' dir='ltr'><strong>suae</strong></span> <span class='ocrx_word' id='word_1_91' title='bbox 1156 736 1331 786; x_wconf 88' lang='lat' dir='ltr'><strong>puritate,</strong></span> <span class='ocrx_word' id='word_1_92' title='bbox 1359 736 1473 774; x_wconf 83' lang='lat' dir='ltr'><strong>veluti</strong></span> <span class='ocrx_word' id='word_1_93' title='bbox 1495 737 1650 775; x_wconf 88' lang='lat' dir='ltr'><strong>reiecta-</strong></span> 
     </span>
     <span class='ocr_line' id='line_1_11' title="bbox 117 794 1646 848; baseline 0.005 -17"><span class='ocrx_word' id='word_1_94' title='bbox 117 798 241 832; x_wconf 88' lang='lat' dir='ltr'><strong>menta</strong></span> <span class='ocrx_word' id='word_1_95' title='bbox 274 794 406 832; x_wconf 90' lang='lat' dir='ltr'><strong>mundi</strong></span> <span class='ocrx_word' id='word_1_96' title='bbox 443 794 554 833; x_wconf 88' lang='lat' dir='ltr'><strong>huius</strong></span> <span class='ocrx_word' id='word_1_97' title='bbox 592 800 874 834; x_wconf 78' lang='lat' dir='ltr'><strong>contemnamur</strong></span> <span class='ocrx_word' id='word_1_98' title='bbox 910 798 1196 848; x_wconf 81' lang='lat' dir='ltr'><strong>proscindamm·</strong></span> <span class='ocrx_word' id='word_1_99' title='bbox 1234 799 1453 838; x_wconf 83' lang='lat' dir='ltr'><strong>damnemur</strong></span> <span class='ocrx_word' id='word_1_100' title='bbox 1489 805 1525 839; x_wconf 90' lang='lat' dir='ltr'><strong>et</strong></span> <span class='ocrx_word' id='word_1_101' title='bbox 1553 801 1646 839; x_wconf 87' lang='lat' dir='ltr'><strong>diris</strong></span> 
     </span>
     <span class='ocr_line' id='line_1_12' title="bbox 118 859 1442 914; baseline 0.006 -18"><span class='ocrx_word' id='word_1_102' title='bbox 118 859 292 897; x_wconf 82' lang='lat' dir='ltr'><strong>omnibus</strong></span> <span class='ocrx_word' id='word_1_103' title='bbox 323 859 561 906; x_wconf 87' lang='lat' dir='ltr'><strong>devovemur,</strong></span> <span class='ocrx_word' id='word_1_104' title='bbox 589 860 644 897; x_wconf 89' lang='lat' dir='ltr'><strong>illi</strong></span> <span class='ocrx_word' id='word_1_105' title='bbox 672 861 753 898; x_wconf 89' lang='lat' dir='ltr'><strong>laus</strong></span> <span class='ocrx_word' id='word_1_106' title='bbox 783 865 819 899; x_wconf 88' lang='lat' dir='ltr'><strong>et</strong></span> <span class='ocrx_word' id='word_1_107' title='bbox 845 862 966 911; x_wconf 87' lang='lat' dir='ltr'><strong>gloria</strong></span> <span class='ocrx_word' id='word_1_108' title='bbox 994 876 1061 914; x_wconf 88' lang='lat' dir='ltr'><strong>pro</strong></span> <span class='ocrx_word' id='word_1_109' title='bbox 1090 864 1278 903; x_wconf 89' lang='lat' dir='ltr'><strong>omnibus.</strong></span> <span class='ocrx_word' id='word_1_110' title='bbox 1307 866 1442 904; x_wconf 88' lang='lat' dir='ltr'><strong>Amen.</strong></span> 
     </span>
    </p>
   </div>
   <div class='ocr_carea' id='block_1_3' title="bbox 98 1058 1647 2919">
    <p class='ocr_par' dir='ltr' id='par_1_3' title="bbox 98 1058 1647 2919">
     <span class='ocr_line' id='line_1_13' title="bbox 168 1058 1645 1110; baseline 0.003 -14"><span class='ocrx_word' id='word_1_111' title='bbox 168 1060 292 1110; x_wconf 87' lang='lat' dir='ltr'><strong>Atque</strong></span> <span class='ocrx_word' id='word_1_112' title='bbox 328 1059 419 1097; x_wconf 90' lang='lat' dir='ltr'><strong>haec</strong></span> <span class='ocrx_word' id='word_1_113' title='bbox 455 1063 543 1097; x_wconf 87' lang='lat' dir='ltr'><strong>sunt</strong></span> <span class='ocrx_word' id='word_1_114' title='bbox 577 1059 653 1097; x_wconf 87' lang='lat' dir='ltr'><strong>fere</strong></span> <span class='ocrx_word' id='word_1_115' title='bbox 691 1058 830 1105; x_wconf 88' lang='lat' dir='ltr'><strong>omnia,</strong></span> <span class='ocrx_word' id='word_1_116' title='bbox 867 1059 1005 1110; x_wconf 88' lang='lat' dir='ltr'><strong>quibus</strong></span> <span class='ocrx_word' id='word_1_117' title='bbox 1041 1063 1142 1097; x_wconf 87' lang='lat' dir='ltr'><strong>totus</strong></span> <span class='ocrx_word' id='word_1_118' title='bbox 1169 1060 1231 1097; x_wconf 88' lang='lat' dir='ltr'><strong>hic</strong></span> <span class='ocrx_word' id='word_1_119' title='bbox 1259 1059 1372 1099; x_wconf 88' lang='lat' dir='ltr'><strong>Hosii</strong></span> <span class='ocrx_word' id='word_1_120' title='bbox 1396 1061 1547 1100; x_wconf 90' lang='lat' dir='ltr'><strong>libellus</strong></span> <span class='ocrx_word' id='word_1_121' title='bbox 1577 1063 1645 1101; x_wconf 84' lang='lat' dir='ltr'><strong>niti</strong></span> 
     </span>
     <span class='ocr_line' id='line_1_14' title="bbox 115 1123 1647 1177; baseline 0.003 -16"><span class='ocrx_word' id='word_1_122' title='bbox 115 1124 352 1175; x_wconf 87' lang='lat' dir='ltr'><strong>potissimum</strong></span> <span class='ocrx_word' id='word_1_123' title='bbox 388 1123 548 1170; x_wconf 88' lang='lat' dir='ltr'><strong>videtur,</strong></span> <span class='ocrx_word' id='word_1_124' title='bbox 584 1137 677 1174; x_wconf 88' lang='lat' dir='ltr'><strong>quae</strong></span> <span class='ocrx_word' id='word_1_125' title='bbox 716 1123 833 1161; x_wconf 87' lang='lat' dir='ltr'><strong>videri</strong></span> <span class='ocrx_word' id='word_1_126' title='bbox 870 1124 1020 1174; x_wconf 89' lang='lat' dir='ltr'><strong>quidem</strong></span> <span class='ocrx_word' id='word_1_127' title='bbox 1059 1125 1254 1162; x_wconf 86' lang='lat' dir='ltr'><strong>nonnullis</strong></span> <span class='ocrx_word' id='word_1_128' title='bbox 1283 1125 1448 1176; x_wconf 89' lang='lat' dir='ltr'><strong>speciosa</strong></span> <span class='ocrx_word' id='word_1_129' title='bbox 1476 1131 1647 1177; x_wconf 81' lang='lat' dir='ltr'><strong>possunt,</strong></span> 
     </span>
     <span class='ocr_line' id='line_1_15' title="bbox 116 1187 1644 1240; baseline 0.003 -15"><span class='ocrx_word' id='word_1_130' title='bbox 116 1188 257 1225; x_wconf 87' lang='lat' dir='ltr'><strong>habent</strong></span> <span class='ocrx_word' id='word_1_131' title='bbox 293 1187 392 1226; x_wconf 88' lang='lat' dir='ltr'><strong>enim</strong></span> <span class='ocrx_word' id='word_1_132' title='bbox 429 1201 573 1238; x_wconf 86' lang='lat' dir='ltr'><strong>semper</strong></span> <span class='ocrx_word' id='word_1_133' title='bbox 608 1187 881 1235; x_wconf 81' lang='lat' dir='ltr'><strong>simi-(185)les</strong></span> <span class='ocrx_word' id='word_1_134' title='bbox 918 1187 1024 1225; x_wconf 90' lang='lat' dir='ltr'><strong>labra</strong></span> <span class='ocrx_word' id='word_1_135' title='bbox 1057 1188 1239 1235; x_wconf 88' lang='lat' dir='ltr'><strong>lactucas,</strong></span> <span class='ocrx_word' id='word_1_136' title='bbox 1275 1189 1339 1227; x_wconf 89' lang='lat' dir='ltr'><strong>sed</strong></span> <span class='ocrx_word' id='word_1_137' title='bbox 1366 1203 1461 1240; x_wconf 92' lang='lat' dir='ltr'><strong>quae</strong></span> <span class='ocrx_word' id='word_1_138' title='bbox 1488 1204 1557 1229; x_wconf 92' lang='lat' dir='ltr'><strong>nos</strong></span> <span class='ocrx_word' id='word_1_139' title='bbox 1584 1192 1644 1229; x_wconf 86' lang='lat' dir='ltr'><strong>in·</strong></span> 
     </span>
     <span class='ocr_line' id='line_1_16' title="bbox 114 1252 1643 1299; baseline 0.003 -9"><span class='ocrx_word' id='word_1_140' title='bbox 114 1253 222 1291; x_wconf 84' lang='lat' dir='ltr'><strong>terim</strong></span> <span class='ocrx_word' id='word_1_141' title='bbox 257 1253 442 1291; x_wconf 87' lang='lat' dir='ltr'><strong>eiusmodi</strong></span> <span class='ocrx_word' id='word_1_142' title='bbox 475 1253 550 1290; x_wconf 87' lang='lat' dir='ltr'><strong>iam</strong></span> <span class='ocrx_word' id='word_1_143' title='bbox 587 1266 667 1290; x_wconf 89' lang='lat' dir='ltr'><strong>esse</strong></span> <span class='ocrx_word' id='word_1_144' title='bbox 695 1252 834 1290; x_wconf 83' lang='lat' dir='ltr'><strong>Divino</strong></span> <span class='ocrx_word' id='word_1_145' title='bbox 864 1252 1044 1290; x_wconf 89' lang='lat' dir='ltr'><strong>beneficio</strong></span> <span class='ocrx_word' id='word_1_146' title='bbox 1073 1253 1319 1299; x_wconf 82' lang='lat' dir='ltr'><strong>ostendimus,</strong></span> <span class='ocrx_word' id='word_1_147' title='bbox 1346 1259 1389 1293; x_wconf 90' lang='lat' dir='ltr'><strong>ut</strong></span> <span class='ocrx_word' id='word_1_148' title='bbox 1417 1269 1494 1293; x_wconf 92' lang='lat' dir='ltr'><strong>non</strong></span> <span class='ocrx_word' id='word_1_149' title='bbox 1521 1257 1643 1295; x_wconf 90' lang='lat' dir='ltr'><strong>solum</strong></span> 
     </span>
     <span class='ocr_line' id='line_1_17' title="bbox 115 1312 1643 1372; baseline 0.003 -17"><span class='ocrx_word' id='word_1_150' title='bbox 115 1319 211 1356; x_wconf 88' lang='lat' dir='ltr'><strong>nihil</strong></span> <span class='ocrx_word' id='word_1_151' title='bbox 239 1319 435 1356; x_wconf 86' lang='lat' dir='ltr'><strong>adversum</strong></span> <span class='ocrx_word' id='word_1_152' title='bbox 463 1331 532 1355; x_wconf 88' lang='lat' dir='ltr'><strong>nos</strong></span> <span class='ocrx_word' id='word_1_153' title='bbox 562 1318 848 1368; x_wconf 76' lang='lat' dir='ltr'><strong>doctrinamque</strong></span> <span class='ocrx_word' id='word_1_154' title='bbox 876 1312 1042 1356; x_wconf 85' lang='lat' dir='ltr'><strong>nostram</strong></span> <span class='ocrx_word' id='word_1_155' title='bbox 1071 1319 1225 1366; x_wconf 88' lang='lat' dir='ltr'><strong>saciant,</strong></span> <span class='ocrx_word' id='word_1_156' title='bbox 1255 1319 1319 1357; x_wconf 85' lang='lat' dir='ltr'><strong>sed</strong></span> <span class='ocrx_word' id='word_1_157' title='bbox 1346 1324 1382 1358; x_wconf 91' lang='lat' dir='ltr'><strong>et</strong></span> <span class='ocrx_word' id='word_1_158' title='bbox 1410 1322 1556 1372; x_wconf 89' lang='lat' dir='ltr'><strong>culpam</strong></span> <span class='ocrx_word' id='word_1_159' title='bbox 1584 1322 1643 1360; x_wconf 89' lang='lat' dir='ltr'><strong>in-</strong></span> 
     </span>
     <span class='ocr_line' id='line_1_18' title="bbox 114 1382 1642 1436; baseline 0.003 -16"><span class='ocrx_word' id='word_1_160' title='bbox 114 1396 223 1433; x_wconf 90' lang='lat' dir='ltr'><strong>super</strong></span> <span class='ocrx_word' id='word_1_161' title='bbox 259 1395 405 1420; x_wconf 90' lang='lat' dir='ltr'><strong>omnem</strong></span> <span class='ocrx_word' id='word_1_162' title='bbox 442 1382 479 1419; x_wconf 88' lang='lat' dir='ltr'><strong>in</strong></span> <span class='ocrx_word' id='word_1_163' title='bbox 515 1382 717 1433; x_wconf 87' lang='lat' dir='ltr'><strong>ipsummet</strong></span> <span class='ocrx_word' id='word_1_164' title='bbox 753 1386 933 1428; x_wconf 88' lang='lat' dir='ltr'><strong>autorem,</strong></span> <span class='ocrx_word' id='word_1_165' title='bbox 971 1396 1043 1433; x_wconf 89' lang='lat' dir='ltr'><strong>qua</strong></span> <span class='ocrx_word' id='word_1_166' title='bbox 1079 1394 1150 1421; x_wconf 88' lang='lat' dir='ltr'><strong>nos</strong></span> <span class='ocrx_word' id='word_1_167' title='bbox 1176 1397 1330 1433; x_wconf 86' lang='lat' dir='ltr'><strong>gravare</strong></span> <span class='ocrx_word' id='word_1_168' title='bbox 1356 1385 1420 1423; x_wconf 92' lang='lat' dir='ltr'><strong>ille</strong></span> <span class='ocrx_word' id='word_1_169' title='bbox 1446 1399 1511 1436; x_wconf 88' lang='lat' dir='ltr'><strong>per</strong></span> <span class='ocrx_word' id='word_1_170' title='bbox 1537 1400 1642 1424; x_wconf 88' lang='lat' dir='ltr'><strong>suam</strong></span> 
     </span>
     <span class='ocr_line' id='line_1_19' title="bbox 114 1446 1643 1501; baseline 0.003 -17"><span class='ocrx_word' id='word_1_171' title='bbox 114 1447 340 1497; x_wconf 85' lang='lat' dir='ltr'><strong>hyposrisim</strong></span> <span class='ocrx_word' id='word_1_172' title='bbox 367 1447 527 1492; x_wconf 90' lang='lat' dir='ltr'><strong>volebat,</strong></span> <span class='ocrx_word' id='word_1_173' title='bbox 556 1446 785 1484; x_wconf 82' lang='lat' dir='ltr'><strong>transferant</strong></span> <span class='ocrx_word' id='word_1_174' title='bbox 813 1459 856 1483; x_wconf 89' lang='lat' dir='ltr'><strong>ac</strong></span> <span class='ocrx_word' id='word_1_175' title='bbox 884 1446 1064 1485; x_wconf 87' lang='lat' dir='ltr'><strong>derivent.</strong></span> <span class='ocrx_word' id='word_1_176' title='bbox 1100 1447 1244 1486; x_wconf 85' lang='lat' dir='ltr'><strong>Adiicit</strong></span> <span class='ocrx_word' id='word_1_177' title='bbox 1271 1452 1394 1487; x_wconf 90' lang='lat' dir='ltr'><strong>tamen</strong></span> <span class='ocrx_word' id='word_1_178' title='bbox 1424 1450 1493 1488; x_wconf 87' lang='lat' dir='ltr'><strong>sub</strong></span> <span class='ocrx_word' id='word_1_179' title='bbox 1520 1450 1643 1501; x_wconf 88' lang='lat' dir='ltr'><strong>ipsum</strong></span> 
     </span>
     <span class='ocr_line' id='line_1_20' title="bbox 111 1511 1643 1566; baseline 0.003 -17"><span class='ocrx_word' id='word_1_180' title='bbox 111 1512 230 1549; x_wconf 85' lang='lat' dir='ltr'><strong>libelli</strong></span> <span class='ocrx_word' id='word_1_181' title='bbox 267 1513 378 1549; x_wconf 90' lang='lat' dir='ltr'><strong>finem</strong></span> <span class='ocrx_word' id='word_1_182' title='bbox 413 1511 536 1549; x_wconf 90' lang='lat' dir='ltr'><strong>adhuc</strong></span> <span class='ocrx_word' id='word_1_183' title='bbox 572 1511 686 1549; x_wconf 89' lang='lat' dir='ltr'><strong>veluti</strong></span> <span class='ocrx_word' id='word_1_184' title='bbox 721 1515 927 1549; x_wconf 85' lang='lat' dir='ltr'><strong>extremum</strong></span> <span class='ocrx_word' id='word_1_185' title='bbox 961 1511 1159 1562; x_wconf 86' lang='lat' dir='ltr'><strong>quemdam</strong></span> <span class='ocrx_word' id='word_1_186' title='bbox 1196 1513 1378 1560; x_wconf 84' lang='lat' dir='ltr'><strong>aculeum,</strong></span> <span class='ocrx_word' id='word_1_187' title='bbox 1406 1528 1538 1566; x_wconf 89' lang='lat' dir='ltr'><strong>nempe</strong></span> <span class='ocrx_word' id='word_1_188' title='bbox 1565 1529 1643 1553; x_wconf 89' lang='lat' dir='ltr'><strong>non</strong></span> 
     </span>
     <span class='ocr_line' id='line_1_21' title="bbox 111 1576 1640 1630; baseline 0.003 -16"><span class='ocrx_word' id='word_1_189' title='bbox 111 1590 191 1614; x_wconf 89' lang='lat' dir='ltr'><strong>esse</strong></span> <span class='ocrx_word' id='word_1_190' title='bbox 227 1576 452 1627; x_wconf 84' lang='lat' dir='ltr'><strong>querendam</strong></span> <span class='ocrx_word' id='word_1_191' title='bbox 489 1576 587 1626; x_wconf 86' lang='lat' dir='ltr'><strong>apud</strong></span> <span class='ocrx_word' id='word_1_192' title='bbox 624 1580 774 1613; x_wconf 91' lang='lat' dir='ltr'><strong>nostros</strong></span> <span class='ocrx_word' id='word_1_193' title='bbox 801 1589 961 1626; x_wconf 79' lang='lat' dir='ltr'><strong>usquam</strong></span> <span class='ocrx_word' id='word_1_194' title='bbox 989 1589 1113 1613; x_wconf 88' lang='lat' dir='ltr'><strong>veram</strong></span> <span class='ocrx_word' id='word_1_195' title='bbox 1142 1577 1363 1626; x_wconf 82' lang='lat' dir='ltr'><strong>Ecclesiam,</strong></span> <span class='ocrx_word' id='word_1_196' title='bbox 1399 1592 1442 1617; x_wconf 91' lang='lat' dir='ltr'><strong>ac</strong></span> <span class='ocrx_word' id='word_1_197' title='bbox 1469 1593 1516 1617; x_wconf 91' lang='lat' dir='ltr'><strong>ne</strong></span> <span class='ocrx_word' id='word_1_198' title='bbox 1541 1579 1640 1630; x_wconf 90' lang='lat' dir='ltr'><strong>apud</strong></span> 
     </span>
     <span class='ocr_line' id='line_1_22' title="bbox 109 1640 1641 1695; baseline 0.003 -17"><span class='ocrx_word' id='word_1_199' title='bbox 109 1654 173 1678; x_wconf 89' lang='lat' dir='ltr'><strong>eos</strong></span> <span class='ocrx_word' id='word_1_200' title='bbox 216 1640 380 1691; x_wconf 87' lang='lat' dir='ltr'><strong>quidem,</strong></span> <span class='ocrx_word' id='word_1_201' title='bbox 415 1640 551 1690; x_wconf 86' lang='lat' dir='ltr'><strong>quibus</strong></span> <span class='ocrx_word' id='word_1_202' title='bbox 589 1640 730 1690; x_wconf 86' lang='lat' dir='ltr'><strong>alioqui</strong></span> <span class='ocrx_word' id='word_1_203' title='bbox 765 1640 918 1690; x_wconf 88' lang='lat' dir='ltr'><strong>aequior</strong></span> <span class='ocrx_word' id='word_1_204' title='bbox 954 1640 1079 1677; x_wconf 88' lang='lat' dir='ltr'><strong>nescio</strong></span> <span class='ocrx_word' id='word_1_205' title='bbox 1117 1654 1191 1691; x_wconf 92' lang='lat' dir='ltr'><strong>quo</strong></span> <span class='ocrx_word' id='word_1_206' title='bbox 1229 1642 1340 1679; x_wconf 86' lang='lat' dir='ltr'><strong>modo</strong></span> <span class='ocrx_word' id='word_1_207' title='bbox 1375 1643 1493 1681; x_wconf 86' lang='lat' dir='ltr'><strong>videri</strong></span> <span class='ocrx_word' id='word_1_208' title='bbox 1529 1645 1641 1695; x_wconf 89' lang='lat' dir='ltr'><strong>cupit,</strong></span> 
     </span>
     <span class='ocr_line' id='line_1_23' title="bbox 109 1704 1639 1756; baseline 0.003 -13"><span class='ocrx_word' id='word_1_209' title='bbox 109 1719 203 1756; x_wconf 87' lang='lat' dir='ltr'><strong>quos</strong></span> <span class='ocrx_word' id='word_1_210' title='bbox 237 1705 398 1751; x_wconf 84' lang='lat' dir='ltr'><strong>interim,</strong></span> <span class='ocrx_word' id='word_1_211' title='bbox 436 1704 522 1755; x_wconf 91' lang='lat' dir='ltr'><strong>quia</strong></span> <span class='ocrx_word' id='word_1_212' title='bbox 560 1718 597 1741; x_wconf 87' lang='lat' dir='ltr'><strong>se</strong></span> <span class='ocrx_word' id='word_1_213' title='bbox 635 1704 920 1755; x_wconf 87' lang='lat' dir='ltr'><strong>doctrinamque</strong></span> <span class='ocrx_word' id='word_1_214' title='bbox 956 1718 1061 1742; x_wconf 80' lang='lat' dir='ltr'><strong>suam</strong></span> <span class='ocrx_word' id='word_1_215' title='bbox 1097 1708 1342 1755; x_wconf 86' lang='lat' dir='ltr'><strong>Augustanae</strong></span> <span class='ocrx_word' id='word_1_216' title='bbox 1381 1708 1639 1747; x_wconf 86' lang='lat' dir='ltr'><strong>Confessionis</strong></span> 
     </span>
     <span class='ocr_line' id='line_1_24' title="bbox 111 1769 1638 1823; baseline 0.003 -16"><span class='ocrx_word' id='word_1_217' title='bbox 111 1770 262 1808; x_wconf 89' lang='lat' dir='ltr'><strong>nomine</strong></span> <span class='ocrx_word' id='word_1_218' title='bbox 307 1773 416 1820; x_wconf 88' lang='lat' dir='ltr'><strong>atque</strong></span> <span class='ocrx_word' id='word_1_219' title='bbox 462 1769 684 1807; x_wconf 78' lang='lat' dir='ltr'><strong>auctoritate</strong></span> <span class='ocrx_word' id='word_1_220' title='bbox 731 1769 1004 1814; x_wconf 83' lang='lat' dir='ltr'><strong>communiunt,</strong></span> <span class='ocrx_word' id='word_1_221' title='bbox 1039 1783 1106 1821; x_wconf 86' lang='lat' dir='ltr'><strong>pro</strong></span> <span class='ocrx_word' id='word_1_222' title='bbox 1143 1770 1361 1823; x_wconf 89' lang='lat' dir='ltr'><strong>Episcopali</strong></span> <span class='ocrx_word' id='word_1_223' title='bbox 1396 1773 1538 1811; x_wconf 89' lang='lat' dir='ltr'><strong>scilicet</strong></span> <span class='ocrx_word' id='word_1_224' title='bbox 1574 1787 1638 1812; x_wconf 86' lang='lat' dir='ltr'><strong>sua</strong></span> 
     </span>
     <span class='ocr_line' id='line_1_25' title="bbox 112 1834 1638 1889; baseline 0.003 -16"><span class='ocrx_word' id='word_1_225' title='bbox 112 1835 308 1879; x_wconf 86' lang='lat' dir='ltr'><strong>modestia,</strong></span> <span class='ocrx_word' id='word_1_226' title='bbox 343 1834 659 1872; x_wconf 88' lang='lat' dir='ltr'><strong>Confessionistas</strong></span> <span class='ocrx_word' id='word_1_227' title='bbox 696 1838 815 1879; x_wconf 79' lang='lat' dir='ltr'><strong>vocat,</strong></span> <span class='ocrx_word' id='word_1_228' title='bbox 851 1834 1071 1886; x_wconf 88' lang='lat' dir='ltr'><strong>reiectisque</strong></span> <span class='ocrx_word' id='word_1_229' title='bbox 1106 1840 1143 1873; x_wconf 88' lang='lat' dir='ltr'><strong>et</strong></span> <span class='ocrx_word' id='word_1_230' title='bbox 1179 1837 1318 1875; x_wconf 83' lang='lat' dir='ltr'><strong>nostris</strong></span> <span class='ocrx_word' id='word_1_231' title='bbox 1351 1838 1490 1889; x_wconf 88' lang='lat' dir='ltr'><strong>pariter</strong></span> <span class='ocrx_word' id='word_1_232' title='bbox 1517 1840 1638 1877; x_wconf 90' lang='lat' dir='ltr'><strong>omni-</strong></span> 
     </span>
     <span class='ocr_line' id='line_1_26' title="bbox 111 1898 1637 1951; baseline 0.005 -16"><span class='ocrx_word' id='word_1_233' title='bbox 111 1899 192 1945; x_wconf 84' lang='lat' dir='ltr'><strong>bus,</strong></span> <span class='ocrx_word' id='word_1_234' title='bbox 231 1903 266 1936; x_wconf 91' lang='lat' dir='ltr'><strong>et</strong></span> <span class='ocrx_word' id='word_1_235' title='bbox 294 1898 357 1950; x_wconf 93' lang='lat' dir='ltr'><strong>qui</strong></span> <span class='ocrx_word' id='word_1_236' title='bbox 386 1912 424 1936; x_wconf 87' lang='lat' dir='ltr'><strong>se</strong></span> <span class='ocrx_word' id='word_1_237' title='bbox 452 1900 695 1948; x_wconf 85' lang='lat' dir='ltr'><strong>Augustanae</strong></span> <span class='ocrx_word' id='word_1_238' title='bbox 724 1898 963 1936; x_wconf 83' lang='lat' dir='ltr'><strong>Confessioni</strong></span> <span class='ocrx_word' id='word_1_239' title='bbox 991 1899 1191 1938; x_wconf 86' lang='lat' dir='ltr'><strong>adhaerere</strong></span> <span class='ocrx_word' id='word_1_240' title='bbox 1217 1902 1456 1951; x_wconf 84' lang='lat' dir='ltr'><strong>profitentur,</strong></span> <span class='ocrx_word' id='word_1_241' title='bbox 1481 1916 1525 1941; x_wconf 93' lang='lat' dir='ltr'><strong>eo</strong></span> <span class='ocrx_word' id='word_1_242' title='bbox 1552 1907 1637 1941; x_wconf 87' lang='lat' dir='ltr'><strong>tan-</strong></span> 
     </span>
     <span class='ocr_line' id='line_1_27' title="bbox 109 1963 1637 2014; baseline 0.003 -12"><span class='ocrx_word' id='word_1_243' title='bbox 109 1965 192 2002; x_wconf 83' lang='lat' dir='ltr'><strong>dem</strong></span> <span class='ocrx_word' id='word_1_244' title='bbox 228 1963 336 2009; x_wconf 85' lang='lat' dir='ltr'><strong>redit,</strong></span> <span class='ocrx_word' id='word_1_245' title='bbox 371 1967 411 2000; x_wconf 88' lang='lat' dir='ltr'><strong>ut</strong></span> <span class='ocrx_word' id='word_1_246' title='bbox 445 1963 485 2000; x_wconf 90' lang='lat' dir='ltr'><strong>in</strong></span> <span class='ocrx_word' id='word_1_247' title='bbox 522 1977 595 2014; x_wconf 90' lang='lat' dir='ltr'><strong>qua</strong></span> <span class='ocrx_word' id='word_1_248' title='bbox 632 1963 799 2000; x_wconf 83' lang='lat' dir='ltr'><strong>Ecclesia</strong></span> <span class='ocrx_word' id='word_1_249' title='bbox 837 1967 871 2001; x_wconf 90' lang='lat' dir='ltr'><strong>et</strong></span> <span class='ocrx_word' id='word_1_250' title='bbox 907 1963 986 2001; x_wconf 88' lang='lat' dir='ltr'><strong>nati</strong></span> <span class='ocrx_word' id='word_1_251' title='bbox 1014 1968 1050 2002; x_wconf 88' lang='lat' dir='ltr'><strong>et</strong></span> <span class='ocrx_word' id='word_1_252' title='bbox 1073 1965 1195 2003; x_wconf 87' lang='lat' dir='ltr'><strong>renati</strong></span> <span class='ocrx_word' id='word_1_253' title='bbox 1222 1979 1362 2011; x_wconf 87' lang='lat' dir='ltr'><strong>sumus,</strong></span> <span class='ocrx_word' id='word_1_254' title='bbox 1388 1966 1429 2005; x_wconf 88' lang='lat' dir='ltr'><strong>in</strong></span> <span class='ocrx_word' id='word_1_255' title='bbox 1457 1981 1498 2005; x_wconf 91' lang='lat' dir='ltr'><strong>ea</strong></span> <span class='ocrx_word' id='word_1_256' title='bbox 1526 1969 1637 2006; x_wconf 91' lang='lat' dir='ltr'><strong>nobis</strong></span> 
     </span>
     <span class='ocr_line' id='line_1_28' title="bbox 107 2027 1636 2081; baseline 0.002 -14"><span class='ocrx_word' id='word_1_257' title='bbox 107 2029 218 2067; x_wconf 87' lang='lat' dir='ltr'><strong>etiam</strong></span> <span class='ocrx_word' id='word_1_258' title='bbox 255 2028 379 2080; x_wconf 85' lang='lat' dir='ltr'><strong>potius</strong></span> <span class='ocrx_word' id='word_1_259' title='bbox 415 2027 707 2078; x_wconf 82' lang='lat' dir='ltr'><strong>permanendum</strong></span> <span class='ocrx_word' id='word_1_260' title='bbox 745 2028 900 2065; x_wconf 91' lang='lat' dir='ltr'><strong>omnino</strong></span> <span class='ocrx_word' id='word_1_261' title='bbox 937 2042 1017 2066; x_wconf 90' lang='lat' dir='ltr'><strong>esse</strong></span> <span class='ocrx_word' id='word_1_262' title='bbox 1054 2033 1273 2075; x_wconf 83' lang='lat' dir='ltr'><strong>statuamus,</strong></span> <span class='ocrx_word' id='word_1_263' title='bbox 1309 2044 1421 2081; x_wconf 90' lang='lat' dir='ltr'><strong>quam</strong></span> <span class='ocrx_word' id='word_1_264' title='bbox 1457 2036 1498 2070; x_wconf 90' lang='lat' dir='ltr'><strong>ut</strong></span> <span class='ocrx_word' id='word_1_265' title='bbox 1525 2033 1636 2070; x_wconf 85' lang='lat' dir='ltr'><strong>aliam</strong></span> 
     </span>
     <span class='ocr_line' id='line_1_29' title="bbox 107 2092 1638 2149; baseline 0.003 -18"><span class='ocrx_word' id='word_1_266' title='bbox 107 2095 205 2132; x_wconf 86' lang='lat' dir='ltr'><strong>inter</strong></span> <span class='ocrx_word' id='word_1_267' title='bbox 239 2106 302 2131; x_wconf 91' lang='lat' dir='ltr'><strong>eos</strong></span> <span class='ocrx_word' id='word_1_268' title='bbox 338 2106 571 2143; x_wconf 62' lang='lat' dir='ltr'><strong>quaeramrm,</strong></span> <span class='ocrx_word' id='word_1_269' title='bbox 607 2092 672 2143; x_wconf 77' lang='lat' dir='ltr'><strong>qui</strong></span> <span class='ocrx_word' id='word_1_270' title='bbox 706 2092 750 2129; x_wconf 91' lang='lat' dir='ltr'><strong>de</strong></span> <span class='ocrx_word' id='word_1_271' title='bbox 786 2092 850 2130; x_wconf 85' lang='lat' dir='ltr'><strong>illa</strong></span> <span class='ocrx_word' id='word_1_272' title='bbox 887 2094 998 2140; x_wconf 88' lang='grc'>(186)</span> <span class='ocrx_word' id='word_1_273' title='bbox 1038 2093 1137 2131; x_wconf 86' lang='lat' dir='ltr'><strong>inter</strong></span> <span class='ocrx_word' id='word_1_274' title='bbox 1164 2095 1275 2145; x_wconf 86' lang='lat' dir='ltr'><strong>seipsi</strong></span> <span class='ocrx_word' id='word_1_275' title='bbox 1302 2095 1499 2146; x_wconf 85' lang='lat' dir='ltr'><strong>ambigunt</strong></span> <span class='ocrx_word' id='word_1_276' title='bbox 1527 2103 1638 2149; x_wconf 91' lang='lat' dir='ltr'><strong>atque</strong></span> 
     </span>
     <span class='ocr_line' id='line_1_30' title="bbox 106 2156 1634 2208; baseline 0.003 -13"><span class='ocrx_word' id='word_1_277' title='bbox 106 2158 172 2196; x_wconf 88' lang='lat' dir='ltr'><strong>alii</strong></span> <span class='ocrx_word' id='word_1_278' title='bbox 208 2157 301 2194; x_wconf 88' lang='lat' dir='ltr'><strong>alios</strong></span> <span class='ocrx_word' id='word_1_279' title='bbox 336 2157 496 2194; x_wconf 88' lang='lat' dir='ltr'><strong>invicem</strong></span> <span class='ocrx_word' id='word_1_280' title='bbox 526 2157 573 2194; x_wconf 89' lang='lat' dir='ltr'><strong>ab</strong></span> <span class='ocrx_word' id='word_1_281' title='bbox 602 2157 772 2194; x_wconf 87' lang='lat' dir='ltr'><strong>Ecclesia</strong></span> <span class='ocrx_word' id='word_1_282' title='bbox 800 2156 882 2208; x_wconf 88' lang='lat' dir='ltr'><strong>ipsa</strong></span> <span class='ocrx_word' id='word_1_283' title='bbox 909 2157 1116 2195; x_wconf 86' lang='lat' dir='ltr'><strong>excludunt</strong></span> <span class='ocrx_word' id='word_1_284' title='bbox 1144 2163 1180 2196; x_wconf 89' lang='lat' dir='ltr'><strong>et</strong></span> <span class='ocrx_word' id='word_1_285' title='bbox 1208 2163 1349 2199; x_wconf 85' lang='lat' dir='ltr'><strong>arcent.</strong></span> <span class='ocrx_word' id='word_1_286' title='bbox 1404 2161 1452 2199; x_wconf 91' lang='lat' dir='ltr'><strong>Et</strong></span> <span class='ocrx_word' id='word_1_287' title='bbox 1481 2161 1543 2199; x_wconf 90' lang='lat' dir='ltr'><strong>hic</strong></span> <span class='ocrx_word' id='word_1_288' title='bbox 1569 2176 1634 2200; x_wconf 80' lang='lat' dir='ltr'><strong>ex-</strong></span> 
     </span>
     <span class='ocr_line' id='line_1_31' title="bbox 107 2222 1636 2271; baseline 0.003 -10"><span class='ocrx_word' id='word_1_289' title='bbox 107 2228 246 2261; x_wconf 89' lang='lat' dir='ltr'><strong>tremus</strong></span> <span class='ocrx_word' id='word_1_290' title='bbox 279 2222 397 2271; x_wconf 84' lang='lat' dir='ltr'><strong>igitur</strong></span> <span class='ocrx_word' id='word_1_291' title='bbox 434 2222 547 2259; x_wconf 88' lang='lat' dir='ltr'><strong>Hosii</strong></span> <span class='ocrx_word' id='word_1_292' title='bbox 582 2222 734 2259; x_wconf 86' lang='lat' dir='ltr'><strong>aculeus</strong></span> <span class='ocrx_word' id='word_1_293' title='bbox 772 2222 882 2259; x_wconf 86' lang='lat' dir='ltr'><strong>nobis</strong></span> <span class='ocrx_word' id='word_1_294' title='bbox 919 2222 1175 2262; x_wconf 78' lang='lat' dir='ltr'><strong>retundendus</strong></span> <span class='ocrx_word' id='word_1_295' title='bbox 1201 2224 1255 2262; x_wconf 87' lang='lat' dir='ltr'><strong>ita</strong></span> <span class='ocrx_word' id='word_1_296' title='bbox 1283 2225 1364 2270; x_wconf 89' lang='lat' dir='ltr'><strong>erit,</strong></span> <span class='ocrx_word' id='word_1_297' title='bbox 1390 2230 1433 2264; x_wconf 86' lang='lat' dir='ltr'><strong>ut</strong></span> <span class='ocrx_word' id='word_1_298' title='bbox 1460 2227 1636 2267; x_wconf 91' lang='lat' dir='ltr'><strong>omnibus</strong></span> 
     </span>
     <span class='ocr_line' id='line_1_32' title="bbox 108 2286 1636 2342; baseline 0.003 -17"><span class='ocrx_word' id='word_1_299' title='bbox 108 2290 265 2332; x_wconf 89' lang='lat' dir='ltr'><strong>constet,</strong></span> <span class='ocrx_word' id='word_1_300' title='bbox 306 2286 507 2337; x_wconf 89' lang='lat' dir='ltr'><strong>ipsummet</strong></span> <span class='ocrx_word' id='word_1_301' title='bbox 543 2286 707 2324; x_wconf 88' lang='lat' dir='ltr'><strong>Hosium</strong></span> <span class='ocrx_word' id='word_1_302' title='bbox 744 2299 786 2323; x_wconf 89' lang='lat' dir='ltr'><strong>eo</strong></span> <span class='ocrx_word' id='word_1_303' title='bbox 824 2287 906 2337; x_wconf 88' lang='lat' dir='ltr'><strong>ipso</strong></span> <span class='ocrx_word' id='word_1_304' title='bbox 944 2287 1071 2324; x_wconf 88' lang='lat' dir='ltr'><strong>aculeo</strong></span> <span class='ocrx_word' id='word_1_305' title='bbox 1110 2301 1188 2326; x_wconf 89' lang='lat' dir='ltr'><strong>sese</strong></span> <span class='ocrx_word' id='word_1_306' title='bbox 1223 2290 1421 2339; x_wconf 80' lang='lat' dir='ltr'><strong>configere,</strong></span> <span class='ocrx_word' id='word_1_307' title='bbox 1453 2304 1527 2342; x_wconf 93' lang='lat' dir='ltr'><strong>quo</strong></span> <span class='ocrx_word' id='word_1_308' title='bbox 1568 2306 1636 2330; x_wconf 91' lang='lat' dir='ltr'><strong>nos</strong></span> 
     </span>
     <span class='ocr_line' id='line_1_33' title="bbox 105 2350 1635 2403; baseline 0.003 -14"><span class='ocrx_word' id='word_1_309' title='bbox 105 2351 223 2403; x_wconf 76' lang='lat' dir='ltr'><strong>pungi</strong></span> <span class='ocrx_word' id='word_1_310' title='bbox 250 2363 359 2402; x_wconf 91' lang='lat' dir='ltr'><strong>posse</strong></span> <span class='ocrx_word' id='word_1_311' title='bbox 385 2350 555 2401; x_wconf 89' lang='lat' dir='ltr'><strong>putabat.</strong></span> <span class='ocrx_word' id='word_1_312' title='bbox 609 2350 760 2389; x_wconf 88' lang='lat' dir='ltr'><strong>Etenim</strong></span> <span class='ocrx_word' id='word_1_313' title='bbox 791 2350 821 2388; x_wconf 91' lang='lat' dir='ltr'><strong>si</strong></span> <span class='ocrx_word' id='word_1_314' title='bbox 849 2351 951 2388; x_wconf 86' lang='lat' dir='ltr'><strong>vocis</strong></span> <span class='ocrx_word' id='word_1_315' title='bbox 980 2351 1090 2389; x_wconf 86' lang='lat' dir='ltr'><strong>huius</strong></span> <span class='ocrx_word' id='word_1_316' title='bbox 1117 2352 1348 2402; x_wconf 87' lang='lat' dir='ltr'><strong>ambiguitas</strong></span> <span class='ocrx_word' id='word_1_317' title='bbox 1375 2355 1542 2397; x_wconf 84' lang='lat' dir='ltr'><strong>tollatur,</strong></span> <span class='ocrx_word' id='word_1_318' title='bbox 1571 2369 1635 2394; x_wconf 88' lang='lat' dir='ltr'><strong>cu-</strong></span> 
     </span>
     <span class='ocr_line' id='line_1_34' title="bbox 106 2414 1634 2472; baseline 0.004 -18"><span class='ocrx_word' id='word_1_319' title='bbox 106 2417 164 2454; x_wconf 91' lang='lat' dir='ltr'><strong>ius</strong></span> <span class='ocrx_word' id='word_1_320' title='bbox 201 2416 328 2453; x_wconf 89' lang='lat' dir='ltr'><strong>fucum</strong></span> <span class='ocrx_word' id='word_1_321' title='bbox 363 2414 506 2452; x_wconf 89' lang='lat' dir='ltr'><strong>Hosius</strong></span> <span class='ocrx_word' id='word_1_322' title='bbox 534 2419 711 2465; x_wconf 86' lang='lat' dir='ltr'><strong>perpetuo</strong></span> <span class='ocrx_word' id='word_1_323' title='bbox 740 2414 924 2461; x_wconf 84' lang='lat' dir='ltr'><strong>obtendit,</strong></span> <span class='ocrx_word' id='word_1_324' title='bbox 952 2429 1082 2467; x_wconf 89' lang='lat' dir='ltr'><strong>nempe</strong></span> <span class='ocrx_word' id='word_1_325' title='bbox 1109 2416 1313 2462; x_wconf 87' lang='lat' dir='ltr'><strong>Ecclesiae,</strong></span> <span class='ocrx_word' id='word_1_326' title='bbox 1341 2418 1450 2457; x_wconf 88' lang='lat' dir='ltr'><strong>facile</strong></span> <span class='ocrx_word' id='word_1_327' title='bbox 1477 2421 1634 2472; x_wconf 87' lang='lat' dir='ltr'><strong>quisque</strong></span> 
     </span>
     <span class='ocr_line' id='line_1_35' title="bbox 106 2477 1635 2534; baseline 0.004 -16"><span class='ocrx_word' id='word_1_328' title='bbox 106 2479 292 2529; x_wconf 88' lang='lat' dir='ltr'><strong>intelliget</strong></span> <span class='ocrx_word' id='word_1_329' title='bbox 327 2477 477 2528; x_wconf 86' lang='lat' dir='ltr'><strong>gravius</strong></span> <span class='ocrx_word' id='word_1_330' title='bbox 513 2479 630 2516; x_wconf 90' lang='lat' dir='ltr'><strong>multo</strong></span> <span class='ocrx_word' id='word_1_331' title='bbox 660 2478 825 2516; x_wconf 87' lang='lat' dir='ltr'><strong>Hoisum</strong></span> <span class='ocrx_word' id='word_1_332' title='bbox 852 2479 990 2530; x_wconf 87' lang='lat' dir='ltr'><strong>ipsum,</strong></span> <span class='ocrx_word' id='word_1_333' title='bbox 1017 2494 1130 2531; x_wconf 89' lang='lat' dir='ltr'><strong>quam</strong></span> <span class='ocrx_word' id='word_1_334' title='bbox 1157 2494 1240 2526; x_wconf 88' lang='lat' dir='ltr'><strong>nos,</strong></span> <span class='ocrx_word' id='word_1_335' title='bbox 1267 2495 1334 2520; x_wconf 89' lang='lat' dir='ltr'><strong>suo</strong></span> <span class='ocrx_word' id='word_1_336' title='bbox 1361 2483 1479 2534; x_wconf 89' lang='lat' dir='ltr'><strong>ipsius</strong></span> <span class='ocrx_word' id='word_1_337' title='bbox 1506 2486 1635 2524; x_wconf 89' lang='lat' dir='ltr'><strong>aculeo</strong></span> 
     </span>
     <span class='ocr_line' id='line_1_36' title="bbox 103 2543 1634 2597; baseline 0.005 -16"><span class='ocrx_word' id='word_1_338' title='bbox 103 2545 224 2597; x_wconf 86' lang='lat' dir='ltr'><strong>pungi</strong></span> <span class='ocrx_word' id='word_1_339' title='bbox 259 2544 445 2595; x_wconf 86' lang='lat' dir='ltr'><strong>planeque</strong></span> <span class='ocrx_word' id='word_1_340' title='bbox 473 2543 625 2593; x_wconf 82' lang='lat' dir='ltr'><strong>configi.</strong></span> <span class='ocrx_word' id='word_1_341' title='bbox 679 2543 895 2594; x_wconf 87' lang='lat' dir='ltr'><strong>Recipimus</strong></span> <span class='ocrx_word' id='word_1_342' title='bbox 921 2544 1051 2594; x_wconf 85' lang='lat' dir='ltr'><strong>igitur,</strong></span> <span class='ocrx_word' id='word_1_343' title='bbox 1080 2547 1330 2596; x_wconf 87' lang='lat' dir='ltr'><strong>quaerendam</strong></span> <span class='ocrx_word' id='word_1_344' title='bbox 1359 2561 1437 2587; x_wconf 92' lang='lat' dir='ltr'><strong>non</strong></span> <span class='ocrx_word' id='word_1_345' title='bbox 1464 2563 1543 2588; x_wconf 88' lang='lat' dir='ltr'><strong>esse</strong></span> <span class='ocrx_word' id='word_1_346' title='bbox 1570 2564 1634 2588; x_wconf 90' lang='lat' dir='ltr'><strong>ve·</strong></span> 
     </span>
     <span class='ocr_line' id='line_1_37' title="bbox 102 2607 1634 2661; baseline 0.003 -13"><span class='ocrx_word' id='word_1_347' title='bbox 102 2624 183 2648; x_wconf 83' lang='lat' dir='ltr'><strong>ram</strong></span> <span class='ocrx_word' id='word_1_348' title='bbox 211 2608 352 2647; x_wconf 88' lang='lat' dir='ltr'><strong>Christi</strong></span> <span class='ocrx_word' id='word_1_349' title='bbox 379 2607 587 2645; x_wconf 90' lang='lat' dir='ltr'><strong>Ecclesiam</strong></span> <span class='ocrx_word' id='word_1_350' title='bbox 614 2607 711 2659; x_wconf 87' lang='lat' dir='ltr'><strong>apud</strong></span> <span class='ocrx_word' id='word_1_351' title='bbox 740 2621 816 2653; x_wconf 88' lang='lat' dir='ltr'><strong>eos,</strong></span> <span class='ocrx_word' id='word_1_352' title='bbox 843 2609 908 2659; x_wconf 90' lang='lat' dir='ltr'><strong>qui</strong></span> <span class='ocrx_word' id='word_1_353' title='bbox 936 2609 980 2646; x_wconf 92' lang='lat' dir='ltr'><strong>de</strong></span> <span class='ocrx_word' id='word_1_354' title='bbox 1006 2609 1071 2647; x_wconf 89' lang='lat' dir='ltr'><strong>illa</strong></span> <span class='ocrx_word' id='word_1_355' title='bbox 1099 2611 1312 2661; x_wconf 82' lang='lat' dir='ltr'><strong>ambigunt,</strong></span> <span class='ocrx_word' id='word_1_356' title='bbox 1338 2616 1402 2651; x_wconf 87' lang='lat' dir='ltr'><strong>aut</strong></span> <span class='ocrx_word' id='word_1_357' title='bbox 1430 2627 1509 2652; x_wconf 84' lang='lat' dir='ltr'><strong>sese</strong></span> <span class='ocrx_word' id='word_1_358' title='bbox 1536 2615 1634 2653; x_wconf 87' lang='lat' dir='ltr'><strong>invi·</strong></span> 
     </span>
     <span class='ocr_line' id='line_1_38' title="bbox 105 2672 1631 2728; baseline 0.003 -16"><span class='ocrx_word' id='word_1_359' title='bbox 105 2688 183 2712; x_wconf 89' lang='lat' dir='ltr'><strong>cem</strong></span> <span class='ocrx_word' id='word_1_360' title='bbox 220 2674 320 2711; x_wconf 84' lang='lat' dir='ltr'><strong>illius</strong></span> <span class='ocrx_word' id='word_1_361' title='bbox 349 2672 501 2711; x_wconf 86' lang='lat' dir='ltr'><strong>nominc</strong></span> <span class='ocrx_word' id='word_1_362' title='bbox 529 2672 796 2710; x_wconf 81' lang='lat' dir='ltr'><strong>condemnant.</strong></span> <span class='ocrx_word' id='word_1_363' title='bbox 852 2673 1069 2724; x_wconf 88' lang='lat' dir='ltr'><strong>Recipimus</strong></span> <span class='ocrx_word' id='word_1_364' title='bbox 1096 2675 1199 2721; x_wconf 88' lang='lat' dir='ltr'><strong>item,</strong></span> <span class='ocrx_word' id='word_1_365' title='bbox 1225 2680 1266 2714; x_wconf 92' lang='lat' dir='ltr'><strong>ut</strong></span> <span class='ocrx_word' id='word_1_366' title='bbox 1293 2676 1333 2714; x_wconf 90' lang='lat' dir='ltr'><strong>in</strong></span> <span class='ocrx_word' id='word_1_367' title='bbox 1360 2691 1434 2728; x_wconf 83' lang='lat' dir='ltr'><strong>qua</strong></span> <span class='ocrx_word' id='word_1_368' title='bbox 1461 2678 1631 2716; x_wconf 83' lang='lat' dir='ltr'><strong>Ecclesia</strong></span> 
     </span>
     <span class='ocr_line' id='line_1_39' title="bbox 101 2739 1629 2791; baseline 0.003 -15"><span class='ocrx_word' id='word_1_369' title='bbox 101 2752 171 2777; x_wconf 87' lang='lat' dir='ltr'><strong>nos</strong></span> <span class='ocrx_word' id='word_1_370' title='bbox 207 2742 307 2776; x_wconf 90' lang='lat' dir='ltr'><strong>certo</strong></span> <span class='ocrx_word' id='word_1_371' title='bbox 346 2742 454 2775; x_wconf 89' lang='lat' dir='ltr'><strong>natos</strong></span> <span class='ocrx_word' id='word_1_372' title='bbox 489 2741 525 2774; x_wconf 87' lang='lat' dir='ltr'><strong>ct</strong></span> <span class='ocrx_word' id='word_1_373' title='bbox 562 2741 713 2774; x_wconf 87' lang='lat' dir='ltr'><strong>renatos</strong></span> <span class='ocrx_word' id='word_1_374' title='bbox 750 2750 830 2774; x_wconf 89' lang='lat' dir='ltr'><strong>esse</strong></span> <span class='ocrx_word' id='word_1_375' title='bbox 867 2741 1026 2784; x_wconf 87' lang='lat' dir='ltr'><strong>constat,</strong></span> <span class='ocrx_word' id='word_1_376' title='bbox 1060 2739 1096 2776; x_wconf 92' lang='lat' dir='ltr'><strong>in</strong></span> <span class='ocrx_word' id='word_1_377' title='bbox 1126 2753 1168 2777; x_wconf 84' lang='lat' dir='ltr'><strong>ea</strong></span> <span class='ocrx_word' id='word_1_378' title='bbox 1194 2744 1375 2791; x_wconf 87' lang='lat' dir='ltr'><strong>perpetuo</strong></span> <span class='ocrx_word' id='word_1_379' title='bbox 1401 2755 1629 2781; x_wconf 82' lang='lat' dir='ltr'><strong>maneamus.</strong></span> 
     </span>
     <span class='ocr_line' id='line_1_40' title="bbox 102 2800 1629 2857; baseline 0.003 -17"><span class='ocrx_word' id='word_1_380' title='bbox 102 2803 206 2840; x_wconf 75' lang='lat' dir='ltr'><strong>Quin</strong></span> <span class='ocrx_word' id='word_1_381' title='bbox 236 2802 306 2839; x_wconf 89' lang='lat' dir='ltr'><strong>hoc</strong></span> <span class='ocrx_word' id='word_1_382' title='bbox 333 2806 521 2852; x_wconf 83' lang='lat' dir='ltr'><strong>praeterea</strong></span> <span class='ocrx_word' id='word_1_383' title='bbox 549 2801 722 2838; x_wconf 88' lang='lat' dir='ltr'><strong>addimus</strong></span> <span class='ocrx_word' id='word_1_384' title='bbox 749 2800 873 2845; x_wconf 86' lang='lat' dir='ltr'><strong>etiam,</strong></span> <span class='ocrx_word' id='word_1_385' title='bbox 901 2814 945 2839; x_wconf 84' lang='lat' dir='ltr'><strong>ex</strong></span> <span class='ocrx_word' id='word_1_386' title='bbox 975 2803 1077 2840; x_wconf 86' lang='lat' dir='ltr'><strong>nulla</strong></span> <span class='ocrx_word' id='word_1_387' title='bbox 1097 2803 1290 2842; x_wconf 88' lang='lat' dir='ltr'><strong>hominum</strong></span> <span class='ocrx_word' id='word_1_388' title='bbox 1312 2805 1629 2857; x_wconf 86' lang='lat' dir='ltr'><strong>qualiumcunque</strong></span> 
     </span>
     <span class='ocr_line' id='line_1_41' title="bbox 98 2866 1616 2919; baseline 0.003 -14"><span class='ocrx_word' id='word_1_389' title='bbox 98 2868 249 2905; x_wconf 84' lang='lat' dir='ltr'><strong>tandem</strong></span> <span class='ocrx_word' id='word_1_390' title='bbox 296 2867 496 2905; x_wconf 85' lang='lat' dir='ltr'><strong>concordia</strong></span> <span class='ocrx_word' id='word_1_391' title='bbox 541 2866 764 2904; x_wconf 80' lang='lat' dir='ltr'><strong>metiendam</strong></span> <span class='ocrx_word' id='word_1_392' title='bbox 809 2867 1153 2919; x_wconf 85' lang='lat' dir='ltr'><strong>aestimandamque</strong></span> <span class='ocrx_word' id='word_1_393' title='bbox 1188 2883 1267 2908; x_wconf 89' lang='lat' dir='ltr'><strong>esse</strong></span> <span class='ocrx_word' id='word_1_394' title='bbox 1306 2870 1373 2908; x_wconf 85' lang='lat' dir='ltr'><strong>Dei</strong></span> <span class='ocrx_word' id='word_1_395' title='bbox 1410 2870 1616 2911; x_wconf 78' lang='lat' dir='ltr'><strong>Ecclesiam</strong></span> 
     </span>
    </p>
   </div>
  </div>
 </body>
</html>
