1818 3178
624 145 674 171 DE
703 145 790 174 FUG.
824 145 976 179 MPFT,
1003 143 1152 172 SACRIS.

174 886 289 935 Cujus
317 899 417 924 meae
445 885 649 922 sententiae
675 890 717 921 ut
744 883 860 920 ratio-

124 964 190 988 nes
227 951 390 996 reddam,
429 950 533 987 dico:
562 949 735 999 primum,
763 947 864 998 quod

120 1014 167 1051 ad
205 1014 352 1059 electos,
387 1014 515 1064 quiin
551 1012 742 1063 Papisticis
773 1025 862 1048 con-

126 1079 298 1115 cionibus
334 1078 483 1115 inscitia
520 1077 641 1114 adhuc
678 1082 864 1119 maneant,

125 1144 155 1180 si
182 1143 330 1193 quidem
360 1142 466 1180 electi
494 1143 581 1185 sint,
608 1149 719 1190 atque
747 1141 859 1177 verbo

122 1207 191 1244 Dei
218 1207 441 1256 agnoverint
468 1205 764 1253 magnitudinem
791 1205 860 1241 im-

120 1272 268 1322 pietatis
320 1270 539 1320 Papisticae,
595 1269 741 1306 credere
784 1281 861 1305 non

121 1348 287 1386 possum,
322 1347 385 1371 eos
422 1334 497 1370 ullo
534 1340 642 1383 pacto
670 1332 710 1369 in
739 1332 866 1369 istius-

122 1399 222 1436 modi
265 1397 511 1435 concionibus
556 1410 705 1434 manere
749 1397 860 1441 velle;

119 1469 196 1507 aut,
225 1463 256 1500 si
282 1463 321 1499 id
341 1463 518 1506 facerent,
541 1462 754 1499 viderentur
771 1462 864 1498 mihi

119 1528 165 1565 ab
185 1527 365 1565 electione
385 1539 450 1563 sua
469 1529 529 1574 (ut
549 1526 601 1562 ita
622 1525 760 1573 dicam)
781 1526 860 1574 jam

119 1604 269 1642 quoque
286 1590 480 1628 excidisse.
511 1590 606 1626 Dico
625 1590 753 1639 igitur,
771 1591 866 1627 elec-

119 1663 191 1701 tos,
236 1655 301 1705 qui
337 1654 551 1692 etiamnunc
589 1655 658 1691 sub
697 1654 869 1704 Papismo

120 1721 273 1769 degunt,
318 1732 386 1757 nec
433 1719 580 1756 facilius
626 1732 693 1756 nec
732 1719 867 1756 certius

121 1785 298 1822 lucrifieri
335 1797 455 1835 posse,
492 1797 616 1834 quam,
644 1783 675 1821 si
703 1784 866 1835 Papismi

122 1848 305 1898 impietas,
348 1861 441 1898 quae
488 1848 611 1885 adhue
654 1861 717 1885 eos
761 1848 862 1890 latet,

123 1913 234 1949 verbo
265 1911 334 1948 Dei
360 1911 451 1961 ipsis
482 1912 729 1960 detegeretur3
749 1925 864 1962 eaque

121 1975 233 2012 semel
286 1974 428 2011 detecta
482 1975 655 2011 omnibus
710 1975 866 2012 rationi-

124 2041 192 2076 bus
242 2039 288 2076 iis
337 2039 665 2081 demonstraretur,

123 2103 170 2141 ab
207 2117 248 2140 ea
285 2102 507 2151 fugiendum
543 2115 634 2146 esse,
685 2108 867 2153 quatenus

125 2168 249 2217 cupiat
303 2166 386 2216 quis
440 2166 668 2203 venerationi
723 2167 862 2204 Christi

123 2231 277 2268 Domini
297 2230 487 2275 inservire,
506 2243 660 2279 canique
678 2230 786 2267 etiam
806 2233 865 2278 (ut

124 2294 240 2331 debiti
286 2294 365 2343 ejus
403 2295 487 2341 (10)
531 2296 603 2340 est)
648 2307 865 2343 promovere

124 2359 223 2397 velit.
279 2358 464 2402 Profecto,
509 2358 573 2407 qui
617 2357 655 2394 in
704 2359 866 2395 tenebris

123 2423 332 2463 ambulant,
361 2436 405 2459 ex
432 2422 477 2459 iis
506 2422 652 2459 evocari
671 2428 869 2472 nequeunt,

708 2486 869 2524 Necesse

715 2053 867 2090 pl'OrSUS

125 2487 198 2525 nisi
242 2487 497 2537 praeluceatur
541 2486 643 2535 ipsis».

125 2560 192 2597 est,
235 2557 277 2588 ut
312 2551 509 2588 imbecillis
549 2550 686 2594 electis,
725 2551 790 2600 qui
825 2550 862 2587 in

124 2615 321 2666 Papisticis
358 2615 521 2651 tenebris
558 2613 706 2651 inscitia
747 2613 870 2651 adhuc

127 2681 291 2724 haerent,
321 2680 424 2717 verbi
453 2679 578 2716 Divini
607 2679 732 2715 lumen
762 2691 866 2729 prae-

126 2745 278 2790 feratur,
313 2757 431 2795 neque
459 2743 753 2781 dissimulatione
780 2743 866 2780 abs-

129 2809 310 2847 condatur
365 2813 474 2860 atque
527 2808 684 2853 fallacia,
732 2808 867 2858 quibus

130 2873 315 2924 Papistica
342 2874 513 2925 impietas
540 2873 701 2910 elevetur
730 2872 785 2910 vel
804 2885 866 2909 ex·

1607 130 1651 168 75

915 246 1098 284 nochtans
1135 244 1316 282 wederom
1351 242 1469 292 gliern
1507 240 1651 278 Christ-

920 310 1016 348 licke
1053 308 1174 347 straffe
1210 308 1362 351 hooren,
1389 318 1431 343 zo
1460 304 1656 343 iem-auden

918 375 1064 418 dochte,
1091 374 1151 410 ick
1169 372 1292 410 lcerde
1311 371 1428 409 hierin
1449 370 1526 408 niet
1541 369 1658 414 recht,

917 452 958 476 zo
988 440 1047 486 (9)
1076 451 1179 475 verre
1215 437 1259 474 (10
1285 437 1386 474 zelue
1414 440 1460 473 wt
1487 434 1580 472 ende
1609 446 1656 470 na

918 502 1043 539 Godes
1079 501 1200 538 werde
1235 499 1456 549 ang-hericht
1491 497 1656 536 werden:

915 566 1069 603 welckes
1097 565 1286 602 autoriteit
1313 563 1408 601 ende
1433 562 1657 612 gheweldig·

915 629 991 666 heit
1018 642 1080 678 my
1109 642 1171 665 sus
1199 628 1333 665 anders
1361 628 1500 665 allecne
1522 626 1660 674 dringt,

913 693 975 730 dat
1010 692 1084 736 iek,
1123 692 1261 729 hoewel
1296 691 1479 740 ongherfi,
1520 690 1559 727 in
1589 690 1659 726 den

917 757 1110 805 geuoelen,
1153 770 1223 793 van
1263 756 1349 793 dez&
1386 769 1453 793 eeu
1489 754 1657 805 weynigh

921 820 1162 858 verscheiden
1194 821 1268 858 bin.

963 882 1021 918 En
1067 895 1112 932 op
1170 882 1232 919 dat
1284 882 1345 918 iek
1382 882 1486 919 dezcs
1531 895 1660 931 mynes

916 947 1115 995 gheuoel'es
1164 946 1296 983 redene
1341 947 1472 994 gheue,
1513 959 1555 983 zo
1594 960 1661 994 zeg

917 1012 1000 1048 ick:
1029 1011 1108 1048 Ten
1137 1015 1266 1056 eerstc,
1293 1024 1336 1047 zo
1367 1013 1444 1048 veel
1464 1012 1509 1049 de
1530 1018 1657 1049 wtuer-

918 1075 1055 1112 kerene
1093 1076 1229 1124 bel-{ign
1267 1075 1326 1112 die
1355 1076 1446 1112 door
1474 1083 1659 1114 onweten-

915 1140 992 1177 heit
1027 1140 1066 1176 in
1096 1140 1167 1177 den
1197 1141 1442 1177 Pauwstlickev
1472 1154 1657 1178 verzanie·

917 1204 1073 1253 linghen
1110 1204 1207 1241 noch
1237 1205 1369 1253 blyuc:
1409 1205 1458 1241 Zo
1489 1205 1532 1242 (10
1560 1206 1662 1241 zelue

917 1269 1170 1306 wtuerkorene
1198 1271 1284 1317 zijn,
1312 1269 1405 1306 ende
1423 1269 1515 1306 door
1537 1269 1662 1306 Godcs

923 1332 1041 1369 Word
1087 1333 1131 1370 de
1172 1333 1362 1381 grootheit
1399 1334 1462 1371 der
1498 1333 1662 1371 Pauwst-

916 1397 1033 1434 lieker
1079 1397 1340 1446 godlooszheit
1378 1398 1584 1442 bekennen,
1619 1411 1661 1435 zo

919 1461 991 1499 kan
1027 1462 1087 1498 ick
1126 1463 1202 1499 niet
1240 1463 1473 1510 gheloouen;
1520 1463 1582 1500 dat
1620 1475 1661 1512 zy

912 1525 1128 1575 eenighsins
1167 1527 1207 1563 in
1238 1526 1393 1563 zulcken
1424 1527 1663 1563 verzamelin-

920 1590 1020 1638 ghen
1056 1591 1190 1628 zolden
1226 1591 1346 1628 willen
1384 1592 1515 1639 blijuer
1554 1594 1596 1629 of
1621 1606 1662 1630 zo

924 1667 967 1704 zy
1003 1655 1131 1692 zulcks
1167 1655 1297 1699 deden,
1332 1669 1374 1692 zo
1402 1656 1487 1693 liete
1514 1657 1574 1693 ick
1603 1671 1664 1706 my

921 1719 1106 1762 duncken,
1134 1733 1176 1770 zy
1206 1724 1298 1757 ware
1327 1722 1421 1757 oock
1451 1721 1574 1759 ali-ede
1599 1725 1663 1772 (op

920 1798 985 1822 cen
1024 1798 1120 1835 wyze
1151 1798 1220 1822 van
1250 1785 1425 1836 spreken)
1455 1800 1526 1823 van
1556 1786 1664 1826 horor

916 1848 1178 1898 verkiezinghe
1205 1849 1464 1898 wtglieuallen.
1511 1851 1561 1887 Zo
1591 1864 1657 1899 zeg·

916 1913 976 1949 iek
1016 1913 1102 1957 dan,
1139 1913 1201 1950 dat
1237 1913 1281 1951 de
1309 1915 1572 1960 wtuerkorene,
1600 1915 1657 1952 die

919 1976 1018 2013 noch
1054 1977 1092 2013 in
1131 1977 1201 2014 (1011
1230 1978 1464 2015 Pauwstdom
1492 1992 1659 2025 wooncn,

920 2042 1017 2078 noch
1037 2042 1247 2079 lichtlicker
1264 2043 1362 2079 noch
1383 2043 1658 2092 ghewiszlicker

922 2104 1072 2142 konnen
1118 2106 1346 2153 ghewonnen
1393 2108 1548 2152 werden,
1585 2108 1657 2146 dan

915 2173 1142 2206 wanneerinc
1180 2170 1251 2207 hen
1298 2171 1361 2208 des
1405 2171 1658 2210 Pauwstdoms

917 2232 1188 2280 godlooszheit,
1225 2233 1285 2270 die
1313 2234 1384 2271 hen
1414 2235 1510 2272 noch
1540 2237 1657 2274 onbe-

919 2295 1007 2332 kent
1052 2296 1096 2341 is,
1141 2297 1232 2333 door
1276 2297 1401 2336 Godes
1437 2301 1536 2337 word
1572 2306 1656 2338 ont-

922 2359 1048 2397 deckt:
1085 2360 1178 2397 ende
1215 2367 1355 2399 waneer
1393 2363 1539 2402 dezelue
1571 2379 1657 2403 een-

921 2425 1015 2461 mael
1051 2425 1228 2463 ontdeckt
1256 2426 1298 2470 is,
1325 2428 1454 2465 alsdan
1483 2429 1532 2478 bij
1562 2431 1659 2468 allen

923 2488 1106 2526 middelen
1128 2490 1278 2538 bewijst,
1299 2492 1446 2530 ‹latnien
1471 2507 1511 2531 ze
1527 2502 1657 2543 gantz-

917 2552 990 2588 lick
1008 2553 1177 2603 schuywc
1199 2560 1308 2598 meet,
1328 2569 1370 2592 zo
1392 2570 1494 2595 verre
1510 2559 1657 2597 iemand

924 2615 988 2652 der
1008 2618 1249 2667 vcreeringhe
1268 2619 1330 2657 des
1351 2621 1498 2659 Heeren
1520 2623 1660 2662 Christi

921 2680 1067 2726 dienen,
1094 2682 1188 2720 ende
1216 2685 1310 2721 0001<
1333 2686 1376 2722 de
1396 2688 1498 2724 zelue
1517 2689 1587 2734 (als
1608 2689 1656 2738 hy

921 2745 993 2782 dan
1010 2746 1204 2785 schuldich
1217 2751 1301 2796 (10)
1321 2749 1370 2797 is)
1392 2751 1568 2789 vom-dere
1588 2754 1656 2793 wil.

922 2808 1165 2849 Ghewiszlick
1220 2814 1279 2851 die
1326 2815 1364 2852 in
1410 2815 1660 2865 duysternisse

920 2873 1108 2914 wandelcn
1137 2877 1261 2916 kenne
1289 2884 1335 2918 wt
1354 2878 1418 2916 der
1435 2879 1562 2919 zeluen
1582 2883 1658 2931 niet
