1818 3178
725 95 784 123 ΕΡ.
814 94 958 123 DOCTR.
1533 86 1604 126 557

83 199 252 238 nondum
297 201 468 250 possunt,
504 198 657 249 vultque
696 196 783 235 illos
820 196 986 234 iustitiae
1023 195 1229 245 signaculis
1276 195 1512 234 communiri.
1567 195 1614 233 In

85 276 231 301 summa
269 262 414 301 nullum
442 261 675 300 infirmitatis
702 274 822 311 genus
849 263 935 309 (53)
963 260 1115 311 excipit,
1142 259 1208 311 qui
1235 259 1340 297 illam
1369 259 1482 298 semel
1510 259 1550 297 in
1578 273 1617 297 se

82 331 269 379 receptam
304 327 403 364 ultro
444 330 562 364 totam
598 326 748 377 perfert,
786 323 849 362 scd
886 337 950 362 eos
987 324 1086 362 solos
1123 337 1198 362 non
1238 324 1410 373 agnoscit
1438 324 1503 375 qui
1532 325 1613 362 solo

84 396 298 442 contemptu
344 404 422 429 sese
457 390 506 428 ab
543 391 624 441 ipso
661 389 879 428 excludunt.
938 388 1006 427 Est
1040 388 1157 438 igitur
1193 389 1314 427 nostri
1350 388 1475 438 imago
1511 389 1617 427 iuxta

84 455 375 507 promissionum
415 454 641 500 doctrinam,
678 467 747 492 nos
774 453 874 491 filios
902 452 972 490 Dei
1000 466 1094 499 esse,
1120 453 1186 503 qui
1215 452 1292 490 irae
1319 465 1362 490 ac
1389 453 1521 490 mortis
1548 453 1618 490 filii

81 533 241 564 eramus,
269 532 349 557 esse
376 519 485 569 regni
514 518 667 557 coelesti
695 517 886 563 haeredes,
914 517 978 568 qui
1007 518 1076 554 sub
1105 521 1297 568 peccatum
1320 517 1501 562 conclusi,
1520 517 1618 555 servi

83 584 272 622 Sathanae
298 597 458 630 eramus,
489 583 650 621 breviter
677 595 757 620 esse
784 581 821 619 id
850 581 952 632 quod
981 580 1153 619 Christus
1181 585 1249 626 est,
1277 581 1308 618 si
1335 581 1393 618 illi
1419 581 1618 627 credimus,

85 647 389 700 quandoquidem
418 648 482 685 ille
509 661 589 685 esse
617 647 749 691 voluit,
776 646 877 697 quod
907 659 975 684 nos
1004 659 1146 690 sumus,
1174 650 1214 683 ut
1242 646 1298 683 illi
1320 646 1514 684 credamus
1533 659 1617 697 per-

83 725 154 762 que
181 712 288 749 illum
316 725 519 750 servemur.
548 711 662 758 Deus,
688 711 796 749 Pater
825 710 1076 757 omnipotens,
1104 710 1168 761 qui
1196 723 1266 747 nos
1293 710 1333 748 in
1361 724 1441 748 eam
1469 711 1537 749 filii
1561 711 1618 748 sui

84 776 285 825 imaginem
328 776 431 814 iuxta
472 776 661 827 copiosam
701 789 805 813 suam
833 774 1127 812 misericordiam
1157 774 1341 823 regennit,
1367 774 1481 813 addat
1508 774 1619 812 uobis

84 840 266 891 Spiritum
295 853 402 878 suum
431 842 612 879 Sanctum
642 844 681 878 ut
709 853 778 877 nos
807 839 846 877 in
876 839 944 876 hac
971 839 1051 889 ipsa
1081 838 1244 888 imagine
1272 840 1400 877 firmos
1429 852 1471 877 ac
1501 839 1619 877 stabi-

85 905 138 943 les
166 918 231 956 per
257 905 368 943 fidem
398 905 559 943 retineat
586 905 792 955 efficiatque
828 908 868 941 ut
901 904 1005 941 illam
1034 904 1108 942 vita
1136 904 1248 942 etiam
1277 908 1405 942 nostra
1425 917 1491 955 pro
1512 904 1617 943 infir·

84 969 212 1008 mitate
242 974 373 1008 nostra
402 970 658 1022 exprimamus
685 969 733 1008 ad
762 968 952 1007 Ecclesiae
980 981 1067 1007 suae
1094 968 1406 1007 aedificationem.

136 1170 329 1208 Hactenus
358 1170 402 1208 de
431 1169 602 1209 doctrina
631 1170 810 1209 Ecclesiis
838 1172 979 1210 nostris
1005 1172 1189 1210 tradenda
1216 1173 1374 1221 egimus,
1402 1185 1497 1223 quae
1517 1172 1615 1210 circa

85 1234 156 1272 Dei
194 1234 305 1272 simul
341 1247 384 1272 ac
420 1235 542 1272 nostri
580 1235 798 1284 cognitione
827 1240 1007 1281 versatur,
1036 1241 1074 1274 ut
1104 1241 1225 1274 certus
1254 1237 1356 1274 illius
1384 1249 1519 1288 scopus
1546 1237 1616 1274 ali·

83 1299 167 1350 quis
196 1299 325 1337 haberi
352 1300 473 1350 possit
501 1305 536 1337 et
565 1300 612 1337 sit
640 1300 752 1338 etiam
788 1300 887 1338 unde
914 1305 1061 1352 petatur
1089 1300 1213 1338 omnis
1243 1301 1437 1339 doctrinae
1465 1305 1618 1339 nostrae

82 1363 192 1408 ratio,
227 1363 267 1401 in
295 1376 367 1414 qua
395 1363 614 1414 praesertim
645 1377 721 1401 non
749 1364 879 1415 opium
907 1370 971 1402 aut
999 1366 1250 1408 fortunarum,
1278 1379 1356 1403 non
1384 1366 1480 1403 vitae
1509 1365 1619 1403 huius

83 1439 172 1464 mox
215 1427 414 1478 periturae,
458 1426 521 1464 sed
568 1432 633 1465 aut
672 1428 804 1466 salutis
841 1432 904 1467 aut
942 1428 1196 1467 damnationis
1237 1434 1409 1467 aeternae
1443 1429 1540 1467 ratio
1577 1443 1620 1468 ac

83 1505 227 1530 summa
255 1496 333 1530 tota
363 1496 543 1530 versatur.
581 1492 739 1543 Egimus
767 1498 889 1531 autem
919 1507 960 1532 ea
988 1494 1073 1540 fide,
1101 1507 1214 1545 quam
1244 1508 1312 1532 nos
1341 1508 1418 1532 non
1446 1494 1618 1545 equidem

86 1556 306 1595 hominibus
334 1559 419 1608 (pro
448 1557 603 1595 minimo
632 1558 731 1595 enim
760 1558 871 1596 nobis
899 1564 954 1596 est
982 1558 1140 1596 iudicari
1168 1559 1215 1596 ab
1245 1559 1408 1597 humano
1439 1557 1527 1606 die),
1556 1559 1620 1597 sed

83 1621 296 1658 inevitabili
333 1621 423 1658 olim
461 1621 630 1659 omnium
668 1622 862 1660 hominum
899 1636 942 1660 ac
971 1622 1166 1661 doctorum
1195 1622 1311 1660 iudici
1339 1622 1620 1674 approbaturos

84 1698 164 1724 esse
201 1685 353 1723 minime
391 1686 621 1725 dubitamus.
676 1687 834 1725 Interim
864 1692 989 1726 tamen
1017 1687 1162 1725 iudicio
1192 1687 1334 1726 Christi
1362 1688 1620 1726 Ecclesiarum

85 1750 343 1788 submittimus
381 1750 518 1796 omnia,
553 1751 675 1801 parati
711 1765 756 1789 ex
793 1752 919 1790 animo
953 1753 1130 1791 assentiri
1166 1766 1309 1804 semper
1338 1753 1527 1797 omnibus,
1555 1753 1620 1804 qui

83 1827 129 1851 ex
158 1814 272 1852 verbo
301 1813 371 1852 Dei
399 1814 599 1852 docuerint
626 1816 793 1855 meliora.
821 1817 903 1854 Imo
934 1829 1020 1854 vero
1050 1816 1121 1854 hoc
1141 1817 1293 1855 nomine
1312 1817 1453 1867 gratias
1474 1831 1622 1869 quoque

83 1878 160 1916 illis
188 1891 354 1927 agemus.
386 1878 520 1929 Neque
547 1879 645 1917 enim
675 1879 777 1918 aliud
806 1881 1018 1931 quaerimus
1047 1894 1158 1932 quam
1186 1886 1228 1919 ut
1257 1881 1398 1919 Christi
1420 1894 1558 1920 nomen
1578 1895 1622 1920 ac

83 1944 208 1992 gloria
245 1942 367 1981 indies
394 1944 515 1992 magis
544 1956 587 1981 ac
613 1944 734 1993 magis
762 1945 839 1982 sive
866 1958 931 1996 per
959 1958 1027 1983 nos
1057 1945 1134 1982 sive
1161 1958 1226 1996 per
1254 1946 1348 1983 alios
1376 1958 1621 1997 quoscunque

86 2008 125 2046 in
153 2008 233 2046 eius
262 2008 431 2046 Ecclesia
462 2012 701 2059 propagetur.
750 2010 864 2048 Illum
894 2010 993 2048 enim
1022 2016 1170 2061 oportet
1199 2024 1375 2056 crescere,
1401 2024 1471 2049 nos
1500 2015 1624 2049 autem

87 2072 217 2110 minui.
264 2072 329 2109 Illi
356 2073 436 2110 laus
465 2078 500 2111 et
527 2072 724 2123 imperium
754 2087 836 2112 cum
866 2075 975 2113 Patre
1003 2078 1039 2113 et
1067 2076 1205 2113 Sancto
1236 2075 1379 2126 Spiritu
1407 2075 1447 2114 in
1476 2075 1622 2114 saecula

88 2137 335 2176 saeculorum.
365 2141 505 2177 Amen.

141 2267 376 2319 Sequitur
413 2267 460 2305 in
489 2267 650 2305 eodeni
690 2266 743 2304 M.
774 2267 811 2304 S.
841 2266 1240 2315 Regiomontano
1269 2268 1504 2319 epistola,
1532 2282 1621 2321 qua

89 2332 275 2371 uberius
304 2345 425 2370 suam
454 2332 504 2370 de
533 2345 672 2370 coena
693 2339 885 2370 mentem
905 2332 1152 2383 explicuit,
1173 2333 1623 2373 hocornatatitulo:

239 2460 325 2507 (55)
345 2458 527 2508 Epistola
554 2459 605 2496 ad
629 2458 783 2496 amicum
808 2459 999 2506 quemdam
1028 2459 1178 2498 doctam
1206 2463 1354 2510 scripta
1381 2462 1463 2499 dum
1491 2475 1624 2512 aeyro-

392 2529 508 2562 tarem
536 2523 579 2561 de
605 2523 726 2561 verbi-9
759 2526 900 2561 Ooenae
927 2524 1093 2569 Domini,
1121 2529 1164 2562 ut
1193 2530 1341 2571 vocant,
1369 2527 1436 2575 qui
1455 2531 1622 2565 nostram

395 2588 441 2626 de
479 2590 600 2626 Coena
637 2587 847 2625 doctrinam
873 2600 917 2624 esc
944 2590 1105 2626 Patrum
1133 2593 1169 2627 et
1201 2590 1447 2628 Ooneillorum
1475 2592 1624 2629 autori-

394 2656 476 2690 tate
502 2652 731 2701 impuqnare,
758 2651 879 2689 amice
901 2655 1039 2695 tamen,
1065 2655 1285 2692 conabatur.

144 2782 261 2821 Dabis
291 2782 382 2821 mihi
412 2781 570 2827 veniam,
597 2780 653 2820 uir
681 2781 916 2821 doctissime!
946 2783 1047 2834 quod
1074 2783 1121 2821 ad
1149 2787 1250 2822 tuam
1270 2784 1479 2836 Epistolam
1500 2785 1617 2824 serius

90 2847 187 2887 forte
222 2848 481 2900 respondeam.
534 2847 582 2886 In
618 2860 729 2886 causa
756 2852 813 2887 est
840 2847 1013 2888 valetudo
1041 2861 1136 2898 mea,
1162 2863 1258 2902 quae
1286 2849 1490 2890 etiamnum
1519 2851 1617 2895 eius·
