1818 3178
182 104 255 139 490
841 112 895 138 ΕΡ.
930 112 1070 139 nocra.

182 211 413 250 infirmitatis
451 213 601 249 nostrae
629 209 775 250 medico
806 210 974 256 Christo,
1001 211 1066 262 qui
1094 211 1197 249 illam
1234 211 1454 251 sufficientia
1481 225 1548 250 sua
1578 216 1705 251 eonte-

182 281 286 326 geret
320 289 519 326 secumque
554 275 594 313 in
632 276 778 314 eoelum
812 276 1047 314 transferret.
1101 275 1215 314 Unde
1251 277 1398 315 demum
1446 276 1555 315 nohis
1591 277 1704 315 etiam

181 340 349 379 innotuit
383 340 476 378 alter
511 340 577 377 ille
611 339 761 378 divinae
794 339 963 378 iustitiae
1001 340 1098 382 finis,
1132 344 1174 377 ut
1208 341 1395 386 omnibus,
1422 341 1523 392 quod
1549 341 1706 392 quisque

184 408 345 442 meretur
372 403 516 442 reddat.
570 404 687 441 Porro
723 404 816 442 alter
852 403 913 441 hic
941 403 1090 442 divinae
1117 403 1282 443 iustitiae
1308 406 1407 450 finis,
1434 406 1504 444 etsi
1531 409 1706 444 aeternus

183 471 233 508 sit
265 470 345 520 ipse
382 469 494 507 etiam
530 473 642 520 atque
676 468 941 514 immutabilis,
975 482 1052 507 non
1090 469 1204 507 violat
1241 473 1365 508 tamen
1399 472 1559 521 priorem
1597 471 1704 509 illum

184 533 410 571 correctivae
436 533 603 571 iustitiae
629 535 755 580 finem,
781 546 855 584 quo
884 546 953 571 nos
981 534 1062 571 vult
1089 533 1190 572 Deus
1218 546 1347 572 omnes
1367 535 1489 573 salvos
1509 534 1602 573 fieri.
1632 533 1704 573 Sed

183 598 497 649 quemadmodum
528 598 690 636 conditis
717 597 861 648 angelis
890 611 1018 636 omnes
1046 611 1109 636 eos
1138 599 1276 637 servari
1303 599 1435 644 voluit,
1461 604 1645 650 quatenus
1673 600 1707 638 ei

183 665 361 702 adherere
397 663 614 715 gloriaeque
650 663 729 701 eius
766 663 978 700 subservire
1012 662 1233 708 voluissent,
1258 662 1314 701 ita
1342 666 1377 700 et
1405 663 1604 701 nobiscum
1631 668 1706 702 stat

182 729 408 767 inconcussa
443 741 544 766 nunc
577 727 680 765 illius
717 728 892 765 voluntas
929 726 1054 772 etiam,
1091 731 1131 765 ut
1166 740 1236 764 nos
1273 727 1414 765 servari
1449 740 1579 765 omnes
1608 728 1708 773 velit,

184 797 368 843 quatenus
406 792 572 830 oblatam
609 791 712 829 illius
748 790 908 840 gratiam
945 791 984 828 in
1024 791 1174 828 Christo
1205 804 1282 829 non
1311 795 1606 829 contemnamus.
1660 792 1706 829 In

188 856 259 894 hoe
286 856 386 894 enim
424 856 503 893 solo
531 856 719 906 placatum
750 868 788 892 se
815 868 895 892 esse
922 858 1090 901 testatur,
1120 859 1156 892 et
1185 855 1357 892 Christus
1386 855 1543 905 ipsemet
1571 855 1708 893 diserte

183 922 335 966 fatetur,
364 934 446 958 eum
474 920 538 972 qui
565 920 605 958 in
633 933 671 958 se
700 919 826 957 credat
855 932 932 956 non
959 919 1120 970 amplius
1147 920 1188 957 in
1215 920 1334 957 ullum
1360 920 1545 958 iudicium
1572 924 1705 958 ventu·

183 997 266 1022 rum
295 997 386 1022 esse.
418 985 465 1021 Se
493 983 594 1021 enim
622 983 767 1021 venisse
796 995 872 1020 non
901 986 941 1019 ut
967 981 1107 1020 iudicet
1134 983 1316 1020 mundum
1344 982 1408 1020 sed
1435 988 1477 1020 ut
1502 996 1567 1033 per
1586 982 1706 1033 ipsum

184 1046 326 1096 (quoad
371 1045 450 1083 eius
494 1045 575 1082 fieri
620 1046 764 1096 posset)
801 1046 964 1081 mundus
1001 1044 1196 1082 universus
1234 1048 1414 1083 servetur.
1468 1045 1558 1083 Vult
1594 1044 1713 1094 igitur·

182 1110 370 1148 Dominus
405 1115 448 1147 ut
484 1122 613 1147 omnes
651 1121 853 1152 servemur,
889 1108 920 1145 si
956 1108 1011 1145 illi
1038 1108 1315 1154 adhaereamus,
1343 1113 1379 1147 et
1406 1109 1582 1147 omnibus
1609 1109 1706 1146 inte-

183 1172 266 1219 rim,
304 1173 405 1223 quod
442 1172 600 1224 quisque
626 1175 801 1215 meretur,
827 1170 962 1215 reddit,
991 1171 1028 1210 h.
1057 1184 1101 1216 e.‚
1128 1170 1253 1222 impiis
1280 1184 1432 1222 poenas,
1457 1171 1528 1222 piis
1555 1172 1710 1222 premia,

183 1251 302 1288 neque
331 1237 375 1275 de
403 1250 446 1275 eo
475 1236 582 1274 aliter
609 1240 672 1274 aut
700 1235 833 1273 docere
861 1240 924 1272 aut
952 1235 1062 1273 etiam
1092 1235 1240 1273 eredere
1268 1235 1458 1273 debemus.
1487 1237 1548 1284 (6)

470 1369 484 1416 §
514 1370 550 1405 6.
604 1368 720 1404 Deum
747 1366 1018 1404 misericordem
1046 1365 1200 1415 aquoso-i
1227 1370 1412 1414 oportere.

234 1497 290 1535 De
317 1494 498 1534 ineffabili
527 1495 595 1533 Dei
622 1494 880 1532 misericordia
907 1495 1105 1533 innumera
1126 1495 1265 1545 ubique
1284 1493 1498 1533 testimonia
1518 1495 1710 1540 habemus,

184 1561 249 1599 sed
281 1560 426 1612 psalmo
466 1562 536 1598 103
575 1560 627 1596 ita
663 1559 844 1610 graphice
872 1559 1089 1610 depingitur
1118 1572 1203 1596 cum
1231 1551 1408 1597 omnibus
1436 1560 1706 1611 propemodum

183 1626 261 1663 suis
287 1625 471 1676 partibus,
497 1628 539 1662 ut
566 1624 598 1662 si
624 1623 750 1674 aliqua
776 1624 880 1661 illius
908 1624 1034 1672 imago
1060 1624 1303 1674 proponenda
1330 1628 1440 1669 esset,
1467 1625 1572 1663 illinc
1592 1626 1709 1676 potis-

183 1691 319 1728 simum
347 1690 423 1741 peti
451 1689 623 1740 sumique
651 1689 813 1726 deberet.
869 1688 1000 1725 Refert
1028 1688 1128 1725 enim
1156 1688 1236 1725 illic
1262 1689 1445 1739 propheta
1474 1702 1624 1727 eausam
1652 1691 1708 1728 di·

183 1755 292 1793 vinae
327 1755 367 1793 in
404 1754 515 1792 nobis
553 1753 844 1799 misericordiae,
882 1754 996 1791 refert
1025 1752 1103 1790 eius
1133 1753 1264 1800 officia,
1290 1753 1395 1792 addit
1422 1754 1513 1792 item
1539 1758 1586 1792 ad
1614 1770 1709 1807 quos

182 1834 225 1859 ea
252 1819 449 1871 pertineat.
481 1819 642 1857 Causam
668 1818 790 1856 adfert
818 1831 920 1856 eam:
950 1818 1066 1863 Quia,
1092 1817 1228 1868 inquit,
1245 1817 1400 1867 agnovit
1420 1818 1562 1869 plasma
1587 1834 1708 1860 suum.

183 1886 279 1924 Cum
315 1884 412 1923 enim
440 1884 478 1921 id
506 1887 676 1935 posceret
704 1883 833 1921 divina
859 1882 963 1920 illius
990 1883 1124 1932 gloria,
1152 1887 1194 1920 ut
1223 1887 1391 1921 creatura
1421 1888 1587 1923 creatore
1613 1890 1712 1924 esset

182 1950 340 1988 inferior
379 1949 611 1999 salutemque
647 1961 751 1986 suam
789 1947 837 1985 ab
864 1947 931 1984 illo
960 1951 1078 1985 totam
1107 1950 1350 1998 exspectaret,
1376 1951 1488 1998 atque
1515 1962 1619 1986 suam
1647 1949 1710 1987 ille

181 2016 292 2055 etiam
331 2015 508 2053 virtutem
543 2014 584 2052 iu
620 2019 751 2051 nostra
787 2013 1006 2051 infirmitate
1033 2012 1223 2050 illustrare
1245 2005 1455 2058 statuisset,
1492 2014 1610 2053 voluit
1639 2015 1710 2053 hoe

181 2094 271 2120 sane
298 2085 339 2118 ut
367 2093 431 2131 per
458 2092 575 2117 unum
603 2077 709 2116 Adae
736 2077 859 2116 nostri
875 2077 1042 2129 parentis
1060 2081 1253 2128 peecatum
1274 2089 1405 2115 omnes
1425 2078 1494 2115 sub
1519 2082 1708 2122 ἀπειθίαν

184 2144 506 2184 concluderemur.
560 2142 634 2181 Sed
669 2142 788 2180 voluit
824 2142 976 2180 interim
1004 2146 1142 2187 tamen,
1168 2146 1211 2179 ut
1239 2154 1281 2179 ea
1308 2142 1392 2193 ipsa
1420 2146 1550 2180 nostra
1577 2142 1709 2181 inobe-

184 2209 325 2249 dientia
360 2222 430 2247 nos
466 2208 514 2246 ab
550 2207 656 2246 omni
689 2220 844 2258 prorsus
872 2206 1003 2245 salutis
1031 2220 1096 2258 spe
1123 2206 1339 2244 excluderet
1365 2206 1608 2258 obstaretque
1635 2208 1708 2246 iam

182 2276 353 2321 omnino,
387 2273 589 2325 quominus
625 2272 765 2310 servari
793 2271 967 2322 deinceps
995 2271 1114 2322 ipsius
1143 2270 1326 2309 beneficio
1354 2283 1562 2322 possemus.
1617 2271 1709 2310 Vult

182 2340 282 2378 enim
319 2337 567 2377 nihilominus
604 2350 734 2374 omnes
770 2337 894 2374 salvos
921 2336 1014 2379 fieri,
1040 2335 1355 2386 quemadmodum
1382 2334 1421 2373 in
1449 2335 1573 2386 priore
1599 2335 1708 2374 iusti-

181 2405 256 2442 tiae
291 2417 378 2441 suae
413 2404 488 2441 fine
522 2401 751 2439 declaratum
787 2405 842 2439 est
876 2404 913 2438 et
948 2399 1109 2451 proinde
1144 2400 1183 2437 in
1221 2399 1452 2438 sublevanda
1482 2401 1551 2437 hac
1579 2405 1707 2438 nostra

183 2468 400 2506 infirmitate
429 2467 498 2505 sub
526 2480 640 2518 quam
667 2479 736 2503 nos
763 2465 921 2516 ipsemet
950 2464 1198 2509 concluserat,
1233 2463 1423 2502 declarare
1450 2464 1568 2502 veluit
1594 2464 1707 2502 etiam

184 2546 289 2572 suam
316 2533 357 2570 in
384 2545 455 2570 nos
481 2530 792 2576 misericordiam,
819 2534 871 2576 ut,
898 2530 970 2568 etsi
998 2542 1039 2567 ea
1065 2529 1265 2567 infirmitas
1290 2528 1401 2567 nobis
1419 2529 1645 2566 adnascatur
1662 2541 1707 2566 ac

182 2610 247 2649 per
282 2609 431 2633 omnem
465 2595 579 2633 vitam
615 2598 792 2646 perpetuo
828 2594 1041 2637 adhaereat,
1079 2593 1226 2631 nullum
1262 2597 1387 2631 tamen
1424 2592 1534 2630 nobis
1562 2592 1706 2630 adferat

184 2667 450 2700 nocumentum
486 2662 638 2710 propter
675 2659 881 2704 Christum,
918 2658 948 2696 si
986 2658 1095 2696 huius
1130 2658 1228 2695 tanti
1255 2657 1313 2694 sui
1341 2656 1514 2694 beneficii
1543 2655 1618 2692 vim
1646 2656 1705 2694 in-

183 2724 416 2776 gratitudine
449 2723 522 2774 ipsi
559 2727 688 2761 nostra
723 2737 744 2761 a
783 2722 894 2760 nobis
932 2736 1009 2760 non
1035 2721 1298 2773 propellamus.
1354 2720 1553 2758 Miseretur
1580 2719 1705 2770 itaque

183 2790 305 2830 nostri
340 2789 453 2832 Deus,
489 2787 578 2838 quia
611 2787 717 2825 novit
753 2788 895 2838 plasma
932 2800 1040 2824 suum
1068 2785 1163 2824 nihil
1190 2785 1294 2823 aliud
1320 2797 1431 2835 quam
1458 2783 1588 2821 limum
1615 2797 1708 2829 esse,

189 2855 248 2897 eui
274 2859 380 2898 tanta
406 2853 454 2894 sit
474 2853 610 2895 adnata
630 2851 840 2900 infirmitas,
860 2856 900 2889 ut
917 2851 1023 2891 illum
1042 2851 1083 2891 in
1102 2854 1259 2889 mortem
1279 2853 1467 2889 aeternam
1487 2849 1576 2888 ferri
1595 2862 1706 2901 opor-
