1818 3178
593 141 641 166 nr,
669 142 833 170 onalsri
862 142 1181 171 JNCARNA'HONE.
1600 137 1643 172 15

133 238 307 276 Testatur
332 239 431 276 enim
461 240 626 290 ipsemet,
664 256 700 280 se
728 257 802 281 non
832 245 882 282 ita
910 245 1144 295 semetipsum
1173 245 1350 283 inaniisse
1378 249 1523 295 sumpta
1550 246 1589 282 in
1610 259 1648 283 se

127 303 247 339 forma
277 308 423 340 nostrae
452 305 650 348 servitutis,
677 313 718 343 ut
745 309 901 344 formam
931 308 999 345 Dei
1027 321 1177 358 prorsus
1199 309 1407 360 deposuerit
1428 309 1647 346 deseruerit-

128 380 182 409 ve,
219 367 315 417 quod
354 368 503 417 quidem
540 370 619 406 fieri
655 372 890 421 oportuisset,
926 373 957 409 si
984 385 1048 422 per
1074 373 1208 423 prioris
1236 375 1375 410 formae
1402 371 1647 411 desertionem

127 436 290 467 nostram
331 432 486 469 formam
525 435 798 484 assumpsisset,
825 449 910 472 nam
938 440 974 472 et
1003 437 1040 472 in
1069 437 1180 473 caelis
1207 449 1245 473 se
1271 437 1410 474 interea
1438 437 1551 474 fuisse
1579 437 1646 474 do-

126 500 194 537 cel,
232 508 313 532 cum
356 496 415 532 hie
451 497 489 534 in
525 499 632 535 terris
672 499 863 536 nobiscum
902 505 1046 548 ageret:
1083 501 1131 537 Et
1159 502 1289 538 faciem
1321 515 1423 539 suam
1452 507 1490 539 ut
1520 503 1649 549 solem,

126 566 317 609 vestesque
344 560 430 598 item
460 575 543 599 suas
572 569 610 599 ut
641 565 759 600 nivem
789 564 980 614 splendere
1009 564 1110 602 facit.
1142 565 1245 602 Quid
1275 579 1372 611 vero,
1401 567 1487 604 dum
1517 580 1647 616 aegro-

124 628 181 660 tos
218 633 336 667 sanat,
373 631 539 663 mortuos
577 628 744 669 suscitat,
779 633 814 664 et
849 627 967 677 (quod
1008 628 1077 664 soli
1107 628 1185 665 Deo
1214 634 1270 667 est
1297 631 1505 681 proprium)
1535 632 1646 669 verbo

123 694 272 737 peecata
310 690 518 736 condonat3
556 705 600 728 an
637 697 673 729 et
708 697 785 729 tum
815 705 961 742 quoque
989 705 1026 729 se
1053 693 1103 729 ita
1132 694 1277 739 inaniit,
1304 700 1346 732 ut
1374 696 1512 733 nullam
1541 709 1648 746 pror-

124 764 185 788 sus
224 752 292 789 Dei
328 755 485 791 formam
523 756 700 805 reliquam
741 756 837 805 apud
875 769 913 792 se
950 755 1130 793 haberet?
1183 757 1422 808 Perspicuum
1452 765 1507 796 est
1533 760 1649 809 igitur

123 815 192 852 hoc
212 816 316 853 Pauli
336 818 430 860 loco,
451 819 486 856 et
504 821 658 856 formam
679 820 785 862 servi,
805 833 913 869 quam
929 820 979 867 (B
993 820 1076 867 viifl)
1098 820 1215 858 Filius
1237 822 1305 859 Dei
1324 825 1647 874 assumpsit,aliud

121 891 194 916 non
216 892 306 923 esse,
326 894 433 930 quam
458 895 603 919 earnem
627 882 867 919 humanitatis
888 888 1153 932 nostrae.quae
1163 889 1217 921 est
1230 885 1435 934 ipsissimus
1448 887 1648 931 character,

120 943 239 980 forma
277 958 319 980 ae
355 947 494 995 species
532 952 682 983 nostrae
719 946 929 992 servitutis;
959 945 996 983 et
1022 946 1268 984 inanitionem
1296 949 1391 986 idem
1422 951 1530 1000 plane
1557 965 1649 994 esse,

120 1008 219 1057 quod
251 1009 559 1055 humiliationem,
586 1024 704 1061 neque
731 1024 839 1061 posse
868 1011 1080 1048 doctrinam
1110 1017 1209 1049 tuam
1241 1026 1321 1050 eum
1350 1014 1455 1052 Pauli
1476 1015 1647 1055 doctrina

121 1070 191 1108 hoe
226 1073 308 1109 Ioco
348 1075 560 1117 consistere,
597 1075 662 1124 qui
691 1088 764 1112 non
794 1080 892 1112 reete
919 1076 1130 1123 germanice
1157 1077 1323 1115 redditus
1351 1081 1467 1129 (quod
1497 1082 1644 1131 quidem

118 1136 163 1172 ad
195 1137 345 1175 verbum
373 1139 565 1176 inaniendi
593 1140 744 1187 attinet)
771 1141 888 1177 errori
916 1141 1012 1178 forte
1039 1146 1104 1178 tuo
1132 1142 1367 1179 occasionem
1395 1143 1509 1183 dedit.
1565 1146 1646 1183 Ha·

120 1200 247 1238 bemus
275 1214 362 1250 ergo
390 1215 434 1239 ex
464 1203 534 1239 hoc
561 1203 668 1240 Pauli
695 1204 791 1247 loco,
820 1204 987 1241 Verbum
1015 1205 1106 1242 illud
1136 1205 1368 1244 adorandum
1386 1208 1501 1258 (quod
1523 1214 1579 1246 est
1596 1211 1644 1248 ab

116 1270 265 1302 aeterno
286 1271 321 1303 et
339 1267 377 1303 in
398 1271 588 1304 aeternum
602 1267 719 1316 Deus)
732 1269 869 1305 factum
883 1269 1158 1307 essehominem
1172 1271 1334 1309 nonulla
1356 1274 1645 1312 commutatione

115 1329 249 1379 prioris
278 1343 364 1367 suae
389 1330 620 1374 existentiae,
648 1345 766 1382 neque
794 1333 880 1370 item
909 1333 1044 1384 prioris
1065 1335 1207 1372 formae
1226 1348 1312 1373 suae
1330 1335 1560 1376 desertione:
1582 1339 1644 1377 sed

116 1393 370 1443 assumptione
399 1395 520 1432 earnis
549 1401 698 1434 nostrae
725 1410 789 1448 per
817 1397 1063 1436 voluntariam
1091 1399 1208 1450 ipsius
1237 1400 1548 1441 humiliationem.

167 1457 281 1495 Hune
310 1471 421 1509 porro
452 1460 724 1499 humiliationis
753 1462 972 1500 Dominieae
999 1464 1164 1508 modum,
1192 1478 1264 1515 quo
1287 1466 1474 1504 servitutis
1494 1471 1643 1507 nostrae

114 1521 270 1558 formam
304 1521 344 1559 in
380 1535 418 1560 se
453 1524 517 1561 ille
551 1526 702 1576 recepit,
736 1526 986 1576 pulcherrime
1022 1527 1132 1565 nobis
1170 1528 1347 1567 describit
1380 1530 1478 1568 idem
1506 1532 1642 1570 Paulus

112 1585 151 1621 in
187 1585 358 1635 Epistola
393 1587 439 1624 ad
476 1588 682 1635 Hebraeos,
723 1591 842 1641 capite
879 1591 917 1635 ii,
945 1591 1127 1642 simulque
1154 1599 1191 1630 et
1217 1592 1348 1631 Divini
1375 1594 1415 1631 in
1443 1595 1512 1632 hae
1538 1601 1642 1646 parte

113 1647 262 1683 consilii
297 1648 480 1686 rationem
516 1651 683 1700 exponit.
737 1651 851 1690 Quod
890 1653 1060 1691 videlicet
1096 1654 1206 1692 Pater
1242 1654 1340 1692 Deus
1376 1656 1493 1694 filium
1532 1671 1640 1696 suum

112 1709 295 1748 honorare
323 1712 492 1757 voluerit,
520 1714 606 1751 dato
633 1715 688 1752 illi
706 1716 808 1754 iuxta
828 1717 1101 1767 providentiam
1122 1732 1225 1756 suam
1244 1732 1373 1769 regnO,
1392 1721 1490 1771 quod
1513 1723 1639 1761 multis

111 1775 199 1811 filiis
234 1775 272 1812 in
308 1776 463 1824 gloriam
503 1780 652 1827 (merito
690 1783 774 1829 suo)
810 1781 981 1819 adductis
1017 1787 1216 1822 constaret.
1272 1784 1357 1822 Quo
1394 1793 1503 1835 pacto
1540 1787 1639 1825 enim

112 1839 191 1877 Rex
219 1845 325 1885 esset,
351 1847 413 1880 aut
440 1843 490 1891 (B
521 1844 607 1889 viib)
637 1846 771 1895 quibus
798 1846 1008 1897 imperaret,
1041 1848 1071 1885 si
1100 1849 1224 1886 nullos
1254 1851 1358 1898 regni
1386 1850 1442 1888 sui
1470 1851 1568 1889 cives
1595 1865 1639 1889 ac

112 1903 304 1941 ministros
339 1905 516 1944 haberet?
570 1909 684 1946 Porro
723 1923 804 1947 eum
842 1911 877 1948 id
917 1911 1053 1949 Divina
1087 1918 1255 1962 posceret
1292 1913 1443 1960 iustitia,
1471 1920 1511 1953 ut
1538 1916 1639 1966 quod

113 1980 174 2017 per
213 1980 358 2006 earnem
401 1976 565 2008 nostram
603 1972 642 2010 in
678 1973 815 2011 lumbis
854 1974 958 2012 Adae
999 1976 1212 2014 conclusam
1241 1990 1574 2027 promerueramus,
1600 1980 1640 2017 id

109 2031 230 2082 ipsum
268 2032 305 2069 in
341 2033 468 2072 eadem
505 2048 614 2074 carne
642 2042 769 2075 nostra
798 2038 907 2076 etiam
938 2039 1228 2090 dependeretur:
1258 2055 1326 2080 nos
1354 2056 1440 2080 vero
1468 2044 1505 2081 id
1533 2058 1638 2095 prae·

111 2101 209 2133 stare
245 2110 319 2134 non
358 2111 570 2148 possemus3
608 2106 644 2138 et
678 2106 804 2140 tamen
841 2103 879 2140 in
908 2103 979 2141 hoe
1007 2106 1148 2143 conditi
1176 2119 1195 2143 a
1224 2106 1301 2144 Deo
1331 2120 1505 2155 essemus,
1531 2115 1571 2147 ut
1598 2110 1639 2149 in

109 2160 267 2209 gloriam
285 2163 389 2211 regni
409 2164 652 2203 nihilominus
672 2167 958 2215 adduceremur;
978 2191 1028 2198 —
1048 2172 1215 2221 Aequum
1230 2171 1300 2208 hoc
1321 2172 1533 2212 hauddubie
1544 2175 1638 2214 fuis-

109 2238 159 2264 se.
196 2232 235 2262 ut
270 2226 313 2267 is,
347 2233 497 2278 propter
530 2243 638 2279 quem
675 2237 761 2269 sunt
796 2232 922 2269 omnia
951 2238 987 2271 et
1014 2247 1078 2284 per
1107 2248 1216 2285 quem
1246 2242 1332 2273 sunt
1360 2238 1498 2284 omnia,
1526 2239 1639 2286 Deus,

109 2288 267 2327 Divinae
312 2291 372 2328 hic
409 2305 494 2330 suae
528 2293 607 2343 ipse
643 2294 804 2334 iustitiae
844 2297 1073 2336 satisfaceret
1110 2312 1173 2349 per
1210 2313 1312 2337 suam
1354 2302 1557 2341 bonitatem
1594 2318 1638 2343 ac

109 2354 422 2393 misericordiam:
452 2370 494 2394 ac
522 2357 660 2396 donato
689 2360 797 2398 nobis
824 2361 1018 2409 unigenito
1046 2363 1122 2399 filio
1153 2376 1231 2408 sue,
1253 2369 1290 2401 ut
1307 2364 1486 2418 Princeps
1507 2369 1637 2408 salutis

107 2422 256 2455 nostrae
283 2425 392 2463 esset,
419 2422 618 2470 perfectum
648 2423 752 2461 illum
781 2437 845 2475 per
871 2439 932 2463 eas
959 2426 1072 2476 ipsas,
1091 2440 1182 2477 quas
1202 2442 1270 2467 nos
1291 2442 1639 2481 commerueramus,

108 2481 340 2527 afflictiones,
377 2483 415 2520 in
453 2497 562 2522 carne
599 2492 726 2524 nostra
760 2489 940 2533 redderet,
976 2503 1049 2540 quo
1086 2497 1118 2528 et
1149 2505 1217 2529 nos
1245 2506 1308 2543 per
1335 2494 1456 2544 ipsum
1485 2498 1638 2547 perfecti

108 2544 217 2582 simul
255 2547 501 2592 redderemur,
537 2556 717 2600 quatenus
754 2557 895 2590 tantum
935 2554 1152 2593 beneficium
1190 2570 1265 2595 non
1295 2563 1636 2610 contemneremus3

108 2609 282 2647 nimirum
321 2613 509 2661 persoluto
546 2613 618 2650 iam
657 2614 694 2651 in
734 2628 842 2654 carne
879 2622 1005 2655 nostra
1042 2632 1097 2663 ee.
1132 2621 1232 2670 quod
1272 2622 1363 2659 alias
1400 2623 1638 2672 debebamus,

106 2684 171 2722 per
199 2675 320 2711 earnis
348 2681 496 2713 nostrae
526 2679 837 2718 communionem.
892 2681 970 2719 Iam
999 2688 1040 2719 ut
1069 2683 1139 2720 hoc
1166 2684 1264 2722 filius
1293 2684 1507 2736 praestaret,
1534 2689 1636 2739 quod

106 2736 209 2773 nulla
244 2738 383 2789 alioqui
413 2745 578 2777 creatura
607 2742 676 2778 alia
706 2748 891 2792 praestare
917 2750 1073 2795 poterat,
1101 2760 1231 2797 nempe
1258 2754 1300 2785 ut
1327 2750 1456 2787 salutis
1485 2757 1636 2790 nostrae

106 2799 283 2851 Princeps
311 2810 419 2847 esset,
445 2817 585 2854 nosque
612 2805 656 2842 ad
687 2807 790 2854 regni
812 2808 867 2844 sui
886 2809 1044 2857 gloriam
1065 2811 1274 2856 adduceret,
1298 2813 1575 2853 Emmanuelem
1596 2831 1635 2856 se

107 2876 187 2901 esse
206 2865 418 2912 declaravit,
437 2869 487 2915 (Β
510 2869 607 2915 viiia)
626 2875 661 2907 et
681 2875 918 2921 posteaquam
933 2885 1001 2910 nos
1013 2886 1122 2912 carne
1132 2879 1167 2913 et
1180 2875 1358 2925 sanguine
1370 2882 1635 2928 constaremus,
