1818 3178
555 145 698 172 suMMA
726 143 870 172 coNra.
902 144 954 169 nr:
983 142 1129 170 cosm.
1536 134 1612 172 473

71 245 221 295 signata
256 259 339 283 cum
367 245 486 294 siguis
513 246 565 283 ita
594 248 805 289 connectat,
832 248 887 290 ut,
914 244 1082 295 quisquis
1109 244 1290 281 elementa
1319 255 1454 280 coenae
1481 241 1609 286 sumit,

70 310 105 348 is
141 323 267 349 eorum
305 322 452 361 quoque
479 310 638 359 signata,
665 310 736 347 hoc
763 314 831 355 est,
859 322 993 360 corpus
1021 313 1056 346 et
1084 308 1306 357 sanguinem
1335 306 1476 345 Christi
1503 319 1606 343 sum·

71 372 190 423 psisse
227 372 409 410 credatur.
464 372 517 409 Hi
554 385 665 423 porro
703 371 838 410 docent
865 371 1030 409 Coenam
1058 370 1213 408 Domini
1239 383 1315 407 non
1342 369 1529 420 pertinere
1555 367 1604 405 ad

73 437 178 482 alios,
207 449 315 487 quam
343 440 494 486 propter
522 449 618 487 quos
644 439 701 474 est
727 449 748 473 a
775 435 938 473 Domino
965 435 1154 473 instituta.
1183 435 1336 472 Certum
1364 446 1443 470 esse
1469 435 1608 477 autem,

73 512 152 537 non
178 504 330 550 propter
357 499 507 550 impios,
534 500 598 537 sed
626 503 777 550 propter
805 499 932 536 fideles
961 499 1125 536 Coenam
1153 511 1176 535 a
1203 497 1365 535 Domino
1395 497 1607 535 institutam

72 576 165 609 esse,
203 563 250 600 ad
279 562 338 600 sui
365 563 706 614 beneficiorumque
733 576 900 609 suorum,
925 567 1047 600 morte
1076 575 1142 600 sua
1169 562 1280 600 nobis
1307 561 1610 612 promeritorum,

70 625 382 672 recordationem,
408 648 459 656 ·——
486 631 522 665 et
547 627 706 678 proinde
733 626 779 664 ad
807 639 902 677 quos
930 626 1072 663 Christi
1098 626 1278 664 beneficia
1307 639 1383 663 non
1411 625 1612 676 pertinent,

73 689 121 728 ad
148 703 212 728 eos
240 691 351 729 etiam
380 691 526 729 Coenae
553 691 729 741 mysteria
757 704 831 728 non
862 690 1057 741 pertinere,
1083 691 1229 728 etiamsi
1259 691 1406 728 Coenae
1426 690 1609 727 elementa

75 754 115 792 in
152 767 258 792 suam
293 755 366 805 ipsi
400 755 602 805 perniciem
640 759 851 806 certamque
887 754 1140 792 damnationis
1179 767 1265 792 suae
1310 753 1612 803 obsignationem

76 817 202 854 edant.
256 817 448 855 Unionem
477 830 564 855 vero
593 818 898 855 sacramentalem
926 817 1175 861 constituunt,
1203 830 1280 855 non
1308 817 1347 853 in
1377 817 1612 854 connexione

73 882 151 919 ulla
187 881 383 919 individua
419 882 652 931 signatorum
690 895 772 920 cum
809 883 940 932 signis,
977 885 1015 920 ut
1053 886 1201 925 vocant,
1238 881 1302 919 sed
1338 881 1377 919 in
1414 879 1615 918 ministerii

75 945 334 983 Ecclesiastici
361 946 521 983 efficacia
547 959 569 983 a
597 946 761 983 Domino
788 946 871 997 ipso
899 946 1077 991 instituti,
1103 945 1217 996 quod,
1243 951 1285 982 ut
1313 945 1359 982 ad
1389 946 1617 982 confirman-

78 1009 163 1047 dam
199 1009 346 1060 piorum
383 1010 495 1047 fidem
522 1010 759 1061 potissimum
786 1010 1001 1048 institutum
1029 1013 1083 1047 est
1109 1010 1149 1047 in
1187 1013 1504 1047 sacramentorum
1533 1021 1618 1045 om-

78 1073 184 1111 nium
228 1073 567 1118 administratione,
602 1074 653 1112 ita
691 1074 736 1111 ad
773 1073 923 1124 impios,
959 1074 1024 1124 qui
1060 1074 1195 1111 nolunt
1234 1073 1394 1117 credere,
1431 1072 1533 1123 quod
1569 1071 1618 1110 ad

81 1138 159 1175 eius
196 1137 395 1175 efficaciam
432 1138 578 1183 attinet,
612 1138 743 1176 referri
778 1137 891 1175 etiam
927 1150 1005 1175 non
1040 1138 1171 1187 possit.
1200 1138 1330 1185 (115¹›)
1386 1137 1621 1174 Confirmant

81 1202 180 1240 hanc
225 1216 331 1240 suam
377 1202 588 1240 doctrinam
625 1202 744 1240 Iudae
778 1202 983 1253 proditoris
1019 1202 1202 1252 exemplo,
1240 1202 1305 1252 qui
1342 1214 1386 1239 ex
1422 1201 1620 1251 ipsiusmet

83 1267 225 1305 Christi
266 1267 422 1305 Domini
465 1267 641 1305 manibus
684 1268 863 1304 elementa
910 1267 1061 1318 quidem
1105 1266 1281 1318 percepit,
1322 1266 1498 1316 mysteria
1540 1278 1620 1303 non

81 1332 259 1384 percepit,
300 1332 376 1369 imo
415 1345 499 1369 vero
538 1332 743 1370 Sathanam
782 1344 864 1369 curn
899 1332 1093 1369 elementis
1130 1331 1332 1382 sumpsisse
1368 1331 1517 1380 legitur,
1554 1329 1619 1381 qui

85 1400 183 1435 certe
218 1410 300 1435 cum
330 1401 548 1435 sacrosanto
579 1396 720 1435 Christi
749 1409 903 1448 corpore
932 1396 1029 1435 sumi
1051 1409 1129 1434 non
1156 1396 1268 1433 simul
1294 1396 1430 1447 potuit,
1456 1399 1621 1446 praeter-

83 1474 196 1513 quam
233 1461 263 1499 si
289 1461 442 1499 'Christi
478 1460 633 1498 Domini
668 1473 752 1498 cum
788 1460 910 1498 Belial
947 1460 1249 1498 communionem
1285 1459 1450 1510 aliquam
1492 1462 1624 1497 contra

86 1526 298 1564 doctrinam
324 1526 585 1577 Apostolicam
614 1529 834 1564 statuamus.
877 1524 1036 1563 Addunt
1062 1529 1099 1563 et
1126 1525 1198 1562 hoc
1223 1529 1425 1576 praeterea,
1451 1527 1626 1574 oportere

88 1603 216 1629 omnes
252 1590 317 1642 qui
355 1589 497 1628 Christi
534 1589 691 1627 Domini
727 1602 862 1640 corpus
889 1589 929 1627 in
959 1602 1073 1627 coena
1102 1602 1168 1626 sua
1195 1588 1312 1626 edunt
1340 1593 1376 1625 et
1403 1586 1624 1636 sanguinem

86 1654 164 1693 eius
211 1654 360 1698 bibunt,
396 1653 533 1692 habere
570 1666 654 1691 cum
688 1653 753 1690 illo
790 1653 902 1692 etiam
937 1666 1067 1691 eorum
1102 1653 1272 1691 omnium
1309 1651 1625 1696 communionem,

86 1733 181 1771 quae
217 1732 370 1771 corpore
405 1719 484 1770 ipse
522 1731 589 1756 suo
625 1731 692 1769 pro
730 1718 840 1756 nobis
868 1719 909 1756 in
935 1721 1055 1756 morte
1083 1718 1223 1756 tradito
1252 1717 1508 1767 sanguineque
1534 1716 1625 1754 item

89 1796 156 1822 suo
200 1797 267 1835 pro
304 1783 416 1821 nobis
450 1784 533 1821 fuso
569 1783 787 1833 promeruit,
841 1783 975 1834 Neque
1010 1783 1110 1821 enim
1145 1783 1230 1820 ideo
1267 1783 1432 1821 Coenam
1469 1781 1626 1819 Domini

89 1848 332 1886 constitutam
369 1860 461 1892 esse,
498 1851 538 1885 ut
572 1850 741 1885 nostram
778 1860 862 1885 cum
892 1847 1041 1885 Christo
1071 1848 1373 1886 communionem
1400 1847 1506 1885 iuxta
1534 1846 1626 1884 sub-

91 1912 268 1951 stantiam
305 1912 489 1950 duntaxat
517 1911 686 1963 corporis
714 1916 750 1949 et
778 1912 975 1961 sanguinis
1003 1912 1121 1963 ipsius
1150 1913 1336 1962 obsignet,
1364 1913 1429 1951 sed
1456 1912 1561 1950 iuxta
1587 1912 1628 1949 id

89 1981 211 2016 totum
246 1976 372 2022 etiam,
407 1976 507 2028 quod
544 1977 655 2014 nobis
691 1980 812 2015 morte
847 1977 948 2015 iliius
985 1978 1230 2028 promeritum
1266 1990 1346 2016 esse
1370 1991 1449 2015 non
1477 1976 1628 2015 dubita-

91 2055 188 2080 mus.
241 2041 355 2078 Unde
381 2046 417 2079 et
444 2054 465 2078 a
493 2041 609 2078 Paulo
640 2041 802 2079 Coenam
830 2041 985 2079 Domini
1013 2041 1139 2079 vocari
1167 2042 1297 2079 dicunt
1327 2047 1630 2091 καταγγέλιοιν,

93 2119 114 2144 a
151 2106 302 2144 Christo
336 2106 424 2144 item
451 2106 532 2156 ipso
566 2107 792 2154 ἀνάμνησιν,
819 2119 895 2144 non
923 2110 997 2144 tam
1028 2106 1199 2157 equidem
1226 2106 1500 2144 incarnationis
1531 2118 1631 2150 suae,

94 2171 199 2209 iuxta
236 2185 348 2222 quam
385 2185 475 2210 sane
511 2185 653 2217 omnes,
689 2175 726 2210 et
760 2171 813 2222 pii
850 2171 961 2209 simui
988 2175 1024 2209 et
1059 2171 1178 2223 impii,
1215 2171 1518 2209 communionem
1546 2182 1632 2207 cum

95 2235 247 2273 Christo
283 2235 447 2273 Domino
486 2236 787 2285 ha-(llssa)bent‚
824 2235 926 2286 quod
961 2235 1113 2286 quidem
1141 2235 1188 2273 ad
1226 2235 1347 2273 carnis
1375 2239 1410 2273 et
1438 2233 1632 2283 sanguinis

96 2299 346 2337 substantiam
381 2300 529 2347 attinet,
565 2313 678 2351 quam
704 2299 829 2351 potius
856 2299 989 2338 mortis
1018 2312 1061 2337 ac
1090 2299 1209 2337 crucis
1238 2312 1339 2344 suae,
1366 2301 1407 2336 ut
1434 2298 1536 2335 illius
1563 2309 1633 2348 po-

98 2363 284 2401 tissimum
320 2365 494 2402 virtutem
530 2368 641 2415 atque
668 2364 869 2402 efficaciam
896 2364 936 2402 in
963 2364 1073 2402 nobis
1110 2364 1256 2402 Coenae
1293 2376 1381 2401 suae
1417 2361 1632 2400 testimonio

99 2429 290 2478 obsignari
318 2428 524 2468 credamus.
555 2430 633 2468 Qui
660 2442 758 2476 ver0‚
785 2429 976 2480 inquiunt,
1003 2443 1084 2467 eam
1113 2442 1197 2467 cum
1226 2428 1377 2466 Christo
1399 2426 1634 2465 communio·

97 2506 183 2531 nem
211 2493 361 2538 habent,
388 2507 481 2544 quae
509 2494 618 2532 nobis
648 2495 792 2531 Coenae
817 2507 889 2532 usu
917 2493 1146 2543 designatur,
1166 2506 1286 2544 neque
1304 2492 1360 2530 illi
1380 2492 1461 2530 sine
1482 2491 1633 2529 Christo

103 2558 274 2596 damnari
310 2559 421 2596 etiam
458 2564 649 2610 poterunt.
705 2559 833 2597 Quare
869 2559 900 2596 si
936 2558 1043 2609 impii
1079 2571 1228 2610 quoque
1264 2570 1398 2608 corpus
1427 2556 1570 2595 Christi
1597 2554 1638 2593 in

105 2623 230 2661 Coena
257 2623 374 2661 edunt
400 2627 436 2661 et
465 2624 684 2673 sanguinem
711 2623 790 2661 eius
819 2623 966 2667 bibunt,
994 2636 1113 2674 neque
1141 2623 1314 2674 Christus
1343 2622 1423 2659 sine
1448 2621 1525 2658 illis
1553 2632 1638 2668 reg-

105 2688 211 2726 nabit
258 2689 344 2732 iam,
387 2701 507 2739 neque
554 2688 658 2739 impii
706 2688 785 2725 sine
824 2687 974 2726 Christo
1012 2687 1180 2726 damnari
1217 2687 1328 2725 etiam
1366 2688 1535 2738 possunt.
1589 2685 1642 2720 At

104 2764 191 2789 vero
229 2751 421 2790 Christum
460 2752 678 2797 Dominum,
713 2751 792 2789 Deo
821 2751 909 2797 iam,
936 2764 1013 2790 non
1040 2756 1163 2790 autem
1189 2751 1315 2802 impiis
1345 2751 1466 2788 vivere
1495 2748 1638 2791 dicunt,

105 2815 238 2853 nedum
269 2819 309 2854 ut
337 2829 422 2854 cum
449 2816 575 2867 impiis
604 2817 774 2854 damnari
802 2816 934 2867 possit,
959 2838 1010 2846 -—
1048 2816 1191 2854 nullam
1227 2815 1343 2865 igitur
1378 2813 1514 2864 impios
1553 2824 1637 2849 cum

110 2878 259 2917 Christo
289 2879 424 2918 habere
452 2881 489 2918 in
520 2881 645 2919 Coena
673 2894 738 2918 sua
769 2880 1081 2922 communionem,
1108 2885 1144 2919 et
1171 2879 1330 2930 proinde
1357 2890 1476 2928 neque
1505 2888 1641 2926 corpus
