1818 3178
1553 90 1625 128 303

100 201 171 239 tire
209 202 320 247 dicat,
356 202 501 240 etiamsi
529 203 624 240 nihil
652 203 736 251 (fol.
766 204 831 250 54)
860 203 994 240 horum
1021 215 1139 252 neque
1169 201 1385 247 dixerimus,
1413 214 1532 252 neque
1561 214 1626 239 co-

101 265 344 314 gitaverimus
383 279 567 317 unquam3
603 267 758 317 perinde
793 273 904 317 atque
939 266 972 304 ei
1008 267 1099 303 satis
1136 270 1191 303 est
1228 270 1365 304 veteres
1394 264 1625 303 orthodoxos

101 329 231 368 Patres
260 331 300 368 in
328 331 521 368 doctrinae
550 345 637 369 suae
663 331 913 382 patrocinium
943 331 1069 377 citare,
1096 330 1242 368 etiamsi
1268 331 1325 368 illi
1353 343 1481 368 omnes
1507 330 1627 368 recla-

101 399 216 433 ment.
270 394 352 445 Ego
389 408 474 433 vero
504 396 574 434 etsi
603 410 708 434 usum
735 395 821 434 fidei
850 409 932 433 cum
960 409 1031 433 usu
1058 395 1278 433 Dominicae
1306 396 1345 433 in
1374 396 1497 433 Coena
1524 394 1628 432 ordi·

107 458 272 497 nationis
312 459 552 498 coniunctum
591 466 761 511 oportere
796 473 876 497 esse
911 473 1052 510 semper
1090 460 1211 505 docui,
1239 472 1357 510 neque
1383 463 1508 512 tamen
1537 458 1627 502 dixi,

102 535 221 572 neque
254 523 366 560 etiam
395 524 556 574 cogitavi
585 537 759 575 unquam,
785 523 883 561 idem
913 524 1021 574 plane
1047 537 1126 561 esse
1153 524 1241 561 fidei
1270 528 1305 561 et
1334 524 1479 561 Coenae
1506 537 1628 568 usum,

101 586 236 625 nedum
272 592 311 626 ut
341 602 448 625 usum
475 589 562 626 fidei
591 590 738 627 Coenae
764 602 872 626 usum
901 602 1064 639 unquam
1092 588 1246 626 omnino
1276 589 1451 634 vocarim,
1475 610 1526 617 ——
1551 587 1626 624 imo

102 664 186 689 cum
215 653 350 691 diserte
377 654 504 699 doceo,
532 655 694 692 Coenam
721 656 780 702 (ut
806 654 879 691 alia
908 654 1146 691 Sacramenta
1174 654 1315 701 omnia)
1345 653 1489 690 duabus
1518 652 1628 690 rebus

103 723 286 764 constare,
322 733 454 770 nempe
488 724 636 757 terrena
665 725 700 757 et
742 719 903 764 coelesti,
932 719 1040 767 signo
1069 719 1222 769 inquam
1251 724 1286 757 et
1314 719 1413 768 signi
1439 718 1629 767 mysterio,

102 795 262 832 quorum
278 783 436 821 alterum
456 784 503 821 sit
524 785 697 822 sensibus
718 784 940 834 expositum,
959 783 1116 821 alterum
1137 796 1221 820 vcro
1243 783 1315 820 fide
1334 783 1411 820 sola
1423 783 1463 820 in
1483 783 1629 820 Coenae

100 859 172 883 usu
205 848 441 898 percipiatur,
476 871 528 877 —
563 862 610 886 an
648 861 725 885 non
762 848 823 885 hic
857 848 941 898 plus
976 848 1016 884 in
1054 861 1125 885 usu
1164 849 1488 886 Sam-umentorum
1517 862 1628 899 quam

101 912 189 949 fidei
226 913 408 950 duntaxat
443 927 551 951 usum
588 914 739 950 statuo?
776 913 850 950 nisi
887 913 918 950 si
952 912 1057 950 iuxta
1094 912 1302 963 W‘estphali
1339 913 1628 951 Grammaticam

100 975 199 1013 idem
236 982 302 1023 cst,
338 977 478 1028 aliquid
517 979 759 1027 conjunctum
785 990 865 1014 esse
892 977 999 1015 alteri
1026 977 1064 1015 in
1093 991 1166 1014 una
1194 982 1229 1015 et
1256 978 1382 1016 eadem
1411 992 1461 1025 re,
1489 984 1524 1017 et
1550 992 1629 1016 rem

100 1041 221 1091 ipsam
248 1042 348 1079 aliud
378 1056 454 1079 non
483 1055 574 1087 esse,
602 1056 712 1093 quam
739 1042 777 1079 id
806 1042 904 1093 quod
933 1042 971 1079 in
1002 1055 1039 1079 se
1066 1043 1191 1093 aliqua.
1219 1056 1261 1080 ex
1289 1047 1394 1094 parte
1414 1044 1628 1094 complecti-

102 1109 176 1143 tur.
224 1106 411 1143 Nimirum
448 1106 545 1143 hanc
580 1107 692 1144 talem
730 1106 1022 1143 Grammaticam
1060 1106 1275 1157 Westphalo
1313 1108 1478 1158 Erinnys
1512 1109 1628 1159 ipsius

102 1169 310 1214 instillavit,
339 1175 377 1207 ut
407 1170 502 1208 viam
530 1171 587 1207 illi
616 1175 773 1208 strueret
800 1171 846 1208 ad
877 1171 1181 1208 calumniandum
1209 1176 1336 1209 nostra
1365 1172 1500 1210 omnia.
1531 1172 1628 1209 Rur-

104 1246 183 1270 sum
220 1234 340 1271 adfert
376 1239 411 1272 et
438 1235 540 1272 aliud
568 1248 683 1285 aeque
719 1248 843 1272 verum
873 1240 983 1285 atque
1011 1235 1082 1272 hoc
1110 1236 1225 1286 prius.
1279 1235 1393 1280 Dicit,
1421 1249 1479 1273 me
1504 1237 1629 1273 locum

104 1298 197 1334 coeli
225 1298 348 1335 nescio
377 1312 488 1349 quem
517 1299 664 1349 corpori
692 1303 728 1336 et
756 1299 932 1347 sanguini
961 1299 1100 1336 Christi
1128 1303 1289 1337 statuere
1316 1300 1427 1349 longe
1446 1305 1630 1337 remotum

101 1376 122 1399 a
161 1363 307 1400 Coenae
344 1376 425 1409 usu,
463 1363 526 1401 sed
563 1364 689 1400 locum
727 1377 803 1401 non
840 1365 995 1414 profert,
1021 1365 1120 1401 unde
1157 1364 1193 1401 id
1223 1364 1400 1411 hauserit,
1427 1366 1512 1415 quia
1541 1378 1630 1402 nus·

101 1439 211 1476 quam
248 1431 303 1464 est
330 1427 370 1464 in
398 1428 573 1465 omnibus
606 1428 755 1478 scriptis
783 1428 888 1466 meis.
944 1428 1095 1465 Coelum
1124 1441 1192 1477 ego
1220 1442 1241 1465 a
1268 1433 1365 1466 terra
1393 1442 1468 1466 non
1499 1429 1630 1466 condi·

101 1491 216 1528 tionis
251 1495 401 1529 tantum
438 1492 667 1536 discrimine,
695 1492 758 1529 sed
784 1492 859 1529 loci
886 1492 998 1530 etiam
1026 1492 1223 1530 intervallo
1253 1492 1461 1530 discernere
1487 1506 1547 1530 me
1573 1494 1631 1530 fa-

98 1561 193 1602 teor,
238 1557 446 1599 secundum
492 1557 696 1608 scripturas
742 1561 778 1595 et
822 1558 1027 1595 unaninem
1086 1557 1300 1595 Catholicae
1336 1557 1406 1595 Dei
1442 1558 1631 1595 Ecclesiae

104 1633 340 1658 consensum.
388 1622 582 1659 Caeterum
611 1622 705 1659 nulli
731 1622 771 1660 in
801 1622 902 1659 coelo
932 1625 1032 1659 certo
1060 1623 1143 1659 loco
1172 1623 1284 1671 alligo
1314 1635 1468 1672 usquam
1497 1635 1630 1673 corpus

104 1685 244 1722 Christi
281 1685 447 1731 Domini,
474 1699 494 1723 a
522 1699 596 1736 quo
627 1698 715 1723 sane
744 1687 899 1735 sanguis
925 1686 1044 1737 ipsius
1074 1687 1235 1737 separari
1263 1687 1421 1738 amplius
1448 1687 1484 1724 in
1514 1690 1632 1724 aeter-

104 1764 194 1788 num
228 1764 304 1788 non
339 1754 474 1801 potest,
512 1751 576 1788 sed
614 1751 760 1799 di-(fol.
791 1754 900 1798 55)oe
930 1764 1009 1788 esse
1036 1751 1075 1788 in
1104 1752 1220 1795 coelo,
1247 1751 1462 1802 ubicunque
1491 1752 1569 1788 vult
1597 1755 1632 1788 et

102 1828 170 1866 pro
198 1828 241 1852 eo
278 1828 320 1852 ac
348 1816 439 1860 vult,
467 1828 544 1852 non
571 1819 695 1852 autem
721 1816 881 1865 amplius
910 1816 970 1852 hic
997 1816 1037 1853 in
1063 1817 1185 1860 terris,
1213 1817 1279 1853 ubi
1306 1816 1412 1853 illum
1440 1816 1508 1853 sul)
1536 1821 1629 1852 tem-

103 1893 172 1930 pus
206 1880 300 1917 illud
336 1879 585 1917 restitutionis
622 1880 788 1917 omnium
818 1885 1066 1930 expectamus,
1093 1872 1407 1931 quemadmodum
1437 1880 1567 1917 Petrus
1595 1884 1630 1916 et

103 1945 239 1982 Paulus
288 1945 475 1994 Apostoli,
521 1936 681 1995 denique
724 1949 759 1981 et
801 1945 874 1996 ipsi
911 1945 1049 1993 Angeli
1085 1945 1220 1982 docent
1251 1945 1293 1992 ¹).
1350 1945 1470 1981 Multo
1505 1944 1629 1981 minus

106 2012 227 2046 autem
262 2009 386 2045 locum
426 2008 519 2045 coeli
556 2008 673 2045 ullum
710 2008 893 2046 eiusmodi
930 2009 1081 2058 assigno
1120 2009 1260 2046 Christi
1298 2009 1456 2059 corpori,
1490 2008 1555 2058 qui
1583 2008 1632 2044 sit

105 2074 217 2123 longe
243 2078 409 2111 remotus
437 2086 457 2110 a
486 2074 632 2110 Coenae
660 2086 740 2111 usu.
796 2073 1047 2123 Westphalica
1076 2078 1163 2110 sunt
1190 2074 1292 2119 haec,
1319 2086 1396 2110 non
1423 2078 1563 2118 nostra,
1590 2078 1630 2110 ut

106 2152 234 2176 omnes
270 2138 494 2186 intelligant,
522 2151 596 2175 non
625 2143 755 2175 nostra
784 2137 844 2174 hic
871 2151 891 2175 a
923 2138 1150 2188 WestphaIO,
1178 2139 1241 2175 sed
1271 2151 1354 2175 suas
1382 2138 1511 2188 ipsius,
1539 2150 1630 2188 quas

107 2205 216 2243 nobis
252 2204 426 2247 intendit.
464 2204 667 2241 calumnias
706 2204 926 2254 oppugnari.
983 2204 1064 2241 Nos
1101 2203 1251 2254 quidem
1288 2204 1450 2240 Coenam
1478 2202 1632 2240 Domini

106 2267 145 2306 in
171 2269 281 2306 terris
309 2268 436 2319 peragi
463 2269 634 2311 fatemur,
660 2269 759 2318 quod
789 2268 834 2305 ad
864 2268 1013 2316 signum
1039 2268 1141 2304 illius
1168 2267 1403 2318 potissimum
1432 2280 1450 2304 a
1481 2266 1631 2304 Christo

106 2334 271 2371 Domino
318 2332 530 2370 institutum
567 2333 715 2378 attinet,
749 2334 812 2370 scd
851 2333 996 2369 Coenae
1032 2332 1249 2381 mysterium
1285 2336 1405 2369 terrac
1439 2331 1632 2382 haudqua-

106 2413 218 2451 quam
247 2399 455 2448 alligamus.
510 2397 582 2441 Ita,
610 2397 680 2434 etsi
709 2397 815 2445 signa
845 2397 990 2434 Coenae
1017 2397 1197 2446 mysticae
1223 2397 1263 2433 in
1290 2397 1397 2433 terris
1427 2396 1487 2433 hic
1515 2396 1633 2433 oculis

108 2456 295 2515 corporeis
330 2464 530 2506 intuemur,
566 2461 653 2498 fidei
681 2466 804 2498 tamen
842 2462 972 2504 oculis,
999 2466 1128 2498 autore
1157 2461 1299 2511 Spiritu
1328 2466 1455 2498 sancto
1484 2473 1631 2497 sursum

106 2529 255 2573 evectis,
283 2528 474 2577 signorum
503 2525 679 2575 mysterio
707 2526 867 2562 fruimur
893 2525 940 2562 ad
970 2525 1081 2562 vitam
1110 2530 1297 2563 aeternam
1323 2529 1473 2576 propter
1490 2524 1629 2562 Christi

109 2594 265 2631 Domini
288 2592 562 2630 institutionem
591 2604 654 2628 scu
682 2590 978 2628 ordinationem:
1006 2594 1153 2627 tantum
1183 2591 1299 2634 abest,
1316 2597 1356 2627 ut
1377 2603 1482 2627 usum
1502 2589 1632 2626 Domi-

108 2659 213 2695 nicae
246 2657 286 2694 in
324 2656 448 2694 Coena
476 2655 724 2692 ordinationis
754 2668 828 2691 non
857 2668 1116 2702 agnoscamus,
1145 2654 1457 2705 quemadmodum
1492 2666 1535 2690 ex
1564 2666 1632 2690 suo

109 2723 259 2760 cerebro
288 2722 398 2771 fingit
426 2720 676 2771 Westphalus,
702 2724 766 2757 aut
794 2720 1040 2769 negligamus.

156 2853 180 2891 ¹)
203 2852 272 2883 Act.
296 2851 326 2883 3.
371 2852 386 2882 1
410 2850 520 2882 Thess.
546 2850 573 2881 1.
616 2851 686 2882 Act.
710 2849 737 2881 1.
