1818 3178
437 129 488 155 DE
517 129 800 156 sAcRAMENTIS
829 129 1045 156 ECCLESIAE
1073 129 1249 156 cums'rI.
1530 122 1600 157 161

132 230 249 267 Porro
276 229 441 280 exposita
468 230 542 266 iam
569 231 615 268 ad
645 231 745 268 hunc
770 231 924 268 modum
952 231 1212 268 communione
1241 231 1368 267 nostra
1388 242 1471 266 cum
1492 229 1601 267 Chri-

82 298 138 331 sto
167 294 329 332 Domino
357 294 396 331 in
425 307 579 345 corpore
604 298 640 333 et
667 296 848 344 sanguine
874 296 1002 346 ipsius,
1031 295 1301 346 dispiciendum
1320 294 1430 332 nobis
1454 294 1602 332 demum

80 358 151 396 erit
183 358 223 396 in
261 359 587 396 Sacramentorum
623 360 932 405 consideratione,
967 360 1006 397 in
1034 373 1196 410 quanam
1225 359 1497 397 communionis
1533 372 1602 396 no-

82 427 178 461 strae
204 423 313 460 huius
343 435 426 460 cum
454 423 603 461 Christo
631 423 793 462 Domino
820 429 925 474 parte
950 424 1165 475 ponendum
1194 425 1241 462 sit
1268 424 1504 475 potissimum
1519 437 1602 474 my-

80 486 233 524 sterium
277 487 444 523 omnium
482 488 819 534 Sacramentorum,
864 488 935 525 hoc
971 492 1038 531 est,
1074 501 1164 526 eane
1207 502 1292 539 pars
1331 488 1603 526 communionis

80 550 190 588 huius
235 551 353 600 signis
401 552 723 590 Sacramentorum
758 553 1012 598 adumbratur,
1048 566 1120 604 qua
1158 553 1326 591 Christus
1363 553 1546 591 Dominus
1583 566 1603 590 a

79 614 190 651 nobis
225 615 367 665 aliquid
403 616 564 667 accepit3
601 630 649 656 an
685 629 769 654 vero
805 617 920 654 altera
945 617 1023 660 illa,
1057 630 1129 667 qua
1166 617 1275 654 nobis
1309 617 1371 654 ille
1409 629 1603 654 commune

80 691 205 715 secum
231 678 372 729 aliquid
400 692 479 717 esse
506 681 638 727 voluit,
663 680 772 731 Quod
809 693 916 718 suum
943 680 1136 731 proprium
1170 684 1268 727 erat3
1303 694 1351 717 an
1380 693 1464 718 vero
1494 680 1603 717 simul

79 746 248 793 utraque.
278 743 362 791 (fol.
392 745 475 791 552)

131 809 253 858 Atque
291 807 351 845 hic
385 808 495 859 paulo
533 821 612 846 esse
651 807 871 845 attentiores
899 807 1030 845 vellem
1057 807 1138 858 pios
1167 820 1308 853 omnes,
1335 821 1421 845 nam
1448 807 1510 845 hic
1536 820 1603 858 po-

76 871 263 908 tissimum
300 871 409 908 cardo
447 872 568 909 omnis
605 871 721 908 totius
755 871 832 908 fere
869 872 1145 909 controversiae
1170 871 1210 908 in
1238 885 1277 909 re
1306 872 1601 909 Sacramentaria

77 938 256 980 versatur,
283 939 331 979 et,
368 936 399 972 si
434 935 473 974 id
503 935 717 984 diligentius
753 935 863 985 paulo
900 935 947 972 ab
984 936 1158 973 omnibus
1197 936 1433 973 observatum
1461 936 1604 980 fuisset,

78 998 203 1036 minus
239 1000 355 1036 multo
391 999 631 1037 dissidiorum
668 998 779 1036 hodie
815 998 1062 1049 proculdubio
1099 999 1137 1036 in
1168 1012 1278 1036 causa
1308 999 1602 1037 Saeramentaria

78 1062 308 1101 haberemus.

129 1128 178 1165 Et
214 1141 282 1166 nos
317 1127 466 1178 quidem
502 1139 579 1164 non
616 1126 773 1164 obscure
812 1127 886 1164 iam
922 1126 1109 1164 indicasse
1149 1126 1330 1171 videmur,
1367 1139 1527 1177 quanam
1563 1127 1601 1164 in

78 1195 181 1242 parte
209 1195 356 1229 nostrae
384 1203 466 1227 cum
495 1190 644 1227 Christo
678 1190 836 1227 Domino
867 1190 1139 1227 communionis
1169 1191 1492 1227 Sacramentoruni
1521 1203 1602 1226 0111-

77 1255 180 1293 nium
215 1249 430 1305 mysterium
467 1254 629 1305 positum
666 1268 746 1292 esse
772 1254 1037 1301 existimemus,
1064 1267 1195 1305 nempe
1221 1254 1261 1291 in
1287 1267 1341 1301 ea,
1368 1267 1441 1304 qua
1466 1255 1507 1291 in
1535 1267 1603 1291 nos

77 1333 97 1357 a
125 1320 301 1363 Domino,
331 1332 405 1357 non
432 1324 554 1357 autem
583 1333 603 1356 a
631 1319 741 1357 nobis
769 1320 807 1356 in
836 1319 1039 1357 Dominum
1067 1318 1208 1370 aliquid
1234 1319 1273 1356 in
1303 1332 1498 1356 commune
1527 1319 1603 1356 col-

75 1385 192 1422 latum
219 1397 296 1422 esse
324 1388 483 1422 constat.
514 1383 704 1422 Addemus
730 1374 855 1422 tamen
883 1384 1005 1423 adhuc
1032 1383 1161 1436 paucis
1189 1383 1380 1422 doctrinae
1400 1383 1510 1421 huius
1530 1397 1599 1421 no-

74 1453 170 1487 strae
196 1450 393 1487 rationem.

125 1516 182 1551 Ac
208 1514 368 1565 primum
397 1514 536 1551 nemini
563 1513 717 1551 dubium
744 1527 824 1552 esse
849 1517 1036 1564 putamus,
1063 1513 1169 1563 signa
1196 1513 1364 1550 omnium
1383 1514 1601 1550 Sacramen-

78 1582 202 1616 torum
237 1592 316 1616 esse
354 1578 459 1627 signa
497 1578 645 1616 divinae
679 1591 765 1627 erga
794 1591 862 1615 nos
890 1578 1044 1627 gratiae,
1081 1590 1157 1614 non
1186 1576 1289 1614 iuxta
1318 1590 1430 1627 quam
1459 1576 1600 1613 conditi

74 1656 214 1690 sumus,
250 1647 314 1681 aut
341 1643 545 1681 etiamnum
571 1643 611 1680 in
639 1642 715 1680 vita
745 1643 814 1679 hac
842 1645 1107 1687 sustentamur,
1144 1642 1206 1679 sed
1233 1642 1338 1678 iuxta
1367 1655 1489 1693 quam,
1519 1654 1599 1678 011111

71 1708 148 1746 irae
183 1712 220 1746 et
253 1707 385 1745 mortis
421 1708 490 1744 filii
526 1720 701 1752 essemus,
735 1707 774 1744 in
812 1707 909 1744 filios
946 1706 1016 1744 Dei
1053 1719 1201 1744 rursum
1237 1706 1406 1756 vitaeque
1432 1710 1602 1743 aeternae

73 1772 249 1810 haeredes
285 1773 324 1810 in
354 1772 503 1810 Christo
532 1772 692 1821 regeniti
723 1785 861 1818 sumus,
898 1785 971 1822 quo
1000 1771 1150 1822 quidem
1179 1771 1329 1808 1101111116
1355 1770 1601 1818 etiamsigna

75 1836 304 1873 remissionis
339 1841 575 1886 peccatorum
611 1835 776 1873 iustitiae
817 1848 859 1873 ac
895 1835 1188 1885 regenerationis
1225 1840 1373 1872 nostrae
1407 1839 1599 1872 vocantur.

78 1897 275 1936 Quatenus
309 1898 426 1946 igitur
462 1898 568 1946 signa
603 1898 683 1948 ipsa
711 1899 1037 1936 Sacramentorum
1064 1899 1170 1948 signa
1198 1902 1285 1936 sunt
1313 1897 1438 1934 collati
1463 1897 1503 1933 in
1532 1910 1600 1934 nos

77 1961 250 1999 salutaris
278 1961 451 1999 beneficii
485 1962 525 1998 in
553 1962 635 2010 (fol.
665 1963 750 2010 5512)
781 1962 943 2008 Christo,
981 1963 1159 2000 hactenus
1189 1975 1275 1999 sane
1302 1962 1423 2012 ipsum
1451 1972 1598 2010 quoque

76 2028 403 2064 Sacramentorum
429 2027 648 2077 mysterium
673 2028 713 2065 111
741 2041 782 2065 ea
811 2028 1027 2066 hauddubie
1053 2034 1203 2066 nostrae
1231 2040 1315 2065 011111
1344 2027 1491 2064 Christo
1519 2026 1598 2063 Do-

76 2091 178 2129 mino
216 2091 489 2130 communionis
525 2096 630 2142 parte
668 2093 846 2130 constitui
881 2096 1038 2143 oportet,
1073 2107 1146 2143 qua
1179 2093 1218 2130 in
1254 2105 1323 2130 nos
1359 2092 1421 2129 ille
1458 2091 1501 2129 de
1530 2103 1596 2127 suo

76 2155 218 2207 aliquid
247 2156 417 2202 contulit,
450 2169 526 2194 non
553 2161 678 2195 autem
704 2171 723 2194 a
753 2157 862 2195 nobis
889 2157 1030 2208 aliquid
1057 2157 1210 2208 accepit.

128 2220 273 2259 Deinde
298 2221 338 2258 id
364 2234 511 2272 quoque
538 2225 642 2259 extra
669 2234 816 2260 omnem
845 2222 1136 2260 controversiam
1162 2234 1241 2258 esse
1268 2233 1344 2258 non
1373 2220 1599 2264 dubitamus,

76 2285 116 2323 in
146 2285 287 2323 Christi
312 2285 526 2336 praesertim
557 2285 736 2331 Ecclesia,
754 2299 857 2337 'quae
886 2286 1004 2324 Deum
1028 2299 1116 2323 sane
1143 2298 1187 2323 ex
1215 2298 1331 2335 aequo
1361 2288 1395 2322 et
1421 2284 1461 2321 in
1480 2288 1596 2321 aeter-

76 2363 124 2388 na
152 2350 383 2388 decretorum
410 2363 562 2387 suorum
588 2350 744 2396 iustitia,
770 2355 805 2388 et
831 2351 871 2388 in
896 2351 1077 2389 immensa
1102 2350 1240 2401 pariter
1267 2350 1433 2386 bonitate
1458 2361 1501 2385 ac
1527 2348 1599 2385 mi-

76 2415 277 2453 sericordia
313 2415 500 2466 praedicat
528 2419 563 2452 et
591 2415 734 2460 adorat,
763 2428 831 2454 nos
859 2416 1015 2454 eandem
1043 2416 1200 2452 0111111110
1231 2428 1312 2452 011111
1341 2414 1490 2451 Christo
1519 2413 1598 2450 Do-

76 2480 178 2518 mino
214 2480 378 2531 corporis
414 2484 449 2518 et
488 2480 681 2529 sanguinis
710 2480 958 2518 substantiam
984 2480 1022 2518 in
1050 2480 1179 2531 primis
1206 2480 1280 2516 iam
1307 2479 1394 2516 olim
1422 2478 1597 2529 progeni-

74 2543 221 2582 toribus
258 2544 398 2582 nostris
425 2543 609 2589 habuisse,
636 2543 756 2580 multo
785 2544 896 2581 etiam
925 2547 1010 2581 ante
1039 2543 1178 2580 Christi
1206 2542 1252 2581 D.
1279 2542 1596 2586 incarnationem

49 2609 55 2617 ‘
77 2611 188 2658 atque
212 2605 261 2646 in
301 2607 442 2645 Christi
480 2607 627 2645 demum
655 2605 808 2644 Domini
834 2607 1090 2645 incarnatione
1117 2607 1170 2644 ita
1196 2607 1235 2644 in
1262 2607 1367 2644 illum
1397 2606 1441 2643 dc
1467 2610 1596 2643 nostro

77 2685 122 2710 ex
157 2677 275 2710 matre
311 2673 455 2723 virgine
484 2673 654 2710 collatam
681 2685 760 2709 esse
787 2672 833 2709 ad
861 2685 952 2716 cam,
979 2685 1073 2722 quae
1099 2672 1196 2709 inter
1223 2685 1293 2709 nos
1320 2675 1356 2709 et
1382 2672 1504 2722 ipsum
1531 2674 1600 2711 est,

80 2737 392 2784 communionem,
428 2742 468 2775 ut
503 2738 582 2788 ipse
608 2737 791 2788 particeps
820 2737 920 2774 illius
949 2737 1130 2774 duntaxat
1157 2737 1260 2774 fieret
1285 2749 1359 2774 una
1389 2735 1597 2779 nobiscum,

78 2815 156 2841 non
183 2805 305 2841 autem
333 2803 433 2841 solus
460 2806 590 2847 totam,
612 2802 720 2840 nobis
738 2801 910 2848 exclusis,
926 2801 1144 2852 possideret.
1174 2801 1300 2840 Quare
1318 2813 1401 2838 cum
1422 2800 1596 2836 substan-

78 2866 130 2905 tia
156 2866 235 2918 ipsa
265 2868 429 2919 corporis
456 2872 492 2906 et
519 2867 711 2917 sanguinis
734 2866 873 2905 Christi
900 2870 1027 2905 nostra
1053 2866 1155 2916 prius
1183 2866 1307 2911 fuerit,
1335 2877 1446 2915 quam
1473 2863 1511 2900 in
1539 2863 1596 2913 ip-

130 2929 166 2973 I.
1397 2929 1442 2967 11
