1818 3178
158 755 194 794 1.
231 751 330 791 Num
359 745 500 788 homini
520 742 751 789 Clarissimo,
770 743 876 793 post-

212 836 321 876 quam
353 834 372 859 e
409 816 524 859 Verbo
546 814 622 855 Del?
642 812 873 865 ‘impietatem

209 889 381 944 Bastia-mi
402 886 611 940 aqnocerd,
643 883 766 924 saeris
795 882 873 922 Pa-

202 961 369 1015 pistr'eis,
442 959 590 1000 Elissae
631 953 876 1007 praesertim,

211 1029 293 1068 ullo
315 1031 434 1080 paolo
464 1026 644 1066 interesse
677 1022 806 1062 liceat.

214 1644 304 1681 Tam
332 1643 476 1680 abunde
502 1642 591 1679 haee
609 1642 772 1692 quaestio
792 1645 888 1679 tam-

162 1721 232 1757 que
258 1707 416 1756 graviter
443 1720 463 1743 a
492 1706 614 1743 multis
634 1705 777 1742 idoneis
796 1705 884 1742 viris

165 1785 317 1809 excussa
343 1777 409 1815 est,
436 1775 475 1808 ut
502 1783 627 1808 eorum
656 1770 800 1820 scriptis
829 1769 888 1807 vix

168 1835 365 1885 quidquam
393 1834 478 1871 addi
505 1838 625 1884 queat.
678 1833 805 1871 Quum
832 1838 889 1870 ta-

170 1913 251 1936 men
288 1899 439 1949 spectati
474 1898 588 1948 aliqui
624 1903 658 1934 et
695 1898 794 1935 docti
821 1897 889 1935 viri

170 1963 207 1999 id
243 1976 263 1999 a
301 1976 355 1999 me
390 1962 599 2012 petiverint,
637 1962 763 1999 vellem
801 1975 895 1999 non·

171 2027 263 2063 nihil
300 2026 343 2063 de
377 2027 465 2063 meis
493 2039 637 2076 quoque
665 2026 750 2063 huie
776 2039 890 2075 nego-

172 2092 222 2129 tio
250 2090 419 2139 adjicere.
444 2090 653 2127 istiusmodi
680 2104 806 2128 eorum
824 2104 890 2141 po-

175 2155 409 2192 stulationem
435 2167 600 2192 recusare
628 2168 695 2192 nee
710 2155 812 2206 potui
829 2168 896 2192 nee

177 2220 287 2265 volui,
319 2219 379 2256 sed
408 2219 446 2256 in
472 2232 595 2256 eorum
623 2220 781 2268 gratiam
810 2220 899 2257 haee

177 2285 251 2321 fere
295 2284 339 2320 ad
383 2284 608 2334 propositam
644 2284 895 2334 quaestionem

179 2347 312 2397 scripto
342 2347 524 2386 mandavi.

231 2476 328 2512 Ante
362 2475 485 2511 omnia
520 2489 665 2513 necesse
700 2489 778 2513 esse
815 2476 907 2514 mihi

181 2538 336 2584 videtur,
366 2542 405 2574 ut
431 2538 500 2575 tria
527 2539 566 2576 in
594 2539 662 2576 hae
688 2540 903 2590 quaestione

182 2601 294 2652 probe
331 2601 599 2639 discernamus:
625 2603 761 2649 Primo,
788 2604 907 2654 qualis

182 2665 243 2702 ille
278 2665 433 2715 populus
470 2665 528 2710 sit,
553 2666 598 2702 ad
625 2680 731 2716 quem
758 2668 903 2718 proprie

182 2729 301 2779 posita
338 2729 426 2766 hace
453 2730 617 2779 quaestio
645 2732 836 2781 pertineat,
866 2738 903 2770 ut

184 2794 230 2830 ab
257 2794 337 2831 aliis
366 2794 511 2845 populis
539 2807 600 2831 eos
621 2795 901 2845 distinguamus

187 2856 367 2902 Secundo,
411 2862 547 2907 quanta
592 2858 638 2895 sit
681 2859 835 2909 papismi
870 2862 909 2899 in

938 738 995 792 (l)
1043 736 1102 792 Of
1134 737 1199 777 laet
1230 736 1303 776 den
1338 732 1573 781 ebriamen,
1605 746 1656 772 na

991 809 1079 849 dien
1119 822 1164 862 231
1194 808 1258 848 laet
1288 807 1397 846 word
1432 804 1556 844 Gades
1586 803 1662 843 end

991 881 1037 920 de
1076 877 1341 931 yodlooszkeit
1382 876 1447 916 des
1486 874 1663 914 Pauwst-

996 952 1100 991 doma
1150 950 1282 990 behem
1322 948 1471 993 hebben,
1513 944 1663 996 aemyli-

991 1019 1073 1058 sz'ns
1102 1018 1293 1073 verorqut
1327 1016 1374 1065 is,
1407 1016 1477 1055 dat
1507 1028 1552 1069 zy
1581 1012 1664 1053 zick

992 1091 1034 1130 in
1065 1092 1137 1130 den
1158 1088 1446 1131 Pauwstlielcen
1463 1085 1667 1139 qodsdz'en-

991 1165 1088 1210 stem,
1130 1161 1225 1201 ende
1269 1159 1311 1199 in
1349 1156 1571 1198 zonderlaez‘t
1624 1155 1666 1195 in

995 1233 1064 1272 der
1097 1231 1231 1280 Misse,
1262 1230 1404 1271 vindan
1435 1229 1554 1268 laten.

992 1639 1089 1678 Deze
1109 1639 1247 1689 vraghe
1264 1640 1295 1677 is
1314 1652 1356 1677 zo
1376 1638 1672 1677 oueruloedeliek

936 1704 1008 1742 end
1035 1704 1215 1742 arnstlick
1237 1717 1307 1741 van
1326 1704 1430 1741 velen
1449 1702 1672 1752 gheschiek-

941 1773 1002 1807 ten
1047 1782 1210 1806 mannen
1245 1767 1485 1818 ghehandelt‚
1520 1767 1583 1805 dat
1619 1772 1674 1805 tot

942 1833 1059 1870 horon
1085 1831 1342 1882 ghesehriften
1369 1844 1471 1870 nauw
1500 1831 1551 1868 iet
1577 1843 1675 1868 meer

941 1897 1089 1947 ghedan
1117 1897 1190 1934 kan
1218 1896 1373 1934 werden.
1403 1896 1531 1945 Dewijl
1558 1895 1674 1933 noch-

949 1966 1032 1999 tans
1059 1961 1269 2011 zommighe
1295 1960 1413 2010 goede
1439 1965 1484 1998 e1’1
1511 1960 1678 2010 gheleer-

945 2026 989 2063 de
1009 2030 1143 2064 manne
1165 2039 1234 2068 van
1252 2039 1314 2075 my
1334 2024 1507 2063 verzoeht
1519 2024 1678 2068 hebben,

942 2090 1003 2128 iek
1030 2091 1136 2128 zolde
1163 2090 1258 2127 ooek
1276 2089 1398 2128 willen
1418 2103 1485 2128 van
1510 2089 1579 2126 den
1598 2102 1679 2138 my-

948 2169 1018 2193 nen
1046 2159 1102 2193 tot
1131 2155 1217 2192 deze
1245 2154 1381 2192 handel
1409 2154 1488 2192 hier
1514 2158 1583 2192 wat
1602 2157 1680 2190 toe-

952 2220 1059 2265 doen,
1087 2232 1129 2257 zo
1158 2219 1230 2257 heb
1257 2219 1318 2256 iek
1346 2218 1475 2256 zuloke
1503 2218 1591 2256 hore
1618 2217 1682 2254 be-

948 2285 1098 2334 begarte
1128 2284 1203 2322 niet
1222 2284 1346 2321 konne
1364 2284 1461 2321 noch
1479 2283 1598 2320 willen
1614 2295 1683 2320 we-

959 2349 1196 2398 derlegghen,
1222 2362 1300 2387 mer
1327 2348 1399 2386 heb
1428 2348 1578 2385 benten
1594 2346 1686 2396 ghe-

955 2414 1049 2451 lieue
1076 2414 1130 2451 dit
1157 2414 1306 2452 daertoe
1330 2413 1512 2464 ghedaen.

1009 2477 1112 2515 Voor
1154 2478 1204 2515 all
1250 2477 1366 2515 duckt
1410 2490 1471 2527 my
1522 2474 1686 2525 noodigh

956 2543 1042 2589 zijn‚
1069 2541 1130 2579 dat.
1158 2555 1242 2579 men
1269 2541 1309 2579 in
1338 2541 1445 2579 dezer
1465 2539 1601 2590 vraghe
1623 2539 1688 2589 dry

958 2604 1096 2654 dinghe
1114 2618 1338 2643 waarneme:
1363 2606 1441 2643 Ten
1461 2608 1604 2642 eersten
1620 2608 1690 2640 wat

956 2668 1018 2706 het
1054 2682 1140 2707 voer
1176 2683 1243 2707 een
1271 2670 1379 2708 volek
1407 2683 1464 2720 zy,
1492 2668 1576 2707 dien
1605 2669 1691 2707 deze

955 2734 1238 2783 voorghestelde
1297 2734 1436 2784 vraghe
1479 2734 1690 2784 eygentliek

955 2803 1100 2847 angaet,
1128 2812 1174 2849 op
1204 2799 1267 2835 dat
1294 2811 1349 2849 wy
1375 2812 1417 2836 ze
1440 2811 1511 2836 van
1530 2798 1691 2836 anderen

962 2863 1118 2901 voleken
1146 2863 1381 2904 wtscheiden.
1413 2865 1493 2902 Ten
1520 2863 1696 2913 anderen,
