1818 3178
123 109 196 148 174·
469 112 520 139 ne
548 107 826 139 SAGRAMENTIS
855 106 1069 133 motusue
1096 105 1272 132 CHRISTI.

173 215 412 266 Exceptionis
438 224 545 263 porro
574 210 826 247 foemellarum
852 206 1087 243 manifestam
1115 204 1426 254 significationem
1448 203 1630 249 audimus,

125 281 209 318 dum
253 277 465 316 mandatum
508 274 551 311 de
595 271 873 309 circumcisione
916 269 962 306 ad
1004 269 1189 307 masculos
1225 269 1407 306 duntaxat
1450 267 1632 317 expressis

125 343 246 380 verbis
274 341 445 387 restringi
473 337 651 379 videmus,
677 339 713 372 et
740 335 779 371 in
806 347 847 371 ea
875 335 962 370 item
992 333 1156 382 corporis
1182 336 1286 383 parte
1314 331 1633 384 circumcisionem

125 406 305 457 imperari,
332 417 403 454 qua
431 414 537 439 sexus
566 400 770 437 foemineus
799 398 951 434 omnino
981 402 1091 435 caret.
1119 398 1203 444 (fol.
1233 399 1317 445 70¹³)

175 475 296 520 Atque
329 481 416 505 sane
447 466 517 516 piis
554 465 613 502 hic
649 464 821 501 omnibus
857 462 945 500 satis
981 475 1059 499 esse
1095 463 1340 512 proculdubio
1380 463 1540 509 deberet,
1567 463 1633 499 lia-

126 536 245 573 buisse
280 546 358 570 eam
397 529 598 568 voluntatis
626 527 773 564 divinae
801 527 845 564 de
872 527 941 563 hac
967 526 1034 563 tali
1061 526 1314 563 foemellarum
1342 527 1557 577 exceptione
1585 527 1636 564 si-

123 597 409 649 gnificationem,
437 594 655 642 divinaeque
683 591 895 632 voluntatis,
935 603 1028 641 quae
1056 591 1151 627 nihil
1179 595 1314 628 temere
1340 592 1430 640 agit,
1458 592 1634 629 testifica-

123 666 279 707 tionem;
308 660 369 697 sed
424 671 506 695 cum
549 656 713 706 torqueri
756 655 945 692 videamus
983 668 1002 691 a
1043 655 1208 692 sectariis
1244 657 1498 705 exceptionem
1543 657 1638 695 hanc

124 727 374 766 soemellarum
401 724 439 760 in
469 722 747 760 circumcisione
775 721 822 758 ad
848 719 1043 769 fingendas
1072 733 1188 757 novas
1216 720 1396 770 quasdam
1419 721 1459 758 in
1479 721 1638 758 aliorum

126 795 446 831 Sacramentorum
481 802 552 825 usu
578 787 827 838 exceptiones,
861 786 1042 823 rationem
1071 798 1218 836 quoque
1246 785 1364 822 divini
1391 786 1459 823 hac
1486 787 1524 823 in
1552 800 1638 837 par-

124 863 159 894 te
195 855 339 893 consilii
376 867 420 890 ex
459 851 649 902 scripturis
686 851 906 892 adferemus,
949 863 1043 899 quae
1079 849 1161 899 piis,
1196 851 1238 886 ut
1273 862 1391 899 spero,
1415 849 1640 888 satisfaciet

124 927 159 958 ct
198 920 237 956 in
271 931 340 955 usu
375 917 532 954 aliorum
568 916 892 952 Sacramentorum
928 926 993 963 per
1030 913 1208 951 sectarios
1246 914 1530 951 commonstrari
1564 927 1639 951 non

124 988 257 1035 potest.

177 1043 497 1084 Quemadmodum
534 1043 631 1080 enim
658 1046 786 1079 nostra
814 1041 978 1078 omnium
1023 1040 1284 1077 condemnatio
1314 1054 1431 1091 neque
1457 1041 1639 1090 originem

127 1125 228 1148 suam
255 1111 293 1147 in
330 1108 489 1146 foemina
527 1106 658 1157 coepit,
694 1106 835 1143 etiamsi
864 1105 927 1142 illa
965 1105 1066 1155 prior
1103 1105 1256 1142 omnino
1296 1106 1354 1142 vel
1388 1105 1469 1156 ipso
1509 1106 1642 1143 vetitae

126 1175 268 1212 arboris
307 1176 479 1210 contactu
514 1175 719 1221 peccasset,
753 1182 871 1219 neque
907 1169 995 1206 item
1039 1182 1058 1205 a
1097 1169 1260 1206 foemina
1296 1168 1334 1206 in
1372 1182 1453 1212 nos,
1494 1169 1557 1206 sed
1595 1169 1641 1206 ab

129 1238 271 1276 Adamo
308 1236 479 1274 masculo>
509 1238 585 1271 tota
624 1233 830 1278 derivatur,
868 1232 1180 1283 quemadmodum
1216 1233 1352 1270 Paulus
1388 1232 1494 1270 docet
1516 1235 1557 1280 ¹),
1591 1234 1643 1270 ita

128 1302 227 1339 Deus
264 1301 299 1337 in
342 1298 568 1337 instituendo
606 1297 764 1334 foederis
802 1297 859 1334 sui
896 1296 1092 1334 nobiscum
1130 1297 1237 1345 signo
1276 1297 1385 1333 simul
1420 1301 1530 1347 atque
1575 1298 1643 1334 ob-

127 1365 331 1414 signaculo,
357 1366 544 1412 utrunque
569 1361 607 1398 id
635 1361 744 1398 nobis
782 1360 892 1397 simul
920 1360 1141 1397 adumbrare
1169 1360 1297 1405 voluit,
1336 1374 1466 1411 nempe
1493 1361 1539 1398 ab
1567 1374 1642 1398 uno

127 1443 241 1480 coque
276 1427 437 1465 masculo
475 1426 624 1463 homine
651 1438 798 1462 omnem
826 1429 993 1462 nostram
1023 1425 1372 1462 condemnationem
1399 1428 1517 1462 ortam
1548 1426 1645 1462 deri-

127 1500 319 1543 vatamque
355 1506 444 1535 esse,
480 1495 515 1529 et
560 1492 598 1528 iu
634 1504 710 1528 uno
747 1503 893 1527 rursum
926 1491 1091 1527 masculo
1132 1490 1242 1527 etiam
1278 1490 1429 1528 homine
1463 1491 1645 1543 amputari

128 1573 192 1596 suo
227 1563 391 1608 tempore
427 1556 645 1607 oportuisse,
678 1558 720 1592 ut
750 1555 919 1592 videlicet
946 1555 1133 1603 mas-(fol.
1163 1555 1362 1601 71³)oulini
1390 1568 1498 1592 sexus
1530 1555 1645 1593 solius

128 1623 357 1661 circumcisio
395 1621 532 1659 visibili
566 1620 672 1669 signo
711 1633 776 1657 suo
804 1619 1064 1657 testificaretur
1092 1632 1137 1656 ex
1164 1619 1233 1656 Dei
1265 1619 1380 1670 ipsius
1408 1619 1645 1657 institutione

128 1702 170 1726 ac
198 1701 262 1725 suo
291 1687 449 1738 quodam
475 1685 584 1722 modo
612 1686 835 1735 loqueretur,
863 1684 1064 1722 derivatam
1092 1684 1131 1721 in
1160 1697 1228 1722 nos
1255 1685 1358 1722 illam
1381 1685 1427 1722 ab
1447 1699 1523 1723 uno
1544 1699 1644 1722 mas-

131 1753 211 1790 culo
248 1751 396 1788 homine
423 1750 588 1788 omnium
616 1753 785 1786 nostrum
814 1748 1176 1793 condemnationem,
1202 1749 1242 1786 in
1270 1762 1344 1786 uno
1373 1763 1520 1787 rursum
1546 1763 1646 1787 mas-

131 1817 213 1854 culo
240 1817 348 1854 etiam
377 1814 527 1852 homine
552 1815 604 1851 ita
631 1816 859 1864 amputatam
885 1813 932 1850 iri
958 1814 1091 1850 merito
1119 1813 1247 1864 ipsius,
1275 1814 1339 1864 qui
1359 1820 1486 1852 nostra
1506 1815 1646 1865 alioqui

130 1894 214 1919 caro
252 1883 396 1918 futurus
432 1883 529 1922 erat,
555 1883 597 1916 ut
625 1881 811 1915 cessatura
838 1882 933 1915 esset
969 1878 1121 1915 omnino
1150 1879 1188 1916 in
1216 1882 1296 1916 tota
1322 1879 1439 1929 ipsius
1467 1879 1647 1925 Ecclesia,

130 1945 274 1983 etiamsi
300 1948 489 1995 peccatum
517 1944 637 1993 ipsum
663 1943 702 1980 in
732 1943 805 1979 vita
834 1942 903 1979 hac
931 1946 1061 1979 nostra
1090 1956 1166 1980 non
1194 1956 1346 1994 prorsus
1375 1947 1545 1982 cessaret.

183 2009 375 2046 Habemus
401 2008 519 2056 igitur
541 2007 676 2044 iustam
703 2006 832 2043 Divini
861 2006 1007 2043 consilii
1035 2006 1071 2043 in
1112 2007 1292 2044 foemellis
1321 2020 1340 2043 a
1368 2007 1648 2045 circumcisione

132 2073 369 2112 excludendis
405 2073 598 2117 rationem,
633 2085 677 2109 ex
713 2071 803 2122 ipsis
832 2071 1105 2121 Scripturarum
1135 2072 1304 2109 fontibus
1331 2073 1495 2123 petitam,
1530 2086 1648 2123 neque

134 2139 335 2189 exemplum
372 2138 443 2174 hoc
478 2137 709 2174 exclusarum
748 2148 767 2172 a
806 2135 1084 2173 circumcisione
1111 2136 1364 2173 foemellarum
1391 2136 1438 2173 ad
1466 2140 1648 2174 sectarum

133 2203 379 2255 patrocinium
407 2200 613 2251 detorqueri
650 2213 757 2250 posse
792 2199 832 2236 in
860 2199 1030 2236 arcendis
1059 2199 1248 2237 Ecclesiae
1274 2200 1449 2237 membris
1477 2214 1497 2237 a
1524 2201 1648 2249 legiti-

135 2282 194 2305 mo
230 2282 299 2304 usu
326 2267 480 2304 aliorum
510 2267 842 2310 Sacramentorum,
876 2265 915 2302 in
943 2264 1079 2315 quibus
1107 2264 1192 2302 talis
1220 2265 1389 2314 mysterii
1416 2265 1648 2303 adumbratio

136 2332 255 2381 typica
285 2330 563 2367 commonstrari
591 2342 665 2367 non
692 2334 824 2379 potest.
854 2329 935 2366 Imo
965 2342 1053 2366 vero
1080 2329 1302 2366 obscuratur
1329 2329 1438 2366 etiam
1462 2342 1538 2366 non
1556 2330 1647 2367 levi-

136 2401 190 2433 ter
217 2395 439 2444 patefactum
469 2394 540 2429 iam
566 2393 683 2430 multo
714 2393 847 2429 clarius
875 2406 938 2443 per
967 2393 1212 2442 Euangelium
1238 2393 1404 2430 omnium
1431 2393 1647 2431 Sacramen-

138 2463 262 2496 torum
306 2456 519 2506 mysterium
557 2456 764 2493 istiusmodi
808 2469 884 2494 non
934 2457 1139 2494 necessaria
1177 2457 1424 2494 membrorum
1460 2456 1649 2494 Ecclesiae

137 2521 358 2560 exclusione.
386 2520 469 2567 (fol.
498 2521 581 2566 71¹¹)

191 2585 239 2622 Et
268 2597 349 2621 cum
376 2583 580 2620 universale
605 2584 818 2622 mandatum
849 2589 971 2622 extare
999 2585 1185 2622 videmus:
1214 2585 1347 2622 Omnis
1374 2585 1559 2622 masculus
1578 2586 1649 2623 cir-

142 2648 383 2690 cumcidatur,
417 2647 491 2684 sive
519 2660 640 2693 verna,
668 2648 743 2685 sive
770 2650 958 2699 emptitius
986 2653 1069 2694 etc„
1096 2650 1262 2687 videmus
1290 2649 1376 2686 item
1405 2650 1649 2687 universalem

142 2712 485 2752 comminationem:
514 2711 558 2748 In
589 2711 835 2762 cuiuscunque
863 2726 971 2751 carne
997 2712 1228 2765 praeputium
1259 2727 1335 2752 non
1363 2713 1472 2752 fuerit
1491 2713 1650 2752 circum·

188 2839 210 2884 ¹)
236 2838 324 2869 Rom.
349 2838 375 2867 5.
412 2836 427 2867 l
452 2835 524 2866 Cor.
551 2835 596 2866 15.
