1818 3178
767 106 826 134 ΕΡ.
856 67 996 135 130ch.
1576 99 1647 137 533

113 209 346 249 institutioni
390 207 598 259 praeponit,
633 221 728 259 quae
765 210 1008 250 Σιόαισκκλῖει
1056 212 1221 248 vocatur.
1276 209 1420 247 Notum
1456 212 1511 247 est
1548 209 1647 248 enim

115 276 213 326 apud
241 287 395 325 graecos
423 273 621 311 discrimen
651 273 750 311 inter
779 275 976 314 διδάσκειν
1003 277 1039 311 et
1066 278 1323 322 μαθητεύειν,
1350 273 1495 312 etiamsi
1527 274 1649 311 nostri

114 346 315 390 utrumque
342 338 380 375 id
409 350 484 375 uno
514 337 673 375 docendi
702 336 815 375 verbo
829 337 1086 376 reddiderunt.
1115 338 1259 389 Estque
1278 342 1476 379 διδάσκειν
1496 338 1644 389 proprie

118 405 188 442 uin
224 403 394 441 doctriua
429 402 662 447 instituere'',
698 400 942 451 μαθητεύειν
971 415 1056 440 vcro
1097 402 1332 453 ndiscipulos
1359 403 1406 440 ad
1433 402 1643 440 institutio-

114 482 197 507 nem
224 468 401 506 inducere
428 467 504 505 sive
531 467 786 519 praepa1·are'',
806 467 980 518 quodque
999 480 1068 505 nos
1088 467 1186 518 apud
1206 467 1440 506 Matthaeum
1461 467 1644 516 legimus:

112 533 257 570 Euntes
294 532 425 569 docete
461 545 589 569 omnes
622 536 766 581 gentes,
802 531 841 568 id
877 531 914 568 in
950 544 1084 580 graeco
1114 544 1189 569 non
1218 537 1273 568 est
1299 533 1511 581 ἑιέιὶξκτε,
1539 531 1639 582 quod

111 597 159 634 ad
188 596 380 635 doctrinae
407 596 685 634 institutionem
714 595 886 646 pertinet,
915 595 978 633 sed
1007 598 1061 632 est
1088 592 1394 644 μαθητεύσκτε,
1413 595 1449 634 h.
1470 609 1515 641 e„
1533 595 1646 633 disci-

112 661 221 711 pulos
257 660 303 698 ad
342 660 535 697 doctrinae
571 659 849 697 institutionem
887 659 1053 708 colligite
1090 672 1154 696 seu
1191 664 1421 709 praeparate,
1448 664 1489 697 ut
1518 673 1647 697 sensus

111 726 144 762 is
181 726 248 763 sit:
286 725 431 762 Euntes
474 724 644 774 colligite
681 737 748 762 seu
775 729 994 774 praeparate
1022 723 1234 772 Euangelio
1262 737 1345 760 meo
1375 723 1579 774 discipulos
1606 724 1645 761 in

113 790 288 827 omnibus
317 789 505 838 gentibus,
530 811 580 817 —
600 801 762 839 moxque
782 788 886 826 addit
906 787 1059 825 modum
1080 788 1238 838 parandi
1258 788 1484 838 discipulos:
1512 779 1645 839 Bapti-

112 858 253 898 zantes,
286 853 424 904 inquit,
460 866 520 890 eas
556 853 595 890 in
632 852 784 889 nomine
820 852 942 890 Patris
983 855 1018 889 et
1055 851 1144 888 Filii
1180 856 1216 889 et
1244 851 1407 902 Spiritus
1437 852 1579 896 Sancti,
1608 856 1643 889 et

110 916 287 954 docentes
327 929 387 953 eas
415 917 565 965 (graeca
595 915 734 952 habent
761 916 848 963 (37)
876 915 1162 961 διδάσκοντες),
1191 927 1336 952 servare
1366 914 1504 959 omnia,
1531 927 1645 964 quae-

112 994 257 1032 cunque
301 980 378 1017 dixi
417 980 536 1026 vobis,
573 980 609 1018 h.
647 993 692 1025 e.,
727 979 966 1018 instituentes
1001 992 1063 1016 eas
1098 978 1138 1016 in
1176 978 1439 1015 observatione
1475 979 1644 1016 omnium

112 1058 357 1096 quaecunque
393 1044 472 1082 dixi
511 1044 629 1082 vobis.
685 1043 804 1088 Haec,
848 1043 912 1093 qui
948 1056 1079 1092 graece
1115 1047 1317 1093 utrumque
1354 1047 1508 1088 norunt,
1536 1042 1647 1080 facile

113 1110 320 1147 diiudicare
347 1113 518 1160 possunt,
549 1108 621 1146 nisi
649 1107 748 1159 quod
776 1108 840 1145 isti
867 1121 961 1158 quae
989 1120 1065 1145 non
1083 1107 1303 1156 intelligunt
1324 1107 1503 1144 damnant
1520 1107 1648 1144 omnia

111 1179 148 1212 et
185 1174 367 1211 humanas
405 1172 569 1222 argutias
604 1172 805 1223 appellant,
850 1171 1002 1209 interim
1039 1175 1075 1208 et
1112 1185 1150 1208 sc
1178 1176 1212 1208 et
1240 1184 1346 1208 suum
1376 1171 1549 1208 fallentes
1577 1183 1645 1221 po-

112 1238 255 1289 pulum,
284 1238 374 1274 dum
403 1250 477 1274 non
506 1229 713 1274 intellecta'
725 1249 793 1287 pro
823 1235 984 1272 oraculis
1013 1235 1237 1280 obtrudunt,
1265 1240 1305 1272 ut
1330 1235 1482 1272 interim
1501 1240 1645 1272 taccam

115 1302 275 1353 Spiritus
305 1302 433 1339 Sancti
461 1301 501 1338 in
530 1300 641 1338 donis
670 1301 747 1337 suis
776 1304 1045 1350 contemptum,
1072 1312 1166 1350 quae
1195 1299 1401 1337 adversarii
1428 1300 1560 1338 mundi
1589 1314 1649 1338 sa-

110 1366 290 1418 pientiam
320 1371 468 1409 vocunt,
495 1365 602 1416 quasi
632 1377 718 1401 vero
745 1364 962 1413 linguarum
991 1369 1025 1401 et
1040 1363 1324 1415 disciplinarum
1348 1364 1445 1402 dona
1466 1365 1647 1416 Spiritum

114 1433 292 1469 Sanctum
320 1437 486 1468 autorem
517 1443 592 1467 non
623 1429 797 1474 habeant,
824 1434 860 1467 et
895 1429 960 1466 illo
990 1433 1311 1479 non-contempto
1342 1430 1532 1468 contemni
1559 1443 1649 1480 pos-

113 1495 200 1534 sint.
257 1497 308 1532 At
336 1508 405 1532 nos
434 1494 559 1532 verbis
589 1495 634 1531 ab
663 1493 910 1542 Euangelista
937 1493 1048 1531 nobis
1077 1494 1219 1532 relictis
1247 1494 1460 1537 innitimur,
1488 1498 1522 1531 et
1552 1495 1643 1532 certi

113 1560 238 1598 afflatu
275 1558 437 1610 Spiritus
476 1558 607 1595 Sancti
633 1558 782 1610 prodita
812 1571 903 1603 esse,
930 1558 1120 1608 propriam
1149 1557 1301 1595 illorum
1332 1558 1646 1607 significationem

114 1624 303 1675 sequimur
332 1628 366 1661 et
394 1623 612 1660 retinemus.
667 1622 748 1659 Iani
777 1621 878 1672 quod
911 1621 1125 1659 Matthaeus
1155 1621 1267 1659 dicit:
1297 1621 1440 1665 Parate,
1470 1621 1651 1670 colligite,

116 1703 180 1727 seu
216 1689 329 1726 facite
366 1687 459 1725 mihi
489 1687 695 1738 discipulas
724 1687 854 1724 o'mnes
881 1692 1025 1736 gentes,
1053 1686 1091 1723 id
1122 1685 1274 1724 Marcus
1305 1686 1442 1724 clarius
1468 1685 1654 1738 expressit

115 1755 311 1804 κηρύξκτε
351 1755 616 1803 Εὖκγγέλιεν,
653 1751 688 1789 h.
728 1765 772 1797 e.,
818 1764 1046 1802 praeconum
1075 1764 1178 1788 more
1206 1751 1442 1801 promulgate
1470 1751 1647 1799 Euange-

113 1818 205 1855 lium
243 1817 345 1854 omni
383 1820 587 1860 creaturae,
625 1814 827 1865 subditque
864 1814 936 1851 hoc
963 1815 1086 1864 ipsum
1115 1813 1380 1862 Euangelium,
1407 1812 1508 1864 quod
1536 1814 1649 1863 longe

113 1896 134 1919 a
168 1881 262 1931 legis
300 1886 431 1918 natura
468 1880 656 1917 diversum
695 1884 762 1924 est,
789 1884 824 1916 et
855 1891 931 1915 non
958 1883 1036 1915 tam
1064 1878 1102 1915 in
1130 1878 1337 1929 praeceptis
1365 1883 1430 1916 aut
1460 1891 1648 1915 caeremo-

117 1947 201 1992 niis,
236 1959 347 1997 quam
378 1944 503 1996 potius
532 1943 569 1981 in
598 1943 849 1994 promissione
876 1943 1062 1992 gratuitae
1089 1942 1371 1979 misericordiae
1398 1942 1585 1988 consistit,
1615 1942 1644 1980 si

112 2012 217 2048 illam
253 2023 327 2047 non
367 2014 664 2046 contemnamus.
720 2008 862 2058 Estque
901 2007 991 2044 haec
1026 2006 1293 2057 promulgandi
1330 2006 1531 2055 Euangelii
1557 2019 1645 2056 pro·

115 2076 242 2113 missio
272 2081 307 2112 et
335 2088 497 2111 summa:
529 2073 607 2111 Qui
637 2071 836 2109 crediderit
864 2076 900 2108 ct
929 2071 1137 2122 baptizatus
1165 2070 1291 2116 fuerit,
1319 2070 1445 2108 salvus
1473 2070 1556 2113 erit,
1583 2070 1648 2121 qui

113 2146 236 2179 autem
265 2154 341 2177 non
371 2139 570 2177 crediderit
599 2137 926 2183 condemnabitur,
952 2159 1001 2165 -—
1030 2149 1104 2174 non
1132 2140 1255 2173 autem
1285 2135 1504 2173 mandatum
1529 2136 1647 2173 ullum

116 2206 311 2257 Apostolis
340 2205 482 2248 datum,
510 2217 582 2254 quo
613 2203 704 2239 ordo
732 2202 795 2239 ille
824 2205 953 2253 (quem
981 2201 1045 2239 isti
1075 2203 1227 2250 urgent)
1256 2200 1417 2251 primum
1440 2200 1651 2245 doctrinae,

116 2271 250 2308 deinde
282 2269 383 2315 fidei,
419 2275 606 2319 postremo
645 2266 821 2317 baptismi
860 2271 1055 2311 statuatur,
1094 2278 1203 2316 quem
1242 2278 1309 2302 nos
1347 2264 1498 2315 quidem
1536 2264 1645 2302 etiam

118 2348 193 2372 non
230 2334 452 2371 damnamus
490 2333 517 2369 si
558 2336 655 2368 recte
694 2344 759 2367 suo
798 2331 882 2367 loco
921 2334 955 2367 et
992 2329 1227 2378 intelligatur
1264 2333 1298 2366 et
1325 2329 1557 2373 observetur,
1585 2329 1648 2365 sed

117 2400 186 2437 hoc
225 2398 344 2436 Marci
380 2398 462 2435 loco
499 2397 607 2434 illum
646 2395 826 2433 constitui
865 2408 1057 2444 negamus,
1095 2394 1133 2431 in
1172 2406 1249 2445 quo
1288 2394 1434 2431 nullum
1463 2393 1507 2430 de
1534 2393 1648 2431 modo

116 2471 179 2502 aut
218 2464 348 2501 ordine
386 2462 560 2513 baptismi
596 2461 815 2499 mandatum
855 2461 1035 2498 videmus.
1093 2460 1176 2496 imo
1213 2472 1303 2496 vero
1331 2459 1447 2496 alium
1475 2459 1644 2496 ordinem

116 2529 214 2580 apud
255 2528 487 2565 Matthaeum
528 2526 708 2572 videmus,
746 2525 810 2576 qui
839 2525 1068 2575 baptismum
1096 2523 1312 2574 praeposuit
1341 2523 1536 2561 doctrinae
1564 2537 1649 2561 suae

116 2593 360 2632 institutioni.
406 2592 571 2629 Primum
601 2590 699 2628 enim
729 2590 781 2627 ait
810 2590 1049 2638 baptismale-9
1077 2602 1154 2633 ec18,
1184 2602 1313 2639 nempe
1342 2594 1488 2638 gentes,
1516 2588 1650 2626 deinde

119 2673 204 2697 vero
232 2660 413 2697 docentes.
444 2657 685 2707 Perspicuum
713 2661 768 2693 est
797 2655 923 2704 igitur,
954 2667 1088 2691 vanum
1118 2667 1196 2692 esse
1225 2653 1325 2705 quod
1355 2654 1399 2690 de
1429 2654 1486 2691 his
1505 2653 1650 2690 duobus

118 2725 210 2762 locis
246 2722 450 2762 adversarii
486 2722 633 2766 docent,
663 2721 849 2765 videlicet,
876 2724 911 2757 et
941 2719 1165 2770 baptismum
1196 2719 1307 2757 simul
1337 2732 1379 2756 ac
1407 2719 1576 2756 ordinem
1604 2718 1649 2754 il-

117 2789 189 2827 lius
217 2788 277 2826 hic
304 2786 453 2825 institui
481 2791 516 2824 et
543 2786 708 2823 mandati
735 2786 817 2822 loco
847 2784 1106 2835 accipiendum
1135 2797 1227 2828 esse,
1242 2783 1426 2834 quidquid
1448 2782 1650 2832 utrobique

119 2854 197 2891 illic
226 2853 394 2891 habetur,
441 2850 564 2890 Quid!
592 2850 691 2901 quod
720 2849 869 2901 ipsimet
899 2851 1072 2895 fatentur,
1102 2849 1244 2888 nullam
1273 2847 1402 2886 haberi
1432 2846 1651 2900 promissio-
