1818 3178
730 157 967 188 PRAEFATIO.
1498 163 1615 193 LXVII

92 258 302 314 pollicitus
343 263 414 310 est,
447 273 491 307 se
523 259 730 304 Laseiana
761 277 940 319 quoque,
975 265 1007 305 si
1039 279 1146 319 quac
1177 273 1513 322 emergerentur,
1546 284 1605 310 se-

89 328 190 371 dulo
220 329 538 385 expiscaturum
569 347 672 376 esse.

147 398 373 442 Caeterum
413 399 454 441 in
486 402 848 455 repraesentandis
879 403 1007 445 Lasci
1038 405 1234 460 epistoliS,
1268 413 1471 463 quotquot
1500 424 1604 452 nan-

88 469 187 512 cisci
226 472 356 525 potui,
400 471 456 513 ita
495 479 683 515 versatus
713 489 819 525 sum,
852 481 898 516 ut
926 475 1032 516 iusta
1064 476 1350 520 distributione
1380 495 1524 522 omnes
1554 482 1605 523 ad

87 541 289 597 temporis
332 541 521 585 ordinem
567 551 902 588 recenserentur.
964 545 1086 599 Quae
1127 549 1167 590 in
1193 549 1394 607 *Gerdesii
1425 552 1602 595 editione

87 612 305 654 manifesto
334 613 479 656 vitiosa
508 613 882 670 deprehenderam,
916 632 1064 659 sanare
1095 633 1173 674 pro
1204 621 1313 662 virili
1343 624 1535 678 portione
1564 632 1604 666 et

87 683 308 726 restituere
356 693 531 728 conatus
570 701 676 738 sum,
725 687 772 729 iis
802 702 970 744 quoque
1000 688 1248 733 medicinam
1280 694 1434 736 afferre
1465 697 1603 738 enisus

87 769 194 809 quae
226 770 398 810 prorsus
427 755 583 799 idcirco
612 758 807 800 omiserat
838 758 1081 812 Gerdesius,
1112 762 1224 816 quod
1255 763 1487 807 intricatius
1507 783 1602 810 exa-

87 831 179 867 rata
218 826 259 867 in
301 827 455 883 scripto
495 843 543 869 ea
584 828 780 884 expedire
819 844 902 871 non
945 837 1153 886 potuerat.
1218 831 1376 877 Sedulo
1405 851 1532 892 porro
1562 839 1602 880 in

85 897 269 940 cuiusvis
307 899 506 955 epistolae
552 900 702 956 capite,
745 901 856 942 unde
891 901 1121 958 rdesumpta
1160 911 1278 956 esset,
1325 906 1523 964 adscripsi
1565 919 1607 952 et

85 969 344 1024 paucissimis
374 970 426 1012 ad
453 970 608 1013 calcem
638 986 686 1013 ea
709 986 874 1027 quoque
905 973 1050 1024 adieci,
1083 988 1190 1029 quae
1220 982 1268 1018 ut
1296 993 1418 1033 spero
1438 987 1606 1022 contex-

85 1046 174 1081 tum
215 1041 312 1083 satis
348 1041 620 1084 illustrabunt
650 1050 691 1084 et
721 1043 941 1099 expedient
971 1044 1208 1090 lectionem.
1267 1048 1436 1106 Ubique
1467 1059 1603 1096 tamen

85 1126 256 1166 operam
289 1111 395 1164 dedi,
427 1119 475 1154 ut
506 1121 807 1170 quantumpote
829 1116 1090 1160 consulerem
1116 1120 1375 1176 compendio,
1437 1123 1603 1166 Etenim

89 1182 122 1224 si
151 1183 358 1239 prolixius
390 1199 663 1240 quaecunque
694 1187 734 1228 in
767 1188 951 1243 epistolis
983 1188 1271 1234 observatione
1307 1201 1458 1249 egeant
1486 1211 1609 1238 excu-

87 1261 174 1296 tere
220 1255 439 1297 voluissem
484 1257 639 1309 omnia,
687 1273 794 1314 eque
822 1258 950 1301 Lasci
982 1261 1066 1303 vita
1097 1262 1333 1306 uberiorem
1365 1265 1414 1307 iis
1444 1266 1608 1323 adsper—

88 1339 188 1380 gere
229 1323 382 1376 lucem,
423 1324 532 1368 hanc
565 1327 689 1369 vitam
723 1343 890 1370 omnem
922 1330 1010 1372 fere
1041 1332 1278 1388 expendere
1309 1342 1350 1377 et
1379 1336 1422 1378 in
1454 1339 1610 1381 notulis

85 1394 319 1438 adscribere
340 1412 407 1439 me
427 1399 689 1453 oportuisset,
714 1400 823 1454 quod
846 1416 1017 1456 prorsus
1038 1410 1176 1447 tamen
1208 1405 1259 1448 ab
1281 1407 1471 1451 editionis
1492 1425 1608 1453 meae

84 1466 245 1508 ratione
291 1467 562 1520 abhoruisset,
605 1471 759 1527 quippe
800 1486 906 1526 quae
947 1472 1129 1516 auctoris
1158 1477 1267 1520 vitae
1297 1481 1606 1524 enarrationem

87 1552 162 1580 suo
195 1537 286 1580 loco
315 1539 518 1584 exhibeat.
573 1540 641 1583 »Id
672 1542 809 1598 ipsum
842 1543 945 1586 mihi
973 1546 1015 1586 in
1049 1560 1176 1589 causa
1206 1563 1375 1605 quoque
1405 1551 1498 1603 fuit,
1531 1567 1610 1595 cur

86 1609 372 1666 Epistolarum
402 1619 636 1666 aryumenta
668 1615 899 1658 omittenda
929 1631 1016 1659 esse
1037 1617 1250 1672 ducerem,
1275 1636 1383 1678 quae
1403 1623 1606 1666 nimirum

85 1688 158 1723 aut
202 1681 507 1726 absolutissima
547 1700 632 1727 esse
668 1685 829 1738 debent,
860 1694 936 1730 aut
964 1698 1115 1732 nocent
1146 1691 1240 1747 plus
1270 1708 1398 1749 quam
1430 1703 1610 1750 prosunt

87 1752 246 1803 lectori,
278 1769 400 1808 quem
448 1756 649 1798 continuo
693 1758 736 1799 in
783 1773 878 1801 eum
927 1760 1127 1804 inducant
1163 1778 1353 1806 errorem
1385 1771 1432 1808 ut
1463 1767 1604 1809 abesse

87 1825 297 1881 opinetur,
340 1827 540 1883 quicquid
579 1829 766 1871 omiserit
811 1830 1023 1887 Epistolae
1063 1842 1378 1892 argumentum.
1440 1837 1492 1881 In
1524 1838 1606 1882 fine

87 1896 267 1952 denique
297 1897 421 1941 huius
451 1899 738 1956 Epistolarum
766 1903 918 1959 syllabi
948 1905 1133 1948 tabulam
1155 1909 1344 1964 apposui,
1373 1924 1456 1965 qua
1478 1913 1604 1953 totius

85 1968 234 2010 tertiae
278 1970 469 2012 sectionis
508 1973 703 2014 materies
741 1972 985 2018 brevissimo
1026 1979 1274 2034 compendio
1315 1980 1537 2024 exhibetur
1566 1990 1609 2025 et

88 2052 173 2080 uno
217 2038 333 2092 velut
374 2049 599 2097 conspectu
639 2043 893 2101 intelligitur
934 2047 985 2089 ad
1031 2063 1171 2105 quem,
1212 2049 1421 2094 undenam
1454 2061 1494 2094 et
1525 2068 1609 2109 qua

86 2109 151 2152 die
181 2111 373 2168 singulae
401 2113 600 2170 epistolae
629 2114 748 2158 datae
777 2116 871 2162 sint.

291 2497 357 2539 16.
422 2496 489 2537 DE
521 2509 614 2540 rue.
647 2511 738 2541 PAP.
770 2511 936 2542 ILLIOIT.
970 2512 1110 2541 SACRIS
1147 2501 1200 2556 (a.
1225 2501 1335 2545 1546
1350 2502 1402 2559 Ρ).

425 2624 573 2682 [LAsci
609 2627 749 2679 Opera,
783 2624 883 2669 Vol.
913 2627 950 2677 I,
998 2643 1040 2685 p.
1073 2630 1272 2689 61-95,]

146 2751 366 2809 Nusquam
408 2755 450 2796 in
495 2755 625 2811 1psius
669 2754 797 2798 Lasci
847 2755 935 2798 sive
965 2758 1151 2814 epistolis
1182 2759 1267 2801 sive
1298 2761 1460 2817 scriptis
1489 2763 1609 2806 libel-

92 2822 195 2876 lum,
243 2824 322 2866 hoc
352 2825 475 2868 titulo
505 2833 713 2877 ornatum,
752 2827 819 2871 vel
850 2827 982 2871 obiter
1022 2839 1378 2874 commemoratur
1418 2840 1458 2875 et
1489 2836 1610 2879 valde

86 2893 287 2948 dubitem,
320 2912 371 2940 an
404 2913 591 2954 unquam
624 2899 757 2942 latino
791 2915 984 2945 sermone
1015 2904 1127 2960 typis
1157 2919 1335 2946 excusus
1365 2905 1430 2947 sit.
1481 2907 1610 2951 Affir-

1246 2975 1373 2997 10*έὸθῇ
1407 2978 1433 3018 2
