1818 3178
204 93 278 131 ⁵14
848 100 906 129 ΕΡ.
934 100 1082 128 noc‘ra.

205 215 331 241 arcum
375 200 534 239 foederis
573 199 786 263 appellavit,
823 203 858 236 et
895 199 1042 236 flamma
1081 199 1253 237 coelestis
1289 200 1367 245 illa,
1403 212 1497 250 quae
1537 198 1726 237 nascentis

206 266 336 305 mundi
364 263 544 302 sacrificia
574 263 832 301 consumebat.
886 263 1059 312 Utraque
1086 263 1185 300 enim
1215 264 1306 300 haee
1333 265 1374 302 in
1403 262 1593 301 Ecclesiae
1620 262 1734 301 ruinis

208 331 320 369 sterio
356 329 478 380 posita
514 341 591 366 non
628 333 746 372 erant.
783 327 847 365 sed
875 327 977 365 Deus
1005 327 1070 364 illa
1100 327 1187 364 dum
1217 328 1365 366 volebat
1393 328 1509 366 oculis
1537 326 1729 366 hominum

208 394 423 440 obiiciebat,
449 397 485 432 ct
512 406 588 431 non
617 393 809 430 habehant
840 392 913 429 sibi
940 392 1121 429 adnexam
1151 392 1282 430 salutis
1308 392 1607 443 promissionem.
1661 391 1729 432 Al-

206 464 325 498 terum
353 471 472 508 genus
500 454 825 495 sacramentorum
857 462 926 501 est,
954 456 1054 507 quod
1082 460 1138 494 est
1165 456 1380 495 institutum
1408 458 1455 495 ad
1482 456 1729 495 ministerium

209 525 398 562 Ecclesiae
435 523 504 561 Dei
539 527 575 560 et
610 523 722 560 habet
757 522 940 559 adnexam
971 521 1102 559 salutis
1129 524 1214 570 (23)
1243 521 1511 568 conditionem,
1541 526 1580 560 ut
1607 535 1628 559 a
1657 521 1733 558 vita

206 594 354 627 aeterna
384 592 658 638 contemptores
685 587 837 624 illorum
864 586 1020 623 omnino
1050 586 1308 624 excludantur.
1338 585 1462 623 Huius
1489 586 1636 635 generis
1655 585 1730 623 duo

205 653 402 704 praecipua
435 652 474 689 in
513 657 634 688 vetere
664 650 833 688 Ecclesia
862 651 1027 696 suerunt,
1057 650 1291 688 circumcisio
1321 654 1356 687 et
1384 663 1504 698 agnus
1530 649 1730 700 paschalis.

208 717 290 754 Nos
316 717 466 754 illorum
495 716 577 753 loeo
607 715 680 752 duo
709 714 821 752 etiam
851 714 1029 752 habemus
1059 714 1286 764 baptismum
1314 719 1351 752 et
1380 726 1533 751 coenam
1563 713 1730 752 Domini.

208 781 296 818 Non
333 780 406 818 alia
443 793 531 817 sane
559 793 671 830 quam
699 782 805 817 erant
831 778 956 830 priora
984 779 1062 822 illa,
1090 778 1163 816 nisi
1191 778 1290 829 quod
1321 783 1449 816 nostra
1476 778 1631 816 mutatis
1658 778 1732 815 ele-

207 846 341 883 mentis
368 845 577 883 exhibitum
605 844 643 881 id
672 843 782 882 nobis
810 843 883 881 iam
912 843 952 880 in
981 843 1132 880 Christo
1161 855 1241 880 esse
1267 847 1467 889 testantur,
1493 842 1591 893 quod
1608 842 1731 893 priora

205 911 271 948 illa
300 911 469 948 futurum
498 909 622 946 adhuc
650 908 912 957 designabant,
939 907 993 945 sic
1018 912 1062 945 ut
1090 920 1166 944 non
1194 911 1269 944 tam
1299 912 1530 945 sacramenta
1548 907 1629 957 ipsa
1647 919 1731 944 mu-

203 979 281 1013 tata
317 974 404 1019 sint,
439 986 548 1024 quam
586 972 712 1023 potius
741 976 1059 1010 sacramentorum
1087 971 1281 1017 elementa,
1309 970 1623 1021 quemadmodum
1651 971 1731 1008 Au-

202 1038 377 1088 gustinus
405 1038 526 1076 docet.
581 1037 736 1075 Habent
763 1041 887 1074 autem
918 1035 1065 1085 singula
1095 1035 1206 1073 huius
1233 1035 1383 1084 generis
1412 1039 1643 1073 sacramenta
1667 1047 1731 1085 pe-

205 1103 360 1141 culiares
397 1116 483 1141 suas
516 1101 798 1153 promissiones,
836 1100 974 1151 quihus
1013 1100 1127 1138 veluti
1169 1100 1384 1151 diplomatis
1421 1100 1566 1137 adnexa
1593 1112 1732 1150 appen-

204 1168 294 1223 dent
320 1172 480 1217 suntque
506 1167 658 1204 illorum
687 1167 907 1215 σφραγῖδες
936 1165 1041 1202 iuxta
1071 1164 1241 1202 Paulum.
1272 1163 1427 1201 Habent
1454 1164 1544 1201 item
1582 1163 1732 1214 pecula-

204 1232 260 1269 ria
289 1231 472 1282 symbola,
499 1231 636 1281 quibus
666 1229 838 1267 coelestia
867 1228 1089 1266 adumbrent
1117 1227 1308 1278 mysteria,
1335 1232 1495 1279 suntque
1523 1241 1606 1265 vere
1632 1227 1733 1278 quod

204 1297 381 1334 dicuntur
409 1299 652 1340 sacramenta,
680 1294 718 1332 h.
746 1307 792 1340 e.,
819 1292 1025 1331 invisibilis
1053 1293 1196 1342 gratiae
1224 1293 1388 1331 visibilia
1417 1293 1536 1342 signa.
1576 1292 1734 1330 Habent

205 1367 392 1414 praeterea
418 1360 618 1412 peculiaria
663 1372 813 1410 quoque
850 1357 1038 1404 mandata,
1074 1371 1120 1395 ne
1147 1357 1238 1408 quid
1266 1357 1328 1395 hic
1363 1357 1473 1395 nobis
1510 1356 1731 1395 mutandum

204 1427 417 1466 addendum
445 1424 758 1464 detrahendumve
784 1436 851 1474 pro
879 1423 1035 1460 arbitrio
1064 1427 1193 1460 nostro
1222 1434 1301 1460 esse
1334 1428 1521 1473 putemuS.
1576 1421 1733 1460 Habent

204 1497 240 1530 et
267 1491 471 1543 peculiares
499 1488 762 1533 caeremonias,
789 1500 883 1538 quae
911 1487 1094 1525 donorum
1122 1487 1160 1524 in
1189 1487 1300 1525 nobis
1320 1486 1533 1524 coelestium
1553 1485 1733 1534 obsigna·

204 1557 346 1595 tionem
373 1559 596 1593 attestentur
623 1558 658 1591 et
685 1552 805 1590 oculis
833 1552 971 1590 nostris
999 1555 1289 1602 repraesentent.
1344 1554 1468 1601 Atque
1496 1551 1532 1588 in
1562 1550 1620 1587 his
1648 1563 1730 1587 om-

206 1621 317 1660 nibus
344 1620 555 1658 adiunctam
587 1618 726 1655 habent
754 1616 884 1655 salutis
915 1616 1182 1661 conditionem,
1209 1628 1303 1666 quae
1330 1620 1437 1652 ornet
1456 1615 1605 1651 illorum
1627 1627 1732 1651 usum

205 1691 242 1725 et
286 1685 393 1723 docet
426 1685 532 1722 illum
569 1683 660 1721 citra
698 1682 829 1720 salutis
867 1681 1067 1720 discrimen
1106 1680 1249 1729 negligi
1289 1679 1576 1731 haudquaquam
1614 1691 1735 1730 posse,

206 1752 324 1790 multo
369 1750 492 1788 minus
534 1753 655 1786 autem
694 1747 898 1786 contemni.
952 1747 1061 1785 Quae
1105 1746 1255 1796 quidem
1294 1745 1419 1783 omnia
1455 1758 1501 1783 ex
1541 1744 1735 1795 utriusque

209 1816 329 1854 nostri
356 1812 579 1854 sacramenti
608 1811 860 1863 explicatione
888 1811 998 1849 facile
1026 1811 1272 1862 apparebunt.

743 1942 757 1992 §
789 1943 850 1981 15.
903 1943 963 1979 De
989 1942 1189 1992 baptismo.
1226 1968 1228 1971 -

259 2074 434 2113 Diximus
462 2074 694 2110 sacramenta
722 2070 849 2107 omnia
877 2069 925 2107 ab
954 2081 997 2107 eo
1027 2067 1265 2119 potissimum
1293 2067 1367 2104 fine
1394 2064 1626 2104 aestimanda
1646 2077 1738 2110 esse,

210 2139 255 2177 ad
292 2152 400 2190 quem
438 2142 526 2175 sunt
558 2135 757 2187 praecipue
784 2134 970 2172 instituta.
1024 2132 1156 2183 ltaque
1184 2145 1255 2170 nos
1282 2132 1443 2170 Paulum
1471 2131 1510 2168 in
1539 2130 1607 2168 hac
1633 2134 1737 2180 parte

209 2203 345 2242 imitati
382 2203 541 2240 dicimus
577 2200 813 2251 Baptismum
842 2200 1047 2249 σφραγῖδα
1075 2210 1154 2235 6336
1179 2196 1345 2235 iustitiae
1374 2209 1437 2233 seu
1464 2194 1735 2245 acceptationis

206 2272 354 2306 nostrae
380 2267 419 2304 iu
447 2266 607 2315 gratiam
635 2264 705 2302 Dei
731 2269 882 2314 propter
903 2262 1106 2300 Christum.
1135 2262 1174 2299 Is
1195 2261 1293 2298 enim
1321 2260 1502 2298 translata
1518 2259 1558 2297 in
1579 2272 1616 2296 se
1636 2271 1735 2295 noxa

206 2338 421 2371 nostrorum
449 2331 615 2368 omnium
644 2333 896 2380 peecatorum,
925 2341 1028 2365 suam
1058 2326 1168 2364 nobis
1195 2325 1451 2364 innocentiam
1472 2324 1591 2362 voluit
1610 2336 1732 2361 secum

205 2402 285 2435 toto
314 2401 497 2434 terrarum
526 2396 617 2432 orbe
646 2407 724 2431 esse
754 2405 961 2438 commune,
990 2396 1030 2429 ut
1056 2404 1121 2442 per
1149 2404 1228 2429 eam
1256 2390 1356 2440 grati
1385 2390 1499 2428 simus
1526 2389 1565 2426 in
1592 2387 1733 2425 iudicio

206 2459 289 2506 Dei,
329 2460 440 2497 modo
487 2472 533 2497 ne
578 2459 676 2497 tanti
723 2457 894 2495 beneficii
931 2456 1229 2506 magnitudinem
1266 2458 1563 2493 contemnamus.
1617 2453 1732 2490 Porro

205 2524 517 2576 quemadmodum
555 2523 689 2572 sigillis
732 2535 827 2573 quae
863 2520 1079 2572 diplomatis
1116 2520 1379 2571 appenduntur
1407 2531 1482 2556 non
1509 2521 1586 2554 tam
1614 2515 1732 2565 expli-

206 2593 338 2628 cantur
374 2589 472 2626 dona
505 2588 552 2626 iis
588 2587 725 2638 quibus
761 2585 903 2637 aliquid
939 2590 996 2623 est
1024 2585 1217 2628 donatum,
1245 2597 1356 2634 quam
1385 2581 1605 2620 donationes
1632 2580 1733 2630 ipsae

207 2655 461 2692 obfirmantur
487 2653 626 2703 potius,
653 2656 696 2690 ut
724 2656 759 2690 et
786 2650 945 2702 posteris
974 2650 1083 2687 fidem
1112 2649 1256 2686 faciant
1283 2652 1317 2686 et
1344 2645 1639 2685 adversariorum
1670 2657 1733 2682 co·

207 2724 318 2758 natus
354 2719 386 2756 si
414 2717 478 2768 qui
507 2717 603 2755 forte
627 2716 865 2754 exorirentur
893 2714 1112 2758 retundant,
1139 2714 1190 2751 ita
1219 2712 1412 2763 Baptismo
1440 2723 1516 2748 non
1542 2713 1618 2747 tam
1646 2721 1734 2760 pro-

204 2784 283 2835 prie
324 2782 435 2821 nobis
472 2780 681 2832 applicatur
716 2779 863 2817 iustitia
900 2782 1028 2816 nostra
1065 2791 1129 2816 seu
1164 2777 1204 2815 in
1230 2776 1389 2826 gratiam
1418 2774 1488 2812 Dei
1515 2773 1736 2824 acceptatio,

209 2861 321 2903 quam
351 2846 475 2899 potius
502 2857 566 2896 per
595 2844 786 2883 Christum
815 2842 926 2882 semel
954 2842 1140 2897 applicata
1168 2841 1388 2880 obfirmatur
1413 2852 1457 2879 ac
1477 2838 1589 2877 veluti
1609 2837 1734 2893 sigillo
