1818 3178
720 100 780 128 ΕΡ.
810 99 957 127 DocTB.
1535 88 1605 124 541

78 219 157 244 esse
191 206 373 257 oporteat,
410 216 520 254 quam
561 215 645 241 cum
671 202 737 240 illo
767 216 840 241 una
869 201 928 239 vel
954 201 1052 239 mori
1079 200 1137 238 vel
1166 199 1315 252 sepeliri
1341 199 1399 238 vel
1427 200 1466 237 in
1495 200 1606 237 novi-

77 276 194 309 tatem
228 271 326 319 vitae
363 282 588 318 consurgere
626 269 738 306 etiam
773 267 974 320 possimus,
1010 280 1105 317 quae
1143 267 1300 303 obsecro
1339 266 1429 303 haec
1475 264 1607 314 religio

78 340 144 381 est,
185 340 226 372 ut
262 333 362 384 quod
397 331 560 384 primum
598 333 764 383 adeoque
800 337 836 370 et
864 344 1050 369 summum
1080 331 1204 367 locum
1234 329 1381 368 obtinet
1408 329 1447 366 in
1475 328 1607 366 salutis

80 406 229 437 nostrae
267 398 425 443 ratione,
460 397 499 434 id
526 402 715 448 postremo
744 397 892 434 demum
921 397 1005 434 loco
1031 395 1070 432 in
1098 408 1168 432 usu
1197 398 1512 432 sacrementorum
1539 405 1609 444 po·

81 465 216 501 natur?
244 462 352 513 quasi
379 475 466 499 vero
494 475 569 499 non
600 462 691 499 haec
720 462 767 498 sit
795 474 938 498 summa
967 460 1134 509 dignitas
1162 459 1327 496 omnium
1358 462 1609 496 sacramento·

81 540 176 572 rum,
202 527 302 577 quod
333 528 408 564 sint
437 527 569 564 salutis
599 531 749 564 nostrae
776 526 814 563 in
843 525 954 563 nobis
982 524 1282 574 obsignationes,
1308 529 1374 561 aut
1404 523 1498 561 alius
1517 523 1608 560 ordo

81 591 299 629 retinendus
328 592 440 629 nobis
468 592 516 629 sit
543 592 583 628 in
611 591 743 628 salutis
772 595 922 628 nostrae
949 590 1109 633 ratione,
1136 589 1232 626 alius
1260 589 1296 626 in
1318 588 1611 637 obsignatione?

81 654 210 692 Quum
237 655 362 705 potius
391 654 451 691 hic
479 655 667 691 Sathanae
695 655 839 691 artibus
869 666 998 690 omnes
1028 653 1237 697 renitimur,
1264 653 1296 690 is
1325 665 1401 690 non
1423 652 1515 690 alibi
1535 653 1611 689 fere

80 731 237 768 usquam
274 719 414 756 maiore
453 723 537 756 astu
573 720 694 756 utitur
732 731 843 769 quam
877 718 918 755 in
947 718 1175 755 detrahenda
1205 718 1356 756 Christo
1387 732 1452 756 sua
1479 718 1614 767 gloria,

80 796 174 833 quae
211 784 281 821 hoc
317 797 406 821 sane
443 784 596 821 nomine
631 783 731 834 apud
768 796 837 821 nos
867 789 921 820 est
950 783 1118 820 omnium
1148 783 1402 829 celeberrima,
1428 783 1527 834 quod
1557 783 1613 819 illi

81 847 207 885 insitis
243 848 439 892 mundum,
468 852 626 885 mortem
656 860 699 885 ac
726 848 917 886 infernum
952 847 1070 898 ipsius
1098 848 1231 893 merito
1260 861 1324 898 per
1351 847 1461 885 fidem
1492 847 1612 884 vinci·

81 924 164 950 mus
191 917 302 962 atque
330 912 443 949 etiam
473 912 753 951 conculcamus.
795 912 920 949 Huius
948 912 1064 961 igitur
1092 917 1242 949 nostrae
1268 902 1307 949 sn
1337 912 1526 949 Christum
1554 912 1614 948 in-

80 976 231 1014 sitionis
262 978 336 1014 vim
363 982 474 1027 atque
502 977 686 1014 rationem
715 977 917 1014 obscurare
944 976 1182 1027 potissimum
1202 977 1425 1026 abolereque
1444 976 1483 1013 in
1504 976 1614 1014 nobis

83 1047 258 1092 perpetuo
294 1042 358 1079 ille
395 1048 563 1088 conatur,
601 1055 683 1079 cum
721 1041 813 1079 alibi
850 1041 1004 1092 ubique,
1040 1046 1119 1079 tum
1158 1055 1244 1079 vero
1282 1042 1441 1079 maxime
1478 1042 1516 1078 in
1543 1054 1613 1079 usu

81 1111 415 1151 sacramentorum,
453 1107 553 1157 quod
591 1106 682 1143 haec
719 1107 803 1144 ideo
841 1107 1078 1157 potissimum
1116 1106 1293 1143 instituta
1321 1119 1400 1144 esse
1429 1106 1546 1152 novit,
1576 1111 1615 1144 ut

82 1171 159 1208 sint
196 1173 414 1222 σφραγῖδες
443 1172 520 1208 eius
548 1172 666 1222 ipsius
694 1171 813 1208 nostri
842 1172 880 1208 in
911 1171 1102 1208 Christum
1131 1175 1324 1221 tantopere
1352 1171 1494 1208 invisae
1521 1171 1615 1208 insi-

80 1235 209 1273 tionis.
239 1238 390 1286 'Atque
427 1241 535 1273 antea
564 1235 714 1286 quidem
741 1235 779 1272 id
808 1236 859 1272 ita
889 1235 979 1284 egit,
1006 1240 1047 1273 ut
1075 1235 1147 1272 vim
1179 1248 1328 1272 omnem
1357 1241 1613 1273 sacramento-

82 1313 164 1337 rum
202 1300 249 1337 ab
287 1300 410 1351 operis
438 1301 556 1351 ipsius
585 1301 769 1350 dignitate
796 1300 1024 1338 metiendam
1054 1301 1122 1338 sub
1152 1301 1296 1351 Papatu
1324 1312 1406 1338 esse
1433 1301 1615 1340 docuerit.

84 1366 199 1402 Nunc
235 1379 320 1403 vero
357 1369 498 1402 retecto
535 1366 609 1402 iam
649 1366 737 1403 fuco
777 1365 860 1403 hoc.
897 1365 1013 1402 alium
1050 1365 1350 1402 comminiscitur
1385 1378 1542 1415 eumque
1577 1371 1617 1404 ut

86 1430 206 1468 multo
236 1430 467 1467 callidiorem
495 1431 547 1467 ita
575 1430 693 1468 multo
722 1430 834 1467 etiam
864 1430 1079 1467 hauddubie
1107 1430 1378 1469 nocentiorem.
1419 1431 1619 1467 Adulterat

84 1498 235 1532 nostrae
269 1495 308 1532 in
348 1495 542 1532 Christum
578 1495 773 1533 insitionis
811 1495 997 1533 rationem
1036 1508 1079 1532 ac
1116 1495 1282 1539 modum,
1319 1507 1408 1532 mox
1447 1495 1550 1532 illam
1579 1495 1617 1532 in

83 1566 314 1611 postremum
360 1560 546 1611 quendam
593 1561 718 1598 locum
760 1560 893 1606 reiicit,
940 1573 985 1597 ne
1031 1559 1087 1596 illi
1132 1564 1328 1610 tantopere
1370 1559 1541 1604 fidamus,
1584 1564 1620 1597 et

84 1625 187 1675 quod
225 1624 365 1662 Christi
402 1625 596 1676 proprium
634 1629 703 1670 est,
738 1625 778 1662 id
806 1625 846 1663 in
874 1638 943 1662 nos
969 1625 1177 1662 transferre
1212 1624 1334 1662 modis
1363 1625 1539 1662 omnibus
1567 1625 1620 1663 ita

83 1693 253 1733 conatur,
295 1693 336 1726 ut
372 1689 474 1739 quod
514 1689 625 1727 nobis
663 1689 734 1740 ipsi
772 1689 990 1735 tribuimus,
1024 1689 1062 1726 id
1101 1689 1253 1726 Christo
1283 1689 1448 1727 Domino
1476 1689 1618 1727 eteius

82 1754 226 1803 gloriae
254 1754 508 1798 detrahamus,
536 1759 659 1791 certus
688 1768 756 1792 nos
785 1755 866 1792 fore
894 1767 994 1798 suos,
1024 1754 1135 1792 simul
1163 1760 1275 1804 atque
1294 1754 1486 1792 Christum
1507 1754 1617 1792 nobis

87 1819 343 1866 coniunctum,
381 1820 456 1857 imo
497 1833 584 1857 vero
620 1824 788 1857 autorem
826 1833 870 1857 ac
906 1820 1125 1868 largitorem
1154 1819 1283 1857 omnis
1306 1825 1456 1857 nostrae
1484 1820 1616 1858 salutis

86 1898 162 1922 non
192 1884 410 1923 habeamus.
439 1884 568 1923 Quare
597 1898 680 1922 cum
708 1898 749 1937 ea
778 1898 835 1922 res
863 1885 909 1922 ad
940 1884 1081 1922 Christi
1109 1884 1262 1922 Domini
1291 1885 1512 1934 dignitatem
1540 1890 1619 1923 tota

85 1950 271 2000 pertineat
308 1953 344 1986 et
381 1953 524 1986 certum
553 1949 602 1986 sit
629 1949 864 1999 paraenetica
894 1949 1062 1986 omnium
1094 1954 1413 1987 sacramentorum
1441 1950 1619 2000 mysteria

84 2015 132 2051 ab
171 2013 445 2062 obsignatoriis
484 2013 704 2064 dependere,
739 2018 851 2064 atque
888 2014 1160 2064 obsignatoriis
1197 2028 1346 2052 omnem
1384 2016 1460 2052 sere
1489 2015 1618 2053 salutis

86 2084 236 2117 nostrae
277 2084 313 2116 et
351 2092 452 2130 spem
489 2083 525 2116 et
561 2079 744 2116 rationem
781 2080 893 2117 nobis
920 2080 1095 2130 proponi,
1123 2093 1191 2117 nos
1219 2081 1378 2131 primum
1406 2081 1480 2117 illis
1508 2081 1619 2118 etiam

85 2144 212 2181 locum
249 2143 453 2181 tribuimus
488 2144 524 2181 in
564 2157 633 2181 usu
671 2143 837 2181 omnium
875 2149 1209 2183 sacramentorum.
1263 2145 1502 2183 Paraenetica
1533 2159 1619 2184 vero

88 2208 135 2245 iis
172 2208 428 2256 adiungimus,
463 2208 577 2245 veluti
615 2212 727 2246 testes
756 2221 798 2245 ac
826 2209 967 2246 iudices
997 2222 1104 2247 verae
1130 2210 1169 2247 in
1198 2210 1309 2247 nobis
1338 2210 1616 2259 obsignationis

84 2273 253 2317 illorum,
290 2285 386 2323 quae
425 2274 684 2323 σφρειγιτικεὶ
721 2286 908 2316 vocamus,
947 2280 1062 2325 utque
1100 2287 1229 2312 eorum
1267 2276 1622 2313 commemoratione

84 2337 250 2374 animum
287 2342 459 2374 nostrum
495 2337 542 2375 ad
579 2338 860 2388 approbandam
902 2342 937 2376 et
975 2339 1085 2376 nobis
1121 2339 1213 2390 ipsis
1249 2344 1285 2377 et
1324 2340 1395 2377 toti
1431 2340 1623 2378 Ecclesiae

87 2402 211 2440 nostri
260 2403 298 2440 in
340 2403 531 2440 Christum
578 2403 794 2441 insitionem
835 2417 980 2442 summa
1019 2417 1105 2442 cura
1142 2418 1185 2442 ac
1225 2406 1348 2443 studio
1387 2406 1621 2446 adiiciamus.

87 2467 268 2505 Perfacile
312 2472 435 2505 autem
481 2468 542 2505 hic
587 2468 775 2506 Sathanae
821 2468 929 2507 dolus
966 2469 1122 2518 agnosci
1158 2475 1281 2521 potest
1325 2471 1363 2508 in
1400 2471 1622 2510 invertendo

89 2533 350 2582 mysteriorum
390 2533 522 2570 ordine
560 2534 656 2571 circa
693 2547 802 2571 usum
841 2539 1173 2573 sacramentorum.
1226 2535 1463 2574 Postremum
1493 2536 1624 2575 haberi

87 2597 168 2634 vult
205 2597 307 2647 quod
344 2601 453 2648 caput
489 2600 545 2635 est
581 2597 764 2644 omnium,
800 2611 930 2649 nempe
967 2599 1041 2635 vim
1078 2598 1290 2637 divinarum
1318 2600 1622 2650 promissionum,

88 2664 130 2697 ut
166 2661 332 2711 pondere
360 2661 513 2698 illarum
541 2661 686 2699 elevato
713 2661 849 2699 animis
877 2675 938 2700 eas
968 2662 1109 2700 nostris
1137 2664 1301 2701 excutiat
1329 2664 1375 2701 ad
1405 2669 1625 2711 extremum,

89 2729 202 2776 atque
237 2726 277 2764 in
318 2730 488 2764 nostrum
516 2726 667 2777 pietatis
696 2727 859 2765 studium
891 2740 990 2778 spem
1022 2732 1171 2766 nostrae
1200 2729 1331 2766 salutis
1359 2729 1508 2767 demum
1536 2731 1623 2777 (43)

89 2790 305 2836 transferat,
342 2803 453 2841 quam
493 2790 563 2828 soli
601 2789 670 2828 Dei
704 2791 826 2829 Patris
863 2797 898 2829 et
935 2791 1086 2842 quidem
1122 2793 1309 2842 gratuitae
1345 2793 1624 2831 misericordiae

90 2853 408 2904 promissionibus
445 2855 556 2894 nobis
592 2855 631 2894 in
669 2855 821 2895 Christo
850 2857 1033 2896 revelatae
1063 2858 1253 2897 debemus.
1307 2858 1356 2897 Et
1383 2872 1428 2897 ne
1458 2858 1518 2896 hie
1546 2857 1624 2901 doli
