1818 3178
189 122 262 158 360

191 232 455 282 postulatione,
500 234 540 269 ut
577 231 760 276 ostendat,
797 244 907 282 quam
934 235 1169 283 praepostere
1194 233 1234 270 id
1264 233 1315 270 ita
1343 247 1364 269 a
1394 232 1560 281 Regibus
1588 234 1651 270 fiat
1679 237 1715 270 et

194 309 307 346 quam
332 296 445 344 longe
473 295 532 331 hic
559 295 684 333 absint
711 309 731 332 a
758 295 924 345 legitima
950 296 1207 346 praecellentis
1235 297 1377 348 alioqui
1395 297 1600 336 vocationis
1621 311 1720 344 suae,

194 375 212 398 a
251 360 329 397 Deo
366 359 570 406 ordinatae,
605 360 812 398 functione.
867 360 1011 398 Deinde
1048 373 1132 398 vero
1170 363 1323 412 exponit
1361 361 1558 414 Propheta,
1593 362 1718 413 qualia

193 425 267 461 sint
301 424 431 461 talium
467 424 625 474 Regum,
661 437 755 475 quae
788 424 884 462 inter
921 437 959 462 se
994 424 1149 474 agitant,
1185 427 1352 473 consilia,
1389 430 1424 463 et
1465 427 1592 477 quales
1617 427 1719 473 item,

194 500 287 537 quos
323 487 520 532 adornant,
555 493 776 538 apparatus,-
811 501 942 539 nempe
979 488 1095 525 videri
1132 489 1280 539 quidem
1308 494 1344 528 et
1373 490 1538 539 Regibus
1565 490 1657 541 ipsis
1684 495 1720 528 et

195 563 323 587 eorum
358 552 686 601 pro-(30)ceribus
724 551 878 589 consilia
915 552 983 589 hac
1019 552 1057 588 in
1094 556 1198 603 parte
1224 553 1388 604 ipsorum
1420 554 1526 592 valde
1554 554 1719 606 speciosa

195 616 354 653 efficacia
390 622 500 666 atque
535 616 657 654 omnis
685 616 869 654 humanae
896 616 1114 667 prudentiae
1141 617 1262 655 modis
1290 619 1468 656 omnibus
1494 619 1616 669 plena,
1653 631 1719 669 ap-

195 683 343 729 paratus
376 679 466 717 item
498 680 664 731 ipsorum
692 681 803 732 plane
828 681 1004 723 invictos,
1029 685 1082 726 ut,
1111 694 1195 718 cum
1223 683 1302 720 sine
1330 683 1584 720 conciliorum
1612 687 1719 720 auto-

193 745 301 783 ritate
337 745 394 783 vel
427 745 724 796 propinquorum
761 746 976 796 Principum
1005 759 1160 784 assensu
1188 746 1283 784 nihil
1310 747 1371 784 hic
1399 748 1471 785 sibi
1498 747 1718 797 aggredien-

195 809 282 846 dum
314 812 462 860 putant,
497 814 532 847 et
557 809 698 847 mutuis
726 824 804 848 sese
832 810 1045 848 foederibus
1073 810 1112 847 in
1141 810 1211 848 hoc
1237 810 1397 848 invicem
1425 811 1652 860 astringunt,
1678 815 1719 848 ut

192 878 297 912 tanto
335 874 474 913 maiore
510 874 546 912 vi
582 879 693 926 atque
719 879 910 926 apparatu,
939 876 969 912 si
996 875 1086 926 quid
1114 881 1209 913 esset
1236 875 1437 925 agendum,
1465 889 1536 913 una
1563 881 1598 913 et
1628 889 1718 914 con-

191 939 309 976 iuncti
344 943 458 988 agant
493 952 642 990 unaque
678 940 898 984 sustineant,
935 940 1114 991 quicquid
1142 941 1296 978 omnino
1325 940 1582 978 sustinendum
1610 944 1722 979 esset.

196 1003 293 1041 Quis
320 1003 419 1041 enim
448 998 524 1041 non
554 1004 685 1041 melius
712 1004 1008 1055 prudentiusque
1034 1004 1152 1041 multo
1181 1018 1260 1042 esse
1289 1004 1400 1049 dicat,
1425 1004 1614 1055 publicam
1632 1004 1717 1042 uni-

193 1066 346 1104 versalis
385 1070 466 1104 toto
495 1067 722 1114 Christiano,
749 1072 790 1106 ut
819 1073 967 1114 vocant,
994 1068 1084 1105 orbe
1112 1059 1272 1106 Concilii
1299 1069 1537 1106 autoritatem
1564 1068 1603 1106 in
1632 1082 1721 1106 con-

191 1131 314 1168 silium
352 1132 542 1178 adhibere,
577 1146 685 1183 quam
724 1133 867 1184 privata
903 1134 1013 1171 unius
1051 1133 1209 1171 alicuius
1238 1134 1351 1183 Regis
1380 1146 1465 1171 cum
1493 1147 1559 1171 suo
1588 1137 1717 1171 senatu

186 1194 387 1232 autoritate
421 1195 640 1234 novationes
675 1196 713 1234 in
750 1197 930 1246 religione
964 1197 1188 1235 instituere?
1227 1197 1325 1239 Quis
1361 1197 1452 1235 item
1487 1210 1564 1235 non
1598 1198 1717 1235 multo

190 1259 397 1297 consultius
432 1272 512 1297 esse
547 1261 713 1303 affirmet,
739 1261 898 1298 aliorum
923 1273 1073 1312 quoque
1099 1261 1250 1299 auxiliis
1279 1261 1513 1308 communiri,
1540 1261 1718 1314 quicquid

188 1323 343 1361 omnino
380 1328 445 1361 aut
481 1325 665 1374 agendum
708 1329 771 1363 aut
799 1325 1059 1363 sustinendum
1089 1339 1237 1377 quoquo
1264 1326 1377 1363 modo
1405 1330 1513 1371 esset,
1540 1340 1651 1379 quam
1678 1331 1719 1364 ut

189 1388 290 1426 solus
318 1388 502 1440 quispiam
532 1402 616 1426 cum
644 1390 720 1428 suis
749 1390 928 1428 duntaxat
956 1396 1091 1428 temere
1120 1404 1198 1428 sese
1226 1390 1401 1428 omnibus
1427 1391 1602 1442 periculis
1629 1392 1716 1440 (31)

189 1454 378 1503 exponat?
431 1452 537 1491 Haec
572 1453 686 1503 igitur
720 1467 762 1491 ac
790 1454 926 1492 similia
955 1454 1137 1492 humanae
1164 1454 1384 1506 prudentiae
1412 1455 1569 1492 consilia
1602 1455 1716 1505 Regi-

188 1517 257 1554 bus
303 1517 452 1568 quidem
497 1517 588 1568 ipsis
625 1531 827 1569 eorumque
858 1516 1075 1569 proceribus
1112 1518 1228 1556 videri
1264 1519 1478 1556 hauddubie
1514 1519 1717 1570 praeclara,

190 1582 309 1619 solida
346 1583 586 1633 omniumque
613 1583 810 1621 tutissima.
853 1584 1046 1621 Caeterum
1075 1583 1114 1620 in
1143 1588 1346 1634 conspectu
1374 1583 1455 1628 Dei,
1482 1597 1592 1634 quem
1620 1584 1717 1622 nihil

189 1646 303 1683 latere
329 1649 463 1696 potest,
491 1659 570 1684 esse
597 1659 692 1684 vana
721 1646 888 1691 omnino,
915 1650 1027 1697 atque
1053 1647 1145 1683 adeo
1174 1647 1378 1684 vanitatem
1404 1647 1536 1698 ipsam,
1564 1647 1595 1684 si
1623 1647 1718 1684 divi-

190 1725 259 1749 nae
285 1711 386 1748 illius
413 1711 599 1748 voluntati
627 1724 670 1747 ac
696 1711 887 1761 potentiae
914 1715 1164 1761 opponantur.
1201 1710 1261 1747 Ad
1290 1710 1379 1747 haec
1408 1710 1566 1748 ridicula
1593 1711 1718 1755 etiam,

187 1778 229 1812 ut
266 1788 359 1826 quae
395 1788 472 1812 non
508 1775 613 1812 aliter
648 1775 695 1812 ab
730 1775 804 1812 illis
830 1775 1086 1818 instituantur,
1112 1788 1223 1825 quam
1253 1775 1283 1812 si
1311 1787 1394 1812 cum
1422 1774 1514 1819 Deo,
1541 1774 1581 1812 in
1607 1775 1717 1812 terris

187 1839 249 1876 11ἰο
286 1839 467 1877 duntaxat
502 1843 685 1886 versante,
719 1839 891 1877 humanis
929 1839 1166 1879 consiliis-ac
1193 1839 1336 1876 viribus
1365 1839 1583 1877 certandum
1610 1843 1718 1885 esset,

189 1917 271 1941 cum
306 1904 370 1941 ille
403 1903 545 1954 pugillo
583 1916 649 1941 suo
686 1908 722 1941 et
751 1904 894 1941 coelum
922 1908 957 1941 et
983 1907 1120 1940 terram
1149 1903 1351 1950 contineat,
1394 1908 1442 1947 et,
1471 1903 1652 1940 collocata
1678 1903 1719 1940 in

188 1967 314 2012 coelis,
337 1967 413 2005 imo
442 1981 553 2018 supra
581 1968 703 2004 coelos
730 1981 870 2014 omnes,
899 1967 1108 2005 Maiestatis
1137 1981 1224 2005 suae
1253 1967 1351 2013 sede,
1378 1967 1558 2005 humanas
1586 1967 1716 2005 istius-

189 2033 291 2070 modi
323 2036 358 2070 et
395 2032 635 2070 consiliorum
673 2036 708 2070 et
745 2036 988 2083 apparatuum
1025 2032 1209 2070 vanitates
1236 2046 1365 2070 omnes
1394 2045 1412 2069 e
1443 2031 1593 2070 sublimi
1621 2031 1718 2070 deri-

190 2096 274 2134 deat
323 2097 486 2147 risuique
526 2110 568 2134 ac
613 2096 903 2134 subsannationi
947 2097 1115 2134 omnium
1151 2097 1263 2134 etiam
1298 2101 1473 2148 exponat.
1527 2096 1719 2134 Praeterea

190 2162 372 2199 eiusmodi
408 2175 555 2214 quoque
590 2175 669 2199 esse
707 2175 831 2199 coram
867 2162 987 2199 oculis
1025 2161 1107 2204 Dei.
1133 2161 1233 2212 quod
1261 2162 1379 2199 multo
1408 2166 1462 2199 est
1489 2162 1652 2210 gravius,
1677 2165 1720 2199 ut

193 2226 311 2264 Deum
349 2227 471 2277 ipsum
507 2226 553 2264 ad
580 2226 812 2264 iracundiam
842 2226 933 2264 adeo
961 2231 1179 2277 provocent,
1216 2230 1258 2264 ut
1286 2232 1364 2263 tum
1393 2226 1540 2264 demum
1568 2226 1719 2277 potissi-

194 2304 293 2327 mum
330 2291 549 2340 gravissime
585 2290 828 2328 incandescat
857 2291 1098 2341 omniumque
1126 2291 1358 2328 severissime
1385 2290 1469 2328 illos
1497 2290 1720 2340 alloquatur,

197 2355 355 2405 denique
391 2359 427 2392 et
463 2357 548 2403 (32)
584 2354 768 2392 disturbet
805 2367 867 2392 eos
904 2355 1056 2392 omnino
1093 2355 1133 2392 in
1172 2368 1237 2392 suo
1275 2355 1412 2398 furore,
1447 2367 1529 2392 cum
1566 2354 1637 2391 sibi
1664 2354 1720 2391 illi

194 2420 360 2457 omnium
396 2420 534 2470 optime
570 2433 590 2457 a
623 2419 798 2470 periculis
834 2419 1007 2457 omnibus
1044 2420 1184 2457 cavisse
1213 2419 1455 2456 consiliorum
1482 2431 1634 2456 suorum
1660 2418 1719 2455 in-

195 2483 336 2521 dustria
365 2484 540 2534 omnique
567 2489 764 2534 apparatus
792 2497 926 2533 genere
951 2484 1234 2521 instructissimi
1261 2497 1340 2521 esse
1368 2483 1551 2520 videntur.
1603 2483 1719 2519 Sunt-

196 2561 268 2599 que
303 2547 364 2584 hic
391 2547 498 2584 vobis
525 2547 777 2585 observandae
803 2547 981 2597 temporis
1008 2546 1211 2597 particulae
1237 2546 1335 2590 illae,
1362 2558 1452 2597 quas
1480 2558 1557 2582 non
1583 2550 1719 2582 temere

195 2612 334 2663 alioqui
360 2611 545 2662 Propheta
572 2611 738 2657 adhibet,
765 2611 851 2649 dum
880 2611 952 2649 ait:
991 2611 1157 2649 aTunc
1186 2611 1367 2661 loquetur.
1410 2610 1523 2647 Nunc
1553 2609 1669 2659 sapite
1696 2622 1718 2646 ο

199 2678 337 2725 Reges!
375 2676 542 2726 Repente
576 2676 788 2714 exardescet
824 2677 879 2713 ira
906 2675 1022 2721 eius”,
1047 2680 1089 2713 ut
1116 2675 1380 2725 intelligamus,
1407 2674 1445 2711 in
1473 2673 1618 2711 foribus
1647 2673 1720 2710 iam

198 2742 327 2780 adesse
371 2740 618 2778 calamitatem
661 2741 850 2791 publicam
888 2753 932 2778 ac
966 2740 1170 2778 vindictam
1202 2739 1285 2785 Dei,
1334 2738 1478 2789 quoties
1515 2751 1535 2775 a
1571 2737 1721 2775 Christo

197 2806 360 2844 Domino
388 2804 494 2854 regni
520 2804 578 2841 sui
605 2809 789 2855 sceptrum
816 2804 956 2843 alicubi
982 2805 1022 2843 in
1050 2804 1218 2843 doctrina
1247 2803 1303 2842 sui
1329 2802 1527 2852 Euangelii
1554 2815 1619 2852 per
1641 2802 1719 2840 eius

194 2870 385 2908 ministros
420 2868 569 2922 publice
602 2868 774 2920 proferri,
801 2872 837 2906 et
863 2869 1039 2907 adversus
1066 2868 1160 2906 illud
1189 2867 1431 2906 nihilominus
1460 2866 1595 2916 agitari
1626 2879 1717 2904 con-
