1818 3178
428 114 479 140 nn
508 113 789 140 SAORAMENTIS
817 114 1033 141 noctasmn
1061 112 1238 139 CHRIsTI.
1522 101 1592 136 163

126 215 330 254 Statuimus
362 215 478 264 igitur
514 215 732 263 mysterium
759 216 925 253 omnium
955 217 1280 252 Sacramentorum
1305 212 1345 250 in
1372 225 1413 249 ca
1441 211 1595 262 potissi—

70 294 174 318 mum
202 280 474 318 communionis
502 284 656 317 nostrae
685 293 768 316 cum
797 280 944 317 Christo
966 283 1070 330 parte
1090 279 1304 321 consistere,
1331 290 1402 327 qua
1423 275 1593 314 Christus

73 344 269 386 Dominus,
295 343 396 394 quod
424 356 532 380 suum
557 343 747 394 proprium
774 344 812 381 in
842 356 907 381 suo
938 356 1091 393 corpore
1118 346 1153 380 et
1173 342 1353 391 sanguine
1373 344 1463 384 erat,
1482 339 1593 377 nobis

72 409 235 458 gratuito
273 407 431 445 contulit
466 408 514 445 ad
550 413 717 445 nostram
753 421 878 446 secum
918 408 1230 451 communionem,
1257 419 1388 456 nempe
1414 406 1594 443 innocen·

72 474 165 511 tiam
196 473 437 510 iustitiam-et
464 473 710 516 sanctitatem,
747 472 919 511 meritum
946 472 1035 509 item
1060 472 1244 522 passionis
1272 474 1308 508 ct
1345 470 1476 508 mortis
1509 462 1595 507 suae

72 542 108 575 et
134 537 292 585 gloriam
319 536 549 574 admirabilis
578 550 663 574 suae
690 537 730 574 in
759 549 868 574 carne
896 540 1023 573 nostra
1049 535 1344 573 resurrectionis.

123 598 229 636 Haec
269 612 380 649 porro
418 599 628 636 cummunio
664 599 880 648 agnoscitur
915 603 952 635 et
987 598 1144 635 sentitur
1178 598 1263 643 fide,
1298 600 1426 634 autore
1465 596 1596 646 spiritu

73 668 214 709 sancto,
259 664 297 701 in
335 678 406 701 usu
441 664 607 713 legitimo
655 665 992 707 Sacramentorum,
1028 666 1063 699 et
1110 675 1191 699 cum
1229 663 1321 698 fides
1374 661 1422 698 sit
1462 674 1597 706 rerum,

71 742 148 766 non
185 728 357 778 equidem
384 728 646 778 praesen-tium,
672 728 789 764 multo
817 727 941 764 minus
970 739 1054 763 vero
1085 726 1330 771 sensibilium,
1358 726 1419 762 sed
1449 726 1593 762 futura-

71 807 167 840 rum,
205 807 300 844 quae
326 793 366 830 in
396 806 458 844 spe
486 797 572 830 sunt
599 792 752 843 positae,
779 784 825 829 et*
840 791 998 841 proinde
1025 790 1237 827 absentium
1265 802 1412 839 quoque
1438 792 1474 826 et
1501 800 1595 838 quac

75 858 135 895 hic
171 858 209 895 in
239 858 312 895 vita
340 857 410 894 hac
437 857 555 894 videri
582 856 783 906 sentirique
810 868 887 892 non
914 857 1083 905 possunt,
1109 854 1344 903 perspicuum
1372 856 1439 895 est,
1467 865 1513 888 ne
1541 852 1596 902 ip-

73 922 149 959 sius
183 922 333 972 quidem
361 920 551 971 qualitatis
579 933 599 957 a
628 919 777 957 Christo
807 918 969 955 Domino
1006 917 1046 954 in
1076 930 1230 967 corpore
1258 930 1323 953 suo
1354 916 1462 953 nobis
1492 929 1593 953 com-

72 985 284 1023 municatae
319 985 454 1022 realem
489 984 605 1020 ullam
643 983 719 1020 sive
754 982 1000 1032 praesentiam
1037 981 1113 1018 sive
1151 981 1419 1017 exhibitionem
1454 980 1495 1017 in
1522 980 1597 1016 vita

75 1049 145 1087 hac
181 1053 309 1087 nostra
342 1062 451 1099 posse
489 1047 678 1093 constitui,
705 1069 756 1075 ——
783 1047 919 1084 nedum
945 1051 987 1083 ut
1016 1046 1245 1083 substantiae
1272 1046 1387 1095 ipsius
1415 1045 1597 1082 naturalis

77 1114 292 1164 corpo-(fol.
310 1114 449 1160 57¹³)1·is
478 1113 616 1150 Christi
642 1113 850 1163 praesentia
877 1116 941 1149 aut
967 1111 1162 1152 exhibitio,
1189 1124 1282 1161 quae
1310 1123 1374 1160 per
1402 1110 1592 1158 signorum

72 1176 253 1213 elementa
286 1175 460 1212 manibus
497 1175 659 1212 ministri
695 1175 781 1219 fiat,
818 1174 998 1212 constitui
1032 1174 1111 1210 ullo
1145 1172 1257 1209 modo
1294 1173 1413 1222 possit
1448 1173 1488 1209 in
1526 1185 1593 1209 usu

76 1241 415 1277 Sacramentorum.

128 1304 212 1342 Scio
249 1304 310 1341 hic
346 1303 527 1354 disputari
564 1303 607 1340 de
642 1302 728 1339 fidei
762 1301 984 1352 praesentia,
1021 1301 1325 1351 apprehensione,
1358 1314 1421 1338 seu
1450 1314 1599 1351 percep-

74 1369 187 1413 tione,
215 1373 250 1405 et
276 1369 411 1405 realem
437 1367 685 1418 praesentiam
712 1366 764 1403 ita
793 1366 942 1416 exponi,
968 1369 1010 1403 ut
1038 1366 1146 1402 fictae
1174 1365 1355 1403 duntaxat
1375 1370 1598 1416 opponatur.

78 1433 149 1471 Sed
187 1446 364 1483 quorsum
400 1432 533 1469 attinet
560 1445 693 1469 novam
724 1432 885 1468 formare
914 1431 1204 1468 Grammaticam
1233 1431 1277 1467 de
1305 1430 1471 1474 vocibus,
1508 1444 1602 1481 quae

76 1498 122 1535 ad
151 1511 297 1535 causam
325 1497 445 1547 ipsam
472 1510 548 1534 non
575 1497 760 1547 pertinent
796 1500 831 1533 et
866 1496 904 1533 in
944 1495 1143 1546 Scripturis
1180 1509 1362 1545 nusquam
1391 1495 1599 1533 habentur?

76 1563 212 1600 Veram
248 1576 291 1599 ac
327 1563 524 1599 salutarem
554 1561 719 1611 corporis
748 1560 888 1597 Christi
916 1560 1215 1597 communionem
1242 1560 1400 1597 libenter
1427 1573 1470 1597 ac
1497 1573 1601 1597 reve-

76 1631 199 1664 renter
228 1626 486 1675 agnoscimus:
515 1626 651 1663 realem
678 1638 720 1662 ac
749 1624 1042 1670 substantialem,
1070 1627 1112 1661 ut
1139 1628 1286 1669 vocant,
1323 1637 1366 1661 ex
1401 1624 1601 1674 Scripturis

75 1704 153 1730 non
180 1692 365 1728 novimus.
393 1691 477 1727 Imo
504 1703 607 1735 vero,
636 1702 719 1726 cum
746 1703 827 1726 eam
852 1689 973 1739 ipsam
1000 1702 1125 1726 veram
1152 1702 1195 1726 ac
1211 1690 1409 1727 salutarem
1433 1702 1600 1727 commu-

78 1756 228 1793 nionem
255 1744 338 1792 fide'
357 1755 436 1792 sola
462 1754 617 1803 agnosci
644 1767 688 1791 ac
716 1754 861 1795 sentiri,
896 1767 972 1791 non
1000 1758 1124 1791 autem
1152 1754 1322 1791 sensibus
1348 1754 1436 1792 ullis
1462 1755 1602 1806 percipi

77 1819 261 1862 audimus,
296 1823 333 1856 et
373 1822 536 1869 apertam
572 1818 678 1855 Pauli
723 1818 930 1855 doctrinam
973 1818 1194 1864 habeamus,
1232 1818 1319 1855 fidei
1354 1820 1600 1868 praesentiam

79 1898 162 1921 cnm
198 1884 288 1921 reali
321 1884 425 1920 iuxta
453 1883 611 1933 speciem
639 1883 756 1934 ipsam
783 1883 991 1933 praesentia
1020 1883 1220 1920 consistere
1249 1897 1325 1920 non
1350 1897 1470 1934 posse,
1508 1886 1599 1935 (quo

77 1954 186 2001 pacto
214 1948 313 1986 enim
340 1948 422 1998 quis
451 1952 582 1998 speret,
608 1947 709 1997 quod
736 1947 870 1985 habet?
900 1952 962 1985 aut
990 1961 1062 1998 quo
1090 1952 1199 1998 pacto
1230 1948 1365 1990 credat,
1393 1949 1492 1998 quod
1526 1963 1598 1987 non

79 2016 200 2063 sperat
211 2013 246 2059 Ρ)
289 2012 458 2062 equidem
487 2025 563 2048 non
593 2012 713 2048 solum
740 2015 913 2062 putamus
940 2025 1016 2049 non
1044 2025 1153 2062 posse
1181 2013 1357 2061 coniungi
1384 2014 1461 2050 ullo
1489 2014 1601 2051 modo

77 2078 214 2116 realem
239 2077 353 2114 ullam
381 2076 484 2113 iuxta
514 2076 671 2126 speciem
699 2077 958 2126 praesentiam,
987 2090 1032 2113 ne
1059 2076 1179 2114 dicam
1199 2077 1479 2123 exhibitionem,
1507 2092 1601 2127 quac

80 2142 243 2181 ministri
270 2142 443 2179 manibus
471 2141 554 2189 (fol.
585 2143 667 2188 58⁸)
697 2142 774 2185 fiat,
802 2154 885 2178 cum
912 2142 998 2179 fidei
1025 2143 1243 2192 praesentia,
1279 2143 1340 2180 sed
1369 2144 1520 2181 alteram
1547 2146 1601 2182 al-

78 2213 156 2246 tera
192 2207 314 2258 potius
351 2206 432 2243 tolli
469 2206 579 2243 etiam
616 2206 721 2243 iuxta
757 2206 862 2243 Pauli
892 2207 1100 2244 doctrinam
1127 2220 1203 2244 non
1233 2207 1456 2246 dubitamus.
1514 2210 1600 2247 Quo

81 2273 230 2324 quidem
265 2272 344 2310 solo
378 2271 529 2308 nomine
566 2270 773 2307 doctrinam
809 2270 906 2308 hanc
942 2271 985 2308 de
1021 2271 1111 2309 reali
1146 2271 1250 2309 iuxta
1284 2272 1402 2322 ipsam
1430 2274 1604 2312 substan-

80 2337 169 2375 tiam
207 2336 374 2387 corporis
402 2340 437 2372 et
477 2334 670 2383 sanguinis
699 2334 837 2372 Christi
864 2335 902 2372 in
930 2348 1000 2372 usu
1030 2336 1353 2373 Sacramentorum
1381 2350 1445 2387 per
1471 2351 1603 2376 manus

82 2401 246 2439 ministri
282 2400 514 2438 exhibitione
546 2399 667 2436 modis
694 2399 803 2450 plane
829 2400 1003 2437 omnibus
1043 2391 1307 2438 alienam'esse
1332 2402 1495 2440 iudicare
1523 2417 1604 2440 om-

83 2479 148 2503 nes
183 2469 341 2516 possunt
376 2478 397 2501 a
434 2468 565 2501 natura
601 2463 681 2514 ipsa
709 2465 1046 2509 sacramentorum,
1081 2465 1144 2514 qui
1180 2465 1242 2502 illa
1278 2469 1313 2503 et
1340 2466 1426 2504 fidei
1454 2473 1603 2505 nostrae

82 2529 268 2574 exercitia,
303 2532 339 2566 et
375 2527 420 2565 ad
449 2527 704 2576 obsignandos
731 2527 769 2565 in
799 2527 871 2566 fide
898 2533 1046 2566 nostros
1075 2529 1219 2566 animos
1242 2529 1414 2568 instituta
1441 2544 1520 2570 esse
1546 2534 1602 2570 fa-

83 2596 223 2630 tentur.

136 2656 235 2694 Dum
263 2657 379 2706 igitur
407 2656 706 2693 communionem
738 2660 904 2694 nostram
934 2669 1017 2693 cum
1046 2657 1193 2695 Christo
1221 2658 1384 2697 Domino
1413 2673 1453 2697 ca
1488 2660 1606 2711 potis-

85 2721 218 2759 simum
252 2725 356 2772 parte
390 2720 607 2770 mysterium
650 2720 971 2758 Sacramentorum
1009 2734 1088 2758 esse
1127 2721 1296 2767 dicimus,
1332 2737 1405 2774 qua
1449 2730 1552 2774 parte
1585 2738 1606 2761 a

87 2785 234 2823 Christo
271 2785 436 2822 Domino
463 2784 516 2830 id,
544 2783 643 2834 quod
672 2783 728 2820 illi
754 2784 895 2835 alioqui
923 2784 993 2822 soli
1020 2785 1059 2822 in
1089 2797 1242 2836 corpore
1269 2790 1304 2824 et
1333 2788 1511 2836 sanguine
1539 2801 1604 2825 suo

85 2848 276 2899 proprium
312 2851 402 2894 erat,
436 2847 475 2884 in
512 2859 580 2884 nos
615 2846 654 2883 id
688 2847 853 2896 gratuito
889 2847 937 2885 ad
965 2851 1129 2885 nostram
1158 2862 1281 2887 secum
1310 2850 1607 2889 communionem

1384 2914 1455 2953 11*
