1818 3178
544 115 595 142 DE
623 113 904 142 SACRAMENTIS
936 108 1148 138 nectasmn
1175 104 1354 134 CHRISTI.
1637 92 1708 127 123

190 226 226 260 et
262 223 389 259 nostra
425 218 678 259 Sacramenta,
713 215 776 254 sed
811 226 904 265 quae
939 213 1028 250 istas
1058 206 1380 247 dissimilitudines
1409 202 1609 241 conciliare
1638 213 1713 238 non

195 286 324 337 possit.

245 347 359 387 Quod
394 358 480 383 vero
513 345 559 382 ad
591 357 733 381 errores
760 342 847 380 inde
875 339 1234 390 suppullulascentes
1262 333 1408 377 attinet,
1445 330 1588 382 primus
1614 341 1717 366 error

193 415 283 452 inde
317 412 448 453 oritur,
484 423 624 454 eorum,
651 411 715 458 qui
742 420 811 445 nos
838 418 915 443 non
943 404 1047 454 prius
1073 401 1120 439 ad
1148 399 1338 437 Christum
1365 396 1549 448 pertinere
1573 396 1720 445 putant.

195 491 306 529 quam
332 475 388 513 illi
415 488 478 525 per
507 475 828 511 Sacramentorum
857 467 1106 506 ministerium
1134 464 1417 512 coniungamur,
1441 458 1595 510 perinde
1609 461 1721 507 atque

197 541 330 578 milites
367 551 444 576 non
480 537 581 588 prius
608 536 705 573 inter
733 533 869 571 milites
898 533 1108 571 censentur,
1136 540 1245 577 quam
1275 538 1353 562 sese
1381 525 1621 560 Sacramento
1651 519 1721 557 ob-

196 605 438 642 strinxerunt.
464 601 590 639 Habet
617 603 739 637 autem
767 609 868 634 error
894 595 957 631 hic
986 593 1100 630 multa
1118 588 1368 628 incommoda.
1399 586 1565 624 Primum
1584 582 1722 633 abripit

194 682 370 718 magnam
396 665 647 704 membrorum
673 667 816 714 partem
834 674 855 697 a
876 657 1017 696 Christi
1045 668 1214 705 corpore,
1240 665 1372 703 nempe
1398 651 1562 688 infantes
1591 648 1722 685 Eccle-

196 735 271 772 siae
298 746 438 774 omnes,
473 730 538 781 qui
564 734 627 767 ant
654 726 781 777 inopia
808 721 1006 762 ministerii
1032 733 1110 757 non
1137 731 1221 755 raro
1251 718 1330 755 sine
1351 715 1536 766 baptismo
1555 713 1723 750 moriun-

195 803 268 844 tur,
310 801 373 835 aut
401 795 619 834 necessitate
646 793 770 842 aliqua
798 791 971 826 arcentur
999 784 1046 822 ab
1074 797 1146 821 usu
1174 784 1517 824 Sacramentorum,
1543 776 1724 828 quemad-

197 863 346 901 modum
385 860 494 911 paulo
532 859 616 907 (fol.
646 858 729 904 102)
765 858 850 905 post
878 852 1034 889 dicetur.
1088 848 1138 885 Et
1165 847 1282 885 violat
1309 846 1421 883 fidem
1450 844 1613 882 Divinae
1638 854 1726 893 pro-

198 926 387 964 missionis
414 925 453 961 in
483 936 548 961 suo
577 921 745 959 foedere:
776 917 851 954 Ero
870 916 970 953 Deus
997 918 1095 958 tuus,
1122 915 1159 949 et
1174 910 1273 948 Deus
1294 908 1445 947 seminis
1464 908 1518 945 tui
1537 911 1622 951 etc„
1643 919 1726 943 cum

198 991 351 1028 dubium
390 1002 465 1027 non
501 988 560 1032 sit,
595 986 714 1022 Deum
742 982 858 1020 fuisse
884 991 1032 1030 quoque
1058 977 1210 1014 illorum
1240 974 1371 1018 Deum,
1408 972 1473 1023 qui
1499 971 1608 1009 annis
1636 983 1727 1021 qua-

198 1056 369 1105 draginta
405 1054 445 1091 in
482 1053 625 1090 deserto
663 1045 873 1085 circumcisi
908 1057 984 1082 non
1021 1043 1190 1087 fuerunt3
1227 1038 1368 1089 alioqui
1402 1038 1489 1075 illos
1525 1037 1565 1074 in
1592 1040 1727 1073 terram

199 1117 457 1170 promissionis
495 1129 570 1154 non
597 1110 881 1151 introduxisset.
935 1106 1081 1145 Deinde
1108 1105 1209 1143 aliud
1237 1104 1347 1141 nobis
1375 1103 1450 1140 iam
1474 1102 1640 1139 medium
1669 1114 1727 1137 sa-

199 1183 288 1221 lutis
325 1186 474 1220 nostrae
507 1182 651 1230 praeter
678 1179 835 1213 mortem
864 1171 1005 1209 Christi
1030 1169 1189 1207 inducit.
1245 1168 1333 1206 Quo
1361 1166 1462 1205 enim
1490 1165 1640 1202 Christo
1669 1165 1729 1201 in-

200 1248 367 1290 serimur,
404 1249 444 1282 ut
480 1243 527 1281 ad
558 1242 666 1279 illum
700 1239 974 1290 pertineamus,
1009 1234 1049 1272 id
1084 1247 1173 1271 sane
1209 1231 1375 1270 medium
1412 1231 1543 1268 salutis
1581 1233 1732 1267 nostrae

199 1323 289 1354 esse,
323 1307 451 1356 negari
487 1318 563 1342 non
598 1307 734 1354 potest.
788 1300 883 1338 Esse
909 1299 1009 1336 enim
1035 1297 1171 1335 insitos
1200 1295 1367 1338 Christo,
1394 1301 1449 1331 est
1478 1293 1554 1331 vita
1582 1299 1731 1330 aeterna

199 1371 458 1424 proculdubio.
488 1369 537 1406 Et
564 1367 665 1406 aliud
693 1370 749 1404 est
778 1364 984 1415 baptismus
1012 1366 1153 1407 noster,
1179 1359 1282 1398 aliud
1311 1372 1396 1397 vero
1425 1357 1568 1395 oblatio
1590 1357 1730 1394 Christi

199 1435 458 1489 propitiatoria
485 1447 554 1485 pro
581 1436 749 1484 peccato,
778 1434 828 1476 ut,
857 1429 889 1467 si
915 1432 1073 1466 mortem
1096 1425 1237 1464 Christi
1260 1424 1389 1462 salutis
1409 1427 1563 1462 nostrae
1580 1423 1734 1460 unicum

199 1502 364 1539 medium
382 1513 461 1538 esse
482 1500 652 1543 fatemur,
667 1500 849 1547 quatenus
869 1493 1020 1545 quidem
1039 1491 1222 1530 mediator
1247 1502 1341 1528 unus
1360 1493 1488 1533 est,—-·
1508 1487 1735 1538 baptismum

200 1580 289 1605 sane
323 1566 397 1603 iam
436 1577 512 1602 non
548 1576 615 1614 pro
653 1561 774 1601 medio
809 1560 886 1597 ullo
924 1562 1074 1596 nostrae
1111 1555 1254 1599 salutis,
1291 1554 1355 1593 sed
1390 1567 1457 1605 pro
1486 1553 1733 1602 obsignaculo

201 1634 326 1684 potius
364 1631 499 1668 habere
536 1642 605 1666 nos
643 1632 825 1678 oportere,
859 1625 1126 1674 intelligamus,
1158 1621 1294 1660 nedum
1332 1623 1373 1658 ut
1410 1632 1473 1670 per
1500 1618 1735 1670 Baptismum

201 1698 362 1749 primum
407 1694 575 1732 omnium
621 1692 771 1730 Christo
816 1689 980 1728 Domino
1019 1689 1240 1726 inseramur.
1294 1684 1527 1723 Pertinemus
1564 1697 1653 1720 sane
1688 1683 1736 1720 ad

204 1762 395 1800 Christum
433 1772 561 1797 omnes
595 1758 635 1795 in
671 1755 840 1794 Ecclesia
876 1754 924 1792 ab
961 1766 1004 1791 eo
1040 1757 1219 1803 tempore,
1255 1763 1328 1801 quo
1356 1763 1421 1801 per
1447 1749 1570 1800 ipsum
1597 1749 1638 1786 in
1666 1747 1735 1785 Dei

204 1827 302 1863 filios
329 1824 496 1875 adoptati
522 1823 685 1872 gratuito
716 1833 862 1866 sumus3
895 1824 931 1856 et
957 1817 1127 1868 adoptati
1155 1829 1281 1854 sumus
1309 1818 1395 1852 ante
1420 1818 1588 1865 tempora
1614 1819 1732 1852 aeter-

203 1904 263 1936 na,
299 1888 610 1940 quemadmodum
644 1886 780 1923 Paulus
815 1884 935 1921 docet.
988 1884 1089 1920 Ante
1123 1886 1291 1931 tempora
1326 1879 1442 1929 igitur
1468 1884 1630 1922 aeterna,
1656 1893 1732 1917 non

204 1959 327 1992 autem
354 1954 392 1990 in
420 1952 613 2002 Baptismo
642 1951 726 1998 (fol.
757 1950 840 1996 lob)
869 1948 1042 1999 primum,
1068 1946 1115 1983 ad
1144 1945 1334 1983 Christum
1356 1943 1562 1980 Dominum
1580 1956 1734 1994 corpus-

206 2032 277 2070 que
312 2018 390 2055 eius
426 2015 626 2065 mysticum
653 2013 893 2065 pertinemus.
946 2011 1140 2049 Postremo
1170 2022 1272 2046 error
1302 2008 1362 2045 hic
1389 2007 1531 2045 idolum
1558 2007 1668 2045 nobis
1695 2009 1732 2045 in

207 2081 457 2121 Sam-amentis
494 2079 648 2117 invexit.
705 2079 824 2116 Causa
860 2076 960 2114 enim
996 2074 1126 2113 salutis
1164 2078 1314 2111 nostrae
1349 2072 1449 2109 Deus
1490 2077 1560 2110 est.
1613 2072 1675 2116 Et,
1704 2073 1735 2110 si

205 2148 290 2185 ideo
335 2158 533 2188 servamur,
570 2143 657 2194 quia
695 2142 948 2192 baptizamur,
982 2143 1166 2190 quatenus
1200 2137 1370 2187 equidem
1407 2149 1470 2186 per
1509 2137 1734 2187 baptismum

209 2213 359 2251 Christo
396 2210 568 2261 primum,
605 2214 716 2257 atque
752 2206 804 2243 ita
840 2205 937 2243 vitae
973 2204 1085 2242 etiam
1121 2202 1300 2249 aeternae]
1327 2200 1539 2246 inserimur,
1571 2223 1622 2230 —
1649 2215 1737 2239 sane

211 2277 408 2328 baptismo,
436 2275 471 2312 id
500 2272 599 2324 quod
628 2272 744 2309 solius
773 2270 842 2308 Dci
867 2269 1059 2320 proprium
1087 2273 1154 2312 est,
1181 2268 1346 2305 tribuere
1373 2281 1558 2316 cogemur,
1585 2273 1621 2306 et
1648 2283 1734 2320 pro-

206 2342 295 2379 inde
320 2340 464 2377 idolum
491 2338 602 2375 etiam
629 2336 669 2372 in
698 2334 947 2371 Sam-amentis
977 2333 1265 2377 constituemus3
1295 2332 1371 2369 sive
1398 2345 1467 2369 nos
1494 2345 1559 2382 per
1585 2333 1734 2371 insitio-

210 2419 294 2444 nem
331 2404 369 2441 in
401 2402 597 2452 baptismo,
625 2400 702 2437 sive
729 2411 793 2448 per
820 2396 1164 2434 reconciliationem
1191 2396 1231 2432 in
1261 2409 1371 2433 caena
1401 2395 1598 2434 Dominica
1629 2397 1737 2434 Chri-

210 2475 266 2507 sto
296 2467 459 2505 Domino
488 2464 649 2515 primum
678 2461 856 2510 coniungi
886 2461 1071 2506 dicamus;
1112 2464 1366 2510 praeterquam
1398 2461 1429 2497 si
1455 2460 1672 2499 insitionem
1700 2462 1738 2499 in

212 2534 395 2584 baptismo
431 2544 474 2568 ac
510 2541 654 2566 rursum
693 2527 731 2564 in
768 2539 881 2563 caena
919 2525 1260 2562 reconciliationem
1288 2538 1354 2575 pro
1385 2525 1524 2562 visibili
1553 2526 1737 2563 Ecclesia-

211 2598 380 2646 sticoque
419 2592 609 2631 insitionis
646 2589 1036 2638 reconciliationisque
1072 2594 1242 2625 aeternae
1274 2589 1317 2634 ⁴in
1346 2588 1497 2626 Christo
1525 2590 1739 2628 testimonio

212 2660 433 2708 intelligere,
461 2657 570 2694 modo
599 2653 840 2697 translatitio,
869 2652 1036 2689 velimus.

265 2725 373 2762 Alius
409 2735 512 2761 error
550 2734 593 2758 ex
631 2720 700 2756 liae
729 2717 960 2754 Sacramenti
986 2717 1024 2754 in
1054 2729 1164 2754 causa
1193 2722 1319 2754 nostra
1347 2717 1588 2767 usurpatione
1615 2719 1743 2766 oritur,

215 2802 355 2832 eorum,
392 2786 456 2838 qui
495 2784 733 2835 sponsionem
761 2781 944 2819 eiusmodi
970 2780 1010 2817 in
1039 2781 1223 2831 baptismo
1252 2781 1497 2824 constituunt,
1533 2785 1574 2818 ut
1601 2783 1632 2819 si
1659 2784 1742 2833 quis

217 2856 302 2903 post
341 2851 565 2901 baptismum
602 2848 642 2884 in
675 2845 825 2895 gravius
862 2844 1014 2894 aliquod
1047 2843 1230 2893 flagitium
1267 2844 1529 2894 quoquomodo
1565 2845 1743 2892 incurrat,
