<?xml version="1.0" encoding="UTF-8"?>
<!DOCTYPE html PUBLIC "-//W3C//DTD XHTML 1.0 Transitional//EN"
    "http://www.w3.org/TR/xhtml1/DTD/xhtml1-transitional.dtd">
<html xmlns="http://www.w3.org/1999/xhtml" xml:lang="en" lang="en">
 <head>
  <title>
</title>
<meta http-equiv="Content-Type" content="text/html;charset=utf-8" />
  <meta name='ocr-system' content='tesseract 3.04.00' />
  <meta name='ocr-capabilities' content='ocr_page ocr_carea ocr_par ocr_line ocrx_word'/>
</head>
<body>
  <div class='ocr_page' id='page_1' title='image "./operatameditaqua01lask_0413.png"; bbox 0 0 1818 3178; ppageno 0'>
   <div class='ocr_carea' id='block_1_1' title="bbox 1580 78 1651 115">
    <p class='ocr_par' dir='ltr' id='par_1_1' title="bbox 1580 78 1651 115">
     <span class='ocr_line' id='line_1_1' title="bbox 1580 78 1651 115; baseline 0.014 -1"><span class='ocrx_word' id='word_1_1' title='bbox 1580 78 1651 115; x_wconf 81' lang='lat'>281</span> 
     </span>
    </p>
   </div>
   <div class='ocr_carea' id='block_1_2' title="bbox 131 189 1682 2887">
    <p class='ocr_par' dir='ltr' id='par_1_2' title="bbox 131 189 1682 2887">
     <span class='ocr_line' id='line_1_2' title="bbox 131 189 1657 249; baseline -0.009 -9"><span class='ocrx_word' id='word_1_2' title='bbox 131 201 205 240; x_wconf 84' lang='lat' dir='ltr'>sibi</span> <span class='ocrx_word' id='word_1_3' title='bbox 241 200 475 239; x_wconf 79' lang='lat' dir='ltr'>vehementer</span> <span class='ocrx_word' id='word_1_4' title='bbox 510 198 680 249; x_wconf 74' lang='lat' dir='ltr'>placebat</span> <span class='ocrx_word' id='word_1_5' title='bbox 716 197 754 235; x_wconf 91' lang='lat' dir='ltr'>in</span> <span class='ocrx_word' id='word_1_6' title='bbox 790 197 968 246; x_wconf 82' lang='lat' dir='ltr'>figmento</span> <span class='ocrx_word' id='word_1_7' title='bbox 996 194 1061 232; x_wconf 87' lang='lat' dir='ltr'>illo</span> <span class='ocrx_word' id='word_1_8' title='bbox 1089 193 1296 246; x_wconf 84' lang='lat' dir='ltr'>Papisticae</span> <span class='ocrx_word' id='word_1_9' title='bbox 1323 192 1588 231; x_wconf 86' lang='lat' dir='ltr'>elementorum</span> <span class='ocrx_word' id='word_1_10' title='bbox 1615 189 1657 227; x_wconf 87' lang='lat' dir='ltr'>in</span> 
     </span>
     <span class='ocr_line' id='line_1_3' title="bbox 132 254 1658 311; baseline -0.008 -7"><span class='ocrx_word' id='word_1_11' title='bbox 132 279 247 304; x_wconf 88' lang='lat' dir='ltr'>coena</span> <span class='ocrx_word' id='word_1_12' title='bbox 274 264 428 303; x_wconf 88' lang='lat' dir='ltr'>Domini</span> <span class='ocrx_word' id='word_1_13' title='bbox 454 261 880 305; x_wconf 82' lang='lat' dir='ltr'>transubstantiationis,</span> <span class='ocrx_word' id='word_1_14' title='bbox 907 261 1082 311; x_wconf 87' lang='lat' dir='ltr'>illamque</span> <span class='ocrx_word' id='word_1_15' title='bbox 1106 260 1186 298; x_wconf 89' lang='lat' dir='ltr'>ullo</span> <span class='ocrx_word' id='word_1_16' title='bbox 1214 258 1327 296; x_wconf 90' lang='lat' dir='ltr'>modo</span> <span class='ocrx_word' id='word_1_17' title='bbox 1356 255 1491 306; x_wconf 84' lang='lat' dir='ltr'>attingi</span> <span class='ocrx_word' id='word_1_18' title='bbox 1512 254 1658 305; x_wconf 83' lang='lat' dir='ltr'>gravis-</span> 
     </span>
     <span class='ocr_line' id='line_1_4' title="bbox 132 319 1658 381; baseline -0.008 -12"><span class='ocrx_word' id='word_1_19' title='bbox 132 332 224 369; x_wconf 85' lang='lat' dir='ltr'>sime</span> <span class='ocrx_word' id='word_1_20' title='bbox 260 342 403 381; x_wconf 85' lang='lat' dir='ltr'><strong>semper</strong></span> <span class='ocrx_word' id='word_1_21' title='bbox 450 328 607 372; x_wconf 81' lang='lat' dir='ltr'>ferebat,</span> <span class='ocrx_word' id='word_1_22' title='bbox 642 340 742 366; x_wconf 91' lang='lat' dir='ltr'>nunc</span> <span class='ocrx_word' id='word_1_23' title='bbox 781 339 867 364; x_wconf 84' lang='lat' dir='ltr'>vero</span> <span class='ocrx_word' id='word_1_24' title='bbox 903 326 1008 363; x_wconf 84' lang='lat' dir='ltr'>illam</span> <span class='ocrx_word' id='word_1_25' title='bbox 1044 324 1114 363; x_wconf 90' lang='lat' dir='ltr'>Dei</span> <span class='ocrx_word' id='word_1_26' title='bbox 1143 324 1323 363; x_wconf 87' lang='lat' dir='ltr'>beneficio</span> <span class='ocrx_word' id='word_1_27' title='bbox 1353 335 1431 360; x_wconf 86' lang='lat' dir='ltr'>non</span> <span class='ocrx_word' id='word_1_28' title='bbox 1459 320 1568 358; x_wconf 81' lang='lat' dir='ltr'>modo</span> <span class='ocrx_word' id='word_1_29' title='bbox 1599 319 1658 357; x_wconf 89' lang='lat' dir='ltr'>de·</span> 
     </span>
     <span class='ocr_line' id='line_1_5' title="bbox 134 384 1657 449; baseline -0.008 -16"><span class='ocrx_word' id='word_1_30' title='bbox 134 396 236 449; x_wconf 83' lang='lat' dir='ltr'>fendi</span> <span class='ocrx_word' id='word_1_31' title='bbox 263 395 349 440; x_wconf 86' lang='lat' dir='ltr'>iam,</span> <span class='ocrx_word' id='word_1_32' title='bbox 377 393 440 431; x_wconf 89' lang='lat' dir='ltr'>sed</span> <span class='ocrx_word' id='word_1_33' title='bbox 470 406 515 430; x_wconf 91' lang='lat' dir='ltr'>ne</span> <span class='ocrx_word' id='word_1_34' title='bbox 542 392 712 430; x_wconf 81' lang='lat' dir='ltr'>excusari</span> <span class='ocrx_word' id='word_1_35' title='bbox 739 391 890 442; x_wconf 89' lang='lat' dir='ltr'>quidem</span> <span class='ocrx_word' id='word_1_36' title='bbox 915 402 1024 441; x_wconf 87' lang='lat' dir='ltr'>posse</span> <span class='ocrx_word' id='word_1_37' title='bbox 1052 389 1165 435; x_wconf 89' lang='lat' dir='ltr'>videt,</span> <span class='ocrx_word' id='word_1_38' title='bbox 1191 411 1241 418; x_wconf 90' lang='lat'>—</span> <span class='ocrx_word' id='word_1_39' title='bbox 1268 387 1363 426; x_wconf 86' lang='lat' dir='ltr'>nihil</span> <span class='ocrx_word' id='word_1_40' title='bbox 1391 384 1561 436; x_wconf 85' lang='lat' dir='ltr'><strong>equidem</strong></span> <span class='ocrx_word' id='word_1_41' title='bbox 1580 396 1657 422; x_wconf 89' lang='lat' dir='ltr'>non</span> 
     </span>
     <span class='ocr_line' id='line_1_6' title="bbox 133 449 1657 503; baseline -0.008 -6"><span class='ocrx_word' id='word_1_42' title='bbox 133 459 286 498; x_wconf 88' lang='lat' dir='ltr'>molitur</span> <span class='ocrx_word' id='word_1_43' title='bbox 321 471 365 495; x_wconf 84' lang='lat' dir='ltr'>ac</span> <span class='ocrx_word' id='word_1_44' title='bbox 399 460 531 502; x_wconf 88' lang='lat' dir='ltr'>tentat,</span> <span class='ocrx_word' id='word_1_45' title='bbox 566 463 607 494; x_wconf 85' lang='lat' dir='ltr'>ut</span> <span class='ocrx_word' id='word_1_46' title='bbox 644 456 726 493; x_wconf 92' lang='lat' dir='ltr'>loco</span> <span class='ocrx_word' id='word_1_47' title='bbox 762 453 1179 493; x_wconf 81' lang='lat' dir='ltr'>transubstantiationis</span> <span class='ocrx_word' id='word_1_48' title='bbox 1207 452 1397 503; x_wconf 79' lang='lat' dir='ltr'>quidpiam</span> <span class='ocrx_word' id='word_1_49' title='bbox 1426 449 1527 487; x_wconf 89' lang='lat' dir='ltr'>aliud</span> <span class='ocrx_word' id='word_1_50' title='bbox 1557 461 1657 486; x_wconf 89' lang='lat' dir='ltr'>com-</span> 
     </span>
     <span class='ocr_line' id='line_1_7' title="bbox 134 513 1661 572; baseline -0.008 -11"><span class='ocrx_word' id='word_1_51' title='bbox 134 523 355 562; x_wconf 80' lang='lat' dir='ltr'>miniscatur</span> <span class='ocrx_word' id='word_1_52' title='bbox 389 535 432 559; x_wconf 91' lang='lat' dir='ltr'>ac</span> <span class='ocrx_word' id='word_1_53' title='bbox 458 525 682 572; x_wconf 68' lang='lat' dir='ltr'>propugnet,</span> <span class='ocrx_word' id='word_1_54' title='bbox 710 519 809 570; x_wconf 89' lang='lat' dir='ltr'>quod</span> <span class='ocrx_word' id='word_1_55' title='bbox 838 531 912 556; x_wconf 87' lang='lat' dir='ltr'>non</span> <span class='ocrx_word' id='word_1_56' title='bbox 944 518 991 555; x_wconf 89' lang='lat' dir='ltr'>sit</span> <span class='ocrx_word' id='word_1_57' title='bbox 1022 517 1171 567; x_wconf 89' lang='lat' dir='ltr'>quidem</span> <span class='ocrx_word' id='word_1_58' title='bbox 1200 516 1320 554; x_wconf 84' lang='lat' dir='ltr'>simile</span> <span class='ocrx_word' id='word_1_59' title='bbox 1345 513 1661 553; x_wconf 85' lang='lat' dir='ltr'>transubstantia-</span> 
     </span>
     <span class='ocr_line' id='line_1_8' title="bbox 136 581 1661 633; baseline -0.008 -7"><span class='ocrx_word' id='word_1_60' title='bbox 136 588 243 633; x_wconf 87' lang='lat' dir='ltr'>tioni,</span> <span class='ocrx_word' id='word_1_61' title='bbox 279 587 343 625; x_wconf 88' lang='lat' dir='ltr'>sed</span> <span class='ocrx_word' id='word_1_62' title='bbox 379 593 502 624; x_wconf 87' lang='lat' dir='ltr'>tamen</span> <span class='ocrx_word' id='word_1_63' title='bbox 541 589 665 622; x_wconf 87' lang='lat' dir='ltr'>natam</span> <span class='ocrx_word' id='word_1_64' title='bbox 704 597 748 621; x_wconf 84' lang='lat' dir='ltr'>ex</span> <span class='ocrx_word' id='word_1_65' title='bbox 777 581 1180 621; x_wconf 73' lang='lat' dir='ltr'>transubstantiatione</span> <span class='ocrx_word' id='word_1_66' title='bbox 1210 584 1497 629; x_wconf 70' lang='grc' dir='ltr'>ἀρτολιιτρεὶκν</span> <span class='ocrx_word' id='word_1_67' title='bbox 1525 590 1661 626; x_wconf 84' lang='lat' dir='ltr'>magna</span> 
     </span>
     <span class='ocr_line' id='line_1_9' title="bbox 136 644 1662 703; baseline -0.007 -13"><span class='ocrx_word' id='word_1_68' title='bbox 136 666 181 690; x_wconf 84' lang='lat' dir='ltr'>ex</span> <span class='ocrx_word' id='word_1_69' title='bbox 209 656 312 703; x_wconf 88' lang='lat' dir='ltr'>parte</span> <span class='ocrx_word' id='word_1_70' title='bbox 336 652 460 688; x_wconf 84' lang='lat' dir='ltr'>foveat</span> <span class='ocrx_word' id='word_1_71' title='bbox 488 654 598 700; x_wconf 88' lang='lat' dir='ltr'>atque</span> <span class='ocrx_word' id='word_1_72' title='bbox 625 650 718 687; x_wconf 84' lang='lat' dir='ltr'>alat:</span> <span class='ocrx_word' id='word_1_73' title='bbox 750 661 879 698; x_wconf 85' lang='lat' dir='ltr'>nempe</span> <span class='ocrx_word' id='word_1_74' title='bbox 906 646 1041 683; x_wconf 86' lang='lat' dir='ltr'>realem</span> <span class='ocrx_word' id='word_1_75' title='bbox 1070 646 1301 683; x_wconf 82' lang='lat' dir='ltr'>substantiae</span> <span class='ocrx_word' id='word_1_76' title='bbox 1330 644 1494 695; x_wconf 89' lang='lat' dir='ltr'>corporis</span> <span class='ocrx_word' id='word_1_77' title='bbox 1522 647 1556 681; x_wconf 89' lang='lat' dir='ltr'>et</span> <span class='ocrx_word' id='word_1_78' title='bbox 1575 656 1662 681; x_wconf 89' lang='lat' dir='ltr'>san·</span> 
     </span>
     <span class='ocr_line' id='line_1_10' title="bbox 135 706 1661 766; baseline -0.007 -12"><span class='ocrx_word' id='word_1_79' title='bbox 135 716 262 766; x_wconf 83' lang='lat' dir='ltr'>guinis</span> <span class='ocrx_word' id='word_1_80' title='bbox 299 715 438 753; x_wconf 89' lang='lat' dir='ltr'>Christi</span> <span class='ocrx_word' id='word_1_81' title='bbox 474 717 539 755; x_wconf 65' lang='grc' dir='ltr'>διὰ</span> <span class='ocrx_word' id='word_1_82' title='bbox 567 717 689 760; x_wconf 60' lang='grc' dir='ltr'><em>εἴδους</em></span> <span class='ocrx_word' id='word_1_83' title='bbox 727 713 766 749; x_wconf 90' lang='lat' dir='ltr'>in</span> <span class='ocrx_word' id='word_1_84' title='bbox 795 724 930 749; x_wconf 91' lang='lat' dir='ltr'>coenae</span> <span class='ocrx_word' id='word_1_85' title='bbox 957 710 1148 747; x_wconf 88' lang='lat' dir='ltr'>elementis</span> <span class='ocrx_word' id='word_1_86' title='bbox 1178 709 1470 747; x_wconf 82' lang='lat' dir='ltr'>delitescenti-am</span> <span class='ocrx_word' id='word_1_87' title='bbox 1500 708 1576 745; x_wconf 88' lang='lat' dir='ltr'>sive</span> <span class='ocrx_word' id='word_1_88' title='bbox 1603 706 1661 744; x_wconf 89' lang='lat' dir='ltr'>in-</span> 
     </span>
     <span class='ocr_line' id='line_1_11' title="bbox 138 772 1664 830; baseline -0.007 -11"><span class='ocrx_word' id='word_1_89' title='bbox 138 781 355 826; x_wconf 86' lang='lat' dir='ltr'>clusionem,</span> <span class='ocrx_word' id='word_1_90' title='bbox 391 792 485 830; x_wconf 84' lang='lat' dir='ltr'>quae</span> <span class='ocrx_word' id='word_1_91' title='bbox 524 779 673 816; x_wconf 87' lang='lat' dir='ltr'>demum</span> <span class='ocrx_word' id='word_1_92' title='bbox 711 776 852 827; x_wconf 83' lang='lat' dir='ltr'>peperit</span> <span class='ocrx_word' id='word_1_93' title='bbox 880 776 992 812; x_wconf 88' lang='lat' dir='ltr'>etiam</span> <span class='ocrx_word' id='word_1_94' title='bbox 1020 779 1055 811; x_wconf 86' lang='lat' dir='ltr'>et</span> <span class='ocrx_word' id='word_1_95' title='bbox 1083 774 1371 811; x_wconf 76' lang='lat' dir='ltr'>immensitatem</span> <span class='ocrx_word' id='word_1_96' title='bbox 1399 772 1523 810; x_wconf 86' lang='lat' dir='ltr'>nescio</span> <span class='ocrx_word' id='word_1_97' title='bbox 1552 784 1664 822; x_wconf 87' lang='lat' dir='ltr'>quam</span> 
     </span>
     <span class='ocr_line' id='line_1_12' title="bbox 139 838 1663 897; baseline -0.007 -13"><span class='ocrx_word' id='word_1_98' title='bbox 139 846 304 897; x_wconf 85' lang='lat' dir='ltr'>corporis</span> <span class='ocrx_word' id='word_1_99' title='bbox 343 844 495 887; x_wconf 52' lang='lat' dir='ltr'>[hristh</span> <span class='ocrx_word' id='word_1_100' title='bbox 530 846 760 895; x_wconf 76' lang='lat' dir='ltr'>pugnantem</span> <span class='ocrx_word' id='word_1_101' title='bbox 791 853 873 877; x_wconf 86' lang='lat' dir='ltr'>cum</span> <span class='ocrx_word' id='word_1_102' title='bbox 903 852 988 877; x_wconf 83' lang='lat' dir='ltr'>vera</span> <span class='ocrx_word' id='word_1_103' title='bbox 1018 838 1249 875; x_wconf 74' lang='lat' dir='ltr'>humanitate</span> <span class='ocrx_word' id='word_1_104' title='bbox 1278 838 1406 888; x_wconf 85' lang='lat' dir='ltr'>ipsius,</span> <span class='ocrx_word' id='word_1_105' title='bbox 1433 843 1468 874; x_wconf 86' lang='lat' dir='ltr'>et</span> <span class='ocrx_word' id='word_1_106' title='bbox 1496 848 1663 874; x_wconf 90' lang='lat' dir='ltr'>commu·</span> 
     </span>
     <span class='ocr_line' id='line_1_13' title="bbox 140 900 1665 960; baseline -0.008 -12"><span class='ocrx_word' id='word_1_107' title='bbox 140 923 224 948; x_wconf 86' lang='lat' dir='ltr'>nem</span> <span class='ocrx_word' id='word_1_108' title='bbox 265 909 336 960; x_wconf 89' lang='lat' dir='ltr'>piis</span> <span class='ocrx_word' id='word_1_109' title='bbox 374 908 483 945; x_wconf 88' lang='lat' dir='ltr'>simul</span> <span class='ocrx_word' id='word_1_110' title='bbox 520 910 632 957; x_wconf 90' lang='lat' dir='ltr'>atque</span> <span class='ocrx_word' id='word_1_111' title='bbox 667 904 792 955; x_wconf 89' lang='lat' dir='ltr'>impiis</span> <span class='ocrx_word' id='word_1_112' title='bbox 829 903 931 940; x_wconf 90' lang='lat' dir='ltr'>illius</span> <span class='ocrx_word' id='word_1_113' title='bbox 967 902 1006 939; x_wconf 88' lang='lat' dir='ltr'>in</span> <span class='ocrx_word' id='word_1_114' title='bbox 1051 914 1163 938; x_wconf 88' lang='lat' dir='ltr'>coena</span> <span class='ocrx_word' id='word_1_115' title='bbox 1199 900 1535 951; x_wconf 82' lang='lat' dir='ltr'>participationem,</span> <span class='ocrx_word' id='word_1_116' title='bbox 1571 912 1665 950; x_wconf 91' lang='lat' dir='ltr'>quae</span> 
     </span>
     <span class='ocr_line' id='line_1_14' title="bbox 139 964 1665 1022; baseline -0.008 -10"><span class='ocrx_word' id='word_1_117' title='bbox 139 988 222 1012; x_wconf 88' lang='lat' dir='ltr'>cum</span> <span class='ocrx_word' id='word_1_118' title='bbox 260 973 442 1022; x_wconf 80' lang='lat' dir='ltr'>dignitate</span> <span class='ocrx_word' id='word_1_119' title='bbox 469 976 503 1010; x_wconf 89' lang='lat' dir='ltr'>et</span> <span class='ocrx_word' id='word_1_120' title='bbox 530 970 649 1019; x_wconf 75' lang='lat' dir='ltr'>gloria</span> <span class='ocrx_word' id='word_1_121' title='bbox 680 968 819 1005; x_wconf 84' lang='lat' dir='ltr'>Christi</span> <span class='ocrx_word' id='word_1_122' title='bbox 849 966 1002 1005; x_wconf 77' lang='lat' dir='ltr'>Domini</span> <span class='ocrx_word' id='word_1_123' title='bbox 1032 966 1235 1003; x_wconf 82' lang='lat' dir='ltr'>consistere</span> <span class='ocrx_word' id='word_1_124' title='bbox 1262 966 1364 1002; x_wconf 84' lang='lat' dir='ltr'>nullo</span> <span class='ocrx_word' id='word_1_125' title='bbox 1393 964 1504 1002; x_wconf 91' lang='lat' dir='ltr'>modo</span> <span class='ocrx_word' id='word_1_126' title='bbox 1530 967 1665 1015; x_wconf 83' lang='lat' dir='ltr'>potest,</span> 
     </span>
     <span class='ocr_line' id='line_1_15' title="bbox 140 1029 1664 1090; baseline -0.008 -13"><span class='ocrx_word' id='word_1_127' title='bbox 140 1040 184 1077; x_wconf 92' lang='lat' dir='ltr'>de</span> <span class='ocrx_word' id='word_1_128' title='bbox 219 1039 354 1090; x_wconf 87' lang='lat' dir='ltr'>quibus</span> <span class='ocrx_word' id='word_1_129' title='bbox 391 1050 479 1075; x_wconf 87' lang='lat' dir='ltr'>sane</span> <span class='ocrx_word' id='word_1_130' title='bbox 516 1035 704 1078; x_wconf 87' lang='lat' dir='ltr'>omnibus,</span> <span class='ocrx_word' id='word_1_131' title='bbox 740 1046 860 1083; x_wconf 87' lang='lat' dir='ltr'>neque</span> <span class='ocrx_word' id='word_1_132' title='bbox 897 1032 1068 1069; x_wconf 86' lang='lat' dir='ltr'>Christus</span> <span class='ocrx_word' id='word_1_133' title='bbox 1108 1031 1187 1081; x_wconf 84' lang='lat' dir='ltr'>ipse</span> <span class='ocrx_word' id='word_1_134' title='bbox 1215 1030 1412 1073; x_wconf 83' lang='lat' dir='ltr'>Dominus,</span> <span class='ocrx_word' id='word_1_135' title='bbox 1441 1042 1557 1079; x_wconf 92' lang='lat' dir='ltr'>neque</span> <span class='ocrx_word' id='word_1_136' title='bbox 1586 1029 1664 1067; x_wconf 88' lang='lat' dir='ltr'>eius</span> 
     </span>
     <span class='ocr_line' id='line_1_16' title="bbox 138 1093 1666 1154; baseline -0.007 -12"><span class='ocrx_word' id='word_1_137' title='bbox 138 1105 227 1142; x_wconf 89' lang='lat' dir='ltr'>item</span> <span class='ocrx_word' id='word_1_138' title='bbox 265 1102 437 1154; x_wconf 83' lang='lat' dir='ltr'>Apostoli</span> <span class='ocrx_word' id='word_1_139' title='bbox 481 1114 524 1138; x_wconf 88' lang='lat' dir='ltr'>ac</span> <span class='ocrx_word' id='word_1_140' title='bbox 562 1113 606 1138; x_wconf 91' lang='lat' dir='ltr'>ne</span> <span class='ocrx_word' id='word_1_141' title='bbox 642 1099 850 1149; x_wconf 84' lang='lat' dir='ltr'>primaevae</span> <span class='ocrx_word' id='word_1_142' title='bbox 886 1097 1037 1147; x_wconf 88' lang='lat' dir='ltr'>quidem</span> <span class='ocrx_word' id='word_1_143' title='bbox 1075 1095 1264 1132; x_wconf 84' lang='lat' dir='ltr'>Ecclesiae</span> <span class='ocrx_word' id='word_1_144' title='bbox 1293 1095 1419 1132; x_wconf 90' lang='lat' dir='ltr'>Patres</span> <span class='ocrx_word' id='word_1_145' title='bbox 1460 1093 1666 1144; x_wconf 83' lang='lat' dir='ltr'>quidquam</span> 
     </span>
     <span class='ocr_line' id='line_1_17' title="bbox 140 1158 1666 1216; baseline -0.008 -10"><span class='ocrx_word' id='word_1_146' title='bbox 140 1169 294 1206; x_wconf 88' lang='lat' dir='ltr'>omnino</span> <span class='ocrx_word' id='word_1_147' title='bbox 342 1166 568 1216; x_wconf 85' lang='lat' dir='ltr'>cogitarunt.</span> <span class='ocrx_word' id='word_1_148' title='bbox 622 1163 728 1214; x_wconf 90' lang='lat' dir='ltr'>Opus</span> <span class='ocrx_word' id='word_1_149' title='bbox 773 1162 890 1211; x_wconf 81' lang='lat' dir='ltr'>igitur</span> <span class='ocrx_word' id='word_1_150' title='bbox 934 1160 1004 1198; x_wconf 92' lang='lat' dir='ltr'>Dei</span> <span class='ocrx_word' id='word_1_151' title='bbox 1039 1160 1233 1211; x_wconf 81' lang='lat' dir='ltr'>perturbat</span> <span class='ocrx_word' id='word_1_152' title='bbox 1270 1158 1467 1200; x_wconf 80' lang='lat' dir='ltr'>Diabolus,</span> <span class='ocrx_word' id='word_1_153' title='bbox 1505 1158 1666 1195; x_wconf 82' lang='lat' dir='ltr'>excitato</span> 
     </span>
     <span class='ocr_line' id='line_1_18' title="bbox 138 1220 1667 1282; baseline -0.009 -12"><span class='ocrx_word' id='word_1_154' title='bbox 138 1231 325 1282; x_wconf 84' lang='lat' dir='ltr'>Propheta</span> <span class='ocrx_word' id='word_1_155' title='bbox 361 1242 428 1267; x_wconf 88' lang='lat' dir='ltr'>suo</span> <span class='ocrx_word' id='word_1_156' title='bbox 466 1227 699 1278; x_wconf 88' lang='lat' dir='ltr'>Westphalo,</span> <span class='ocrx_word' id='word_1_157' title='bbox 743 1220 807 1276; x_wconf 81' lang='lat' dir='ltr'>qui</span> <span class='ocrx_word' id='word_1_158' title='bbox 833 1238 929 1262; x_wconf 88' lang='lat' dir='ltr'>nova</span> <span class='ocrx_word' id='word_1_159' title='bbox 959 1223 1134 1273; x_wconf 79' lang='lat' dir='ltr'>dogmata</span> <span class='ocrx_word' id='word_1_160' title='bbox 1162 1223 1200 1260; x_wconf 90' lang='lat' dir='ltr'>in</span> <span class='ocrx_word' id='word_1_161' title='bbox 1231 1222 1399 1259; x_wconf 88' lang='lat' dir='ltr'>Ecclesia</span> <span class='ocrx_word' id='word_1_162' title='bbox 1429 1221 1502 1259; x_wconf 90' lang='lat' dir='ltr'>sibi</span> <span class='ocrx_word' id='word_1_163' title='bbox 1528 1220 1667 1259; x_wconf 86' lang='lat' dir='ltr'>tuenda</span> 
     </span>
     <span class='ocr_line' id='line_1_19' title="bbox 140 1286 1666 1345; baseline -0.009 -11"><span class='ocrx_word' id='word_1_164' title='bbox 140 1295 254 1334; x_wconf 89' lang='lat' dir='ltr'>sumit</span> <span class='ocrx_word' id='word_1_165' title='bbox 289 1293 335 1332; x_wconf 88' lang='lat' dir='ltr'>ad</span> <span class='ocrx_word' id='word_1_166' title='bbox 369 1291 658 1345; x_wconf 87' lang='lat' dir='ltr'>perturbandem</span> <span class='ocrx_word' id='word_1_167' title='bbox 696 1291 774 1340; x_wconf 87' lang='lat' dir='ltr'>ejus</span> <span class='ocrx_word' id='word_1_168' title='bbox 810 1288 1121 1339; x_wconf 85' lang='lat' dir='ltr'>tranquillitatem</span> <span class='ocrx_word' id='word_1_169' title='bbox 1157 1291 1193 1325; x_wconf 89' lang='lat' dir='ltr'>et</span> <span class='ocrx_word' id='word_1_170' title='bbox 1220 1286 1493 1337; x_wconf 83' lang='lat' dir='ltr'>impediendam</span> <span class='ocrx_word' id='word_1_171' title='bbox 1522 1286 1666 1336; x_wconf 83' lang='lat' dir='ltr'>purita-</span> 
     </span>
     <span class='ocr_line' id='line_1_20' title="bbox 141 1352 1666 1408; baseline -0.007 -11"><span class='ocrx_word' id='word_1_172' title='bbox 141 1360 224 1408; x_wconf 88' lang='lat' dir='ltr'>(fol.</span> <span class='ocrx_word' id='word_1_173' title='bbox 253 1359 396 1406; x_wconf 82' lang='lat' dir='ltr'>l7)tem</span> <span class='ocrx_word' id='word_1_174' title='bbox 430 1355 688 1407; x_wconf 89' lang='lat' dir='ltr'>Apostolicam</span> <span class='ocrx_word' id='word_1_175' title='bbox 715 1354 755 1392; x_wconf 90' lang='lat' dir='ltr'>in</span> <span class='ocrx_word' id='word_1_176' title='bbox 784 1353 955 1391; x_wconf 88' lang='lat' dir='ltr'>doctrina</span> <span class='ocrx_word' id='word_1_177' title='bbox 982 1356 1015 1390; x_wconf 85' lang='lat' dir='ltr'>et</span> <span class='ocrx_word' id='word_1_178' title='bbox 1045 1352 1212 1401; x_wconf 82' lang='lat' dir='ltr'>legitimo</span> <span class='ocrx_word' id='word_1_179' title='bbox 1241 1363 1313 1388; x_wconf 89' lang='lat' dir='ltr'>usu</span> <span class='ocrx_word' id='word_1_180' title='bbox 1336 1353 1666 1387; x_wconf 85' lang='lat' dir='ltr'>sacramentorum.</span> 
     </span>
     <span class='ocr_line' id='line_1_21' title="bbox 137 1414 1665 1472; baseline -0.01 -8"><span class='ocrx_word' id='word_1_181' title='bbox 137 1426 209 1464; x_wconf 91' lang='lat' dir='ltr'>Per</span> <span class='ocrx_word' id='word_1_182' title='bbox 235 1424 394 1463; x_wconf 90' lang='lat' dir='ltr'>eundem</span> <span class='ocrx_word' id='word_1_183' title='bbox 421 1434 507 1460; x_wconf 88' lang='lat' dir='ltr'>vero</span> <span class='ocrx_word' id='word_1_184' title='bbox 534 1421 656 1472; x_wconf 88' lang='lat' dir='ltr'>ipsum</span> <span class='ocrx_word' id='word_1_185' title='bbox 684 1418 943 1470; x_wconf 88' lang='lat' dir='ltr'>Westphalum</span> <span class='ocrx_word' id='word_1_186' title='bbox 974 1417 1096 1454; x_wconf 84' lang='lat' dir='ltr'>vibrat</span> <span class='ocrx_word' id='word_1_187' title='bbox 1122 1416 1233 1453; x_wconf 88' lang='lat' dir='ltr'>etiam</span> <span class='ocrx_word' id='word_1_188' title='bbox 1253 1417 1434 1452; x_wconf 89' lang='lat' dir='ltr'>venenata</span> <span class='ocrx_word' id='word_1_189' title='bbox 1455 1427 1520 1451; x_wconf 86' lang='lat' dir='ltr'>sua</span> <span class='ocrx_word' id='word_1_190' title='bbox 1537 1414 1665 1463; x_wconf 86' lang='lat' dir='ltr'>jacula</span> 
     </span>
     <span class='ocr_line' id='line_1_22' title="bbox 139 1476 1668 1528; baseline -0.01 0"><span class='ocrx_word' id='word_1_191' title='bbox 139 1490 316 1528; x_wconf 88' lang='lat' dir='ltr'>adversus</span> <span class='ocrx_word' id='word_1_192' title='bbox 353 1485 624 1525; x_wconf 84' lang='lat' dir='ltr'>humanitatem</span> <span class='ocrx_word' id='word_1_193' title='bbox 663 1497 788 1521; x_wconf 87' lang='lat' dir='ltr'>veram</span> <span class='ocrx_word' id='word_1_194' title='bbox 815 1482 956 1520; x_wconf 86' lang='lat' dir='ltr'>Christi</span> <span class='ocrx_word' id='word_1_195' title='bbox 983 1480 1139 1518; x_wconf 91' lang='lat' dir='ltr'>Domini</span> <span class='ocrx_word' id='word_1_196' title='bbox 1167 1483 1203 1517; x_wconf 90' lang='lat' dir='ltr'>et</span> <span class='ocrx_word' id='word_1_197' title='bbox 1232 1478 1409 1516; x_wconf 88' lang='lat' dir='ltr'>adversus</span> <span class='ocrx_word' id='word_1_198' title='bbox 1437 1476 1597 1527; x_wconf 84' lang='lat' dir='ltr'>gloriam</span> <span class='ocrx_word' id='word_1_199' title='bbox 1625 1489 1668 1513; x_wconf 82' lang='lat' dir='ltr'>ac</span> 
     </span>
     <span class='ocr_line' id='line_1_23' title="bbox 142 1544 1670 1605; baseline -0.01 -12"><span class='ocrx_word' id='word_1_200' title='bbox 142 1554 362 1605; x_wconf 85' lang='lat' dir='ltr'>dignitatem</span> <span class='ocrx_word' id='word_1_201' title='bbox 397 1550 621 1590; x_wconf 83' lang='lat' dir='ltr'>sacramenti</span> <span class='ocrx_word' id='word_1_202' title='bbox 658 1549 825 1600; x_wconf 87' lang='lat' dir='ltr'>corporis</span> <span class='ocrx_word' id='word_1_203' title='bbox 860 1548 990 1599; x_wconf 87' lang='lat' dir='ltr'>ipsius,</span> <span class='ocrx_word' id='word_1_204' title='bbox 1016 1551 1053 1584; x_wconf 91' lang='lat' dir='ltr'>et</span> <span class='ocrx_word' id='word_1_205' title='bbox 1079 1545 1228 1596; x_wconf 87' lang='lat' dir='ltr'>quidem</span> <span class='ocrx_word' id='word_1_206' title='bbox 1256 1546 1450 1595; x_wconf 84' lang='lat' dir='ltr'>praetextu</span> <span class='ocrx_word' id='word_1_207' title='bbox 1477 1544 1670 1592; x_wconf 82' lang='lat' dir='ltr'>Augusta-</span> 
     </span>
     <span class='ocr_line' id='line_1_24' title="bbox 141 1608 1670 1663; baseline -0.009 -6"><span class='ocrx_word' id='word_1_208' title='bbox 141 1632 211 1658; x_wconf 88' lang='lat' dir='ltr'>nae</span> <span class='ocrx_word' id='word_1_209' title='bbox 249 1615 518 1660; x_wconf 80' lang='lat' dir='ltr'>confessionis,</span> <span class='ocrx_word' id='word_1_210' title='bbox 556 1614 660 1663; x_wconf 89' lang='lat' dir='ltr'>cujus</span> <span class='ocrx_word' id='word_1_211' title='bbox 695 1612 848 1654; x_wconf 79' lang='lat' dir='ltr'>interim</span> <span class='ocrx_word' id='word_1_212' title='bbox 885 1610 1094 1648; x_wconf 86' lang='lat' dir='ltr'>doctrinam</span> <span class='ocrx_word' id='word_1_213' title='bbox 1133 1613 1262 1646; x_wconf 86' lang='lat' dir='ltr'>contra</span> <span class='ocrx_word' id='word_1_214' title='bbox 1296 1608 1408 1645; x_wconf 88' lang='lat' dir='ltr'>verba</span> <span class='ocrx_word' id='word_1_215' title='bbox 1446 1612 1481 1645; x_wconf 91' lang='lat' dir='ltr'>et</span> <span class='ocrx_word' id='word_1_216' title='bbox 1509 1609 1670 1644; x_wconf 86' lang='lat' dir='ltr'>mentem</span> 
     </span>
     <span class='ocr_line' id='line_1_25' title="bbox 141 1670 1670 1732; baseline -0.009 -11"><span class='ocrx_word' id='word_1_217' title='bbox 141 1684 241 1722; x_wconf 89' lang='lat' dir='ltr'>illius</span> <span class='ocrx_word' id='word_1_218' title='bbox 267 1680 502 1732; x_wconf 84' lang='lat' dir='ltr'>impudenter</span> <span class='ocrx_word' id='word_1_219' title='bbox 531 1678 707 1729; x_wconf 82' lang='lat' dir='ltr'>depravat</span> <span class='ocrx_word' id='word_1_220' title='bbox 735 1681 770 1714; x_wconf 94' lang='lat' dir='ltr'>et</span> <span class='ocrx_word' id='word_1_221' title='bbox 799 1676 1008 1726; x_wconf 82' lang='lat' dir='ltr'>detorquet,</span> <span class='ocrx_word' id='word_1_222' title='bbox 1034 1673 1196 1711; x_wconf 87' lang='lat' dir='ltr'>inventis</span> <span class='ocrx_word' id='word_1_223' title='bbox 1228 1672 1398 1721; x_wconf 70' lang='lat' dir='ltr'>suffugiis</span> <span class='ocrx_word' id='word_1_224' title='bbox 1427 1671 1502 1709; x_wconf 89' lang='lat' dir='ltr'>suis</span> <span class='ocrx_word' id='word_1_225' title='bbox 1530 1670 1577 1708; x_wconf 87' lang='lat' dir='ltr'>ad</span> <span class='ocrx_word' id='word_1_226' title='bbox 1605 1683 1670 1707; x_wconf 89' lang='lat' dir='ltr'>ne-</span> 
     </span>
     <span class='ocr_line' id='line_1_26' title="bbox 144 1735 1671 1798; baseline -0.01 -12"><span class='ocrx_word' id='word_1_227' title='bbox 144 1748 221 1787; x_wconf 89' lang='lat' dir='ltr'>scio</span> <span class='ocrx_word' id='word_1_228' title='bbox 258 1759 352 1798; x_wconf 89' lang='lat' dir='ltr'>quos</span> <span class='ocrx_word' id='word_1_229' title='bbox 388 1748 536 1782; x_wconf 83' lang='lat' dir='ltr'>autores</span> <span class='ocrx_word' id='word_1_230' title='bbox 573 1747 684 1793; x_wconf 89' lang='lat' dir='ltr'>atque</span> <span class='ocrx_word' id='word_1_231' title='bbox 721 1740 908 1779; x_wconf 84' lang='lat' dir='ltr'>Ecclesias</span> <span class='ocrx_word' id='word_1_232' title='bbox 937 1738 1118 1790; x_wconf 88' lang='lat' dir='ltr'>quasdam</span> <span class='ocrx_word' id='word_1_233' title='bbox 1147 1737 1226 1775; x_wconf 91' lang='lat' dir='ltr'>eius</span> <span class='ocrx_word' id='word_1_234' title='bbox 1257 1736 1398 1774; x_wconf 89' lang='lat' dir='ltr'>scilicet</span> <span class='ocrx_word' id='word_1_235' title='bbox 1425 1735 1542 1786; x_wconf 91' lang='lat' dir='ltr'>ipsius</span> <span class='ocrx_word' id='word_1_236' title='bbox 1571 1735 1671 1772; x_wconf 90' lang='lat' dir='ltr'>Con·</span> 
     </span>
     <span class='ocr_line' id='line_1_27' title="bbox 143 1799 1670 1868; baseline -0.01 -18"><span class='ocrx_word' id='word_1_237' title='bbox 143 1811 330 1856; x_wconf 80' lang='lat' dir='ltr'>fessionis,</span> <span class='ocrx_word' id='word_1_238' title='bbox 361 1807 678 1860; x_wconf 83' lang='lat' dir='ltr'>quemadmodum</span> <span class='ocrx_word' id='word_1_239' title='bbox 712 1805 751 1842; x_wconf 93' lang='lat' dir='ltr'>id</span> <span class='ocrx_word' id='word_1_240' title='bbox 781 1808 816 1843; x_wconf 91' lang='lat' dir='ltr'>et</span> <span class='ocrx_word' id='word_1_241' title='bbox 845 1803 1041 1868; x_wconf 66' lang='lat' dir='ltr'>Purgatio0</span> <span class='ocrx_word' id='word_1_242' title='bbox 1053 1806 1182 1840; x_wconf 86' lang='lat' dir='ltr'>nostra</span> <span class='ocrx_word' id='word_1_243' title='bbox 1209 1805 1246 1839; x_wconf 91' lang='lat' dir='ltr'>et</span> <span class='ocrx_word' id='word_1_244' title='bbox 1273 1813 1373 1838; x_wconf 89' lang='lat' dir='ltr'>nunc</span> <span class='ocrx_word' id='word_1_245' title='bbox 1399 1799 1490 1837; x_wconf 89' lang='lat' dir='ltr'>item</span> <span class='ocrx_word' id='word_1_246' title='bbox 1516 1812 1670 1850; x_wconf 89' lang='lat' dir='ltr'>respon-</span> 
     </span>
     <span class='ocr_line' id='line_1_28' title="bbox 143 1865 1671 1921; baseline -0.011 -4"><span class='ocrx_word' id='word_1_247' title='bbox 143 1878 199 1917; x_wconf 90' lang='lat' dir='ltr'>sio</span> <span class='ocrx_word' id='word_1_248' title='bbox 236 1877 283 1915; x_wconf 89' lang='lat' dir='ltr'>ad</span> <span class='ocrx_word' id='word_1_249' title='bbox 318 1875 471 1913; x_wconf 88' lang='lat' dir='ltr'>tertium</span> <span class='ocrx_word' id='word_1_250' title='bbox 507 1872 585 1909; x_wconf 90' lang='lat' dir='ltr'>eius</span> <span class='ocrx_word' id='word_1_251' title='bbox 612 1869 893 1921; x_wconf 81' lang='lat' dir='ltr'>Paragraphum</span> <span class='ocrx_word' id='word_1_252' title='bbox 919 1881 1091 1919; x_wconf 86' lang='lat' dir='ltr'>expresse</span> <span class='ocrx_word' id='word_1_253' title='bbox 1118 1870 1287 1905; x_wconf 86' lang='lat' dir='ltr'>testatur.</span> <span class='ocrx_word' id='word_1_254' title='bbox 1341 1865 1520 1902; x_wconf 88' lang='lat' dir='ltr'>Libenter</span> <span class='ocrx_word' id='word_1_255' title='bbox 1547 1867 1671 1901; x_wconf 89' lang='lat' dir='ltr'>autem</span> 
     </span>
     <span class='ocr_line' id='line_1_29' title="bbox 145 1932 1672 1991; baseline -0.01 -10"><span class='ocrx_word' id='word_1_256' title='bbox 145 1955 322 1991; x_wconf 78' lang='lat' dir='ltr'>agnosco,</span> <span class='ocrx_word' id='word_1_257' title='bbox 366 1936 680 1991; x_wconf 87' lang='lat' dir='ltr'>quemadmodum</span> <span class='ocrx_word' id='word_1_258' title='bbox 724 1938 832 1972; x_wconf 87' lang='lat' dir='ltr'>antea</span> <span class='ocrx_word' id='word_1_259' title='bbox 879 1946 1027 1984; x_wconf 88' lang='lat' dir='ltr'>quoque</span> <span class='ocrx_word' id='word_1_260' title='bbox 1064 1932 1155 1976; x_wconf 85' lang='lat' dir='ltr'>dixi,</span> <span class='ocrx_word' id='word_1_261' title='bbox 1185 1945 1244 1969; x_wconf 88' lang='lat' dir='ltr'>me</span> <span class='ocrx_word' id='word_1_262' title='bbox 1279 1944 1356 1968; x_wconf 89' lang='lat' dir='ltr'>non</span> <span class='ocrx_word' id='word_1_263' title='bbox 1393 1942 1551 1979; x_wconf 88' lang='lat' dir='ltr'>aequare</span> <span class='ocrx_word' id='word_1_264' title='bbox 1588 1940 1672 1965; x_wconf 88' lang='lat' dir='ltr'>cum</span> 
     </span>
     <span class='ocr_line' id='line_1_30' title="bbox 146 1992 1672 2058; baseline -0.011 -13"><span class='ocrx_word' id='word_1_265' title='bbox 146 2006 349 2058; x_wconf 86' lang='lat' dir='ltr'>Scripturis</span> <span class='ocrx_word' id='word_1_266' title='bbox 387 2002 525 2041; x_wconf 84' lang='lat' dir='ltr'>sanctis</span> <span class='ocrx_word' id='word_1_267' title='bbox 562 2003 824 2049; x_wconf 79' lang='lat' dir='ltr'>Augustanam</span> <span class='ocrx_word' id='word_1_268' title='bbox 860 1997 1162 2043; x_wconf 80' lang='lat' dir='ltr'>Confessionem3</span> <span class='ocrx_word' id='word_1_269' title='bbox 1189 2009 1275 2033; x_wconf 89' lang='lat' dir='ltr'>nam</span> <span class='ocrx_word' id='word_1_270' title='bbox 1302 1994 1340 2032; x_wconf 87' lang='lat' dir='ltr'>id</span> <span class='ocrx_word' id='word_1_271' title='bbox 1368 1993 1461 2031; x_wconf 82' lang='lat' dir='ltr'>mihi</span> <span class='ocrx_word' id='word_1_272' title='bbox 1489 2005 1570 2030; x_wconf 88' lang='lat' dir='ltr'>cum</span> <span class='ocrx_word' id='word_1_273' title='bbox 1600 1992 1672 2029; x_wconf 89' lang='lat' dir='ltr'>Ca-</span> 
     </span>
     <span class='ocr_line' id='line_1_31' title="bbox 145 2056 1674 2110; baseline -0.011 -1"><span class='ocrx_word' id='word_1_274' title='bbox 145 2071 285 2110; x_wconf 90' lang='lat' dir='ltr'>tholica</span> <span class='ocrx_word' id='word_1_275' title='bbox 323 2067 463 2107; x_wconf 86' lang='lat' dir='ltr'>Christi</span> <span class='ocrx_word' id='word_1_276' title='bbox 499 2065 668 2103; x_wconf 87' lang='lat' dir='ltr'>Ecclesia</span> <span class='ocrx_word' id='word_1_277' title='bbox 707 2076 902 2101; x_wconf 88' lang='lat' dir='ltr'>commune</span> <span class='ocrx_word' id='word_1_278' title='bbox 929 2075 1010 2100; x_wconf 87' lang='lat' dir='ltr'>esse</span> <span class='ocrx_word' id='word_1_279' title='bbox 1037 2062 1127 2099; x_wconf 87' lang='lat' dir='ltr'>scio.</span> <span class='ocrx_word' id='word_1_280' title='bbox 1181 2061 1239 2098; x_wconf 91' lang='lat' dir='ltr'>Ac</span> <span class='ocrx_word' id='word_1_281' title='bbox 1264 2058 1422 2110; x_wconf 87' lang='lat' dir='ltr'>proinde</span> <span class='ocrx_word' id='word_1_282' title='bbox 1449 2056 1575 2094; x_wconf 91' lang='lat' dir='ltr'>malim</span> <span class='ocrx_word' id='word_1_283' title='bbox 1604 2056 1674 2093; x_wconf 88' lang='lat' dir='ltr'>hac</span> 
     </span>
     <span class='ocr_line' id='line_1_32' title="bbox 149 2120 1674 2186; baseline -0.012 -12"><span class='ocrx_word' id='word_1_284' title='bbox 149 2136 188 2174; x_wconf 93' lang='lat' dir='ltr'>in</span> <span class='ocrx_word' id='word_1_285' title='bbox 223 2138 328 2186; x_wconf 86' lang='lat' dir='ltr'>parte</span> <span class='ocrx_word' id='word_1_286' title='bbox 365 2131 582 2182; x_wconf 85' lang='lat' dir='ltr'>Westphalo</span> <span class='ocrx_word' id='word_1_287' title='bbox 623 2125 881 2176; x_wconf 83' lang='lat' dir='ltr'>Mataeologus</span> <span class='ocrx_word' id='word_1_288' title='bbox 918 2139 998 2164; x_wconf 86' lang='lat' dir='ltr'>esse</span> <span class='ocrx_word' id='word_1_289' title='bbox 1037 2129 1073 2163; x_wconf 88' lang='lat' dir='ltr'>et</span> <span class='ocrx_word' id='word_1_290' title='bbox 1102 2124 1133 2162; x_wconf 91' lang='lat' dir='ltr'>si</span> <span class='ocrx_word' id='word_1_291' title='bbox 1160 2136 1234 2174; x_wconf 89' lang='lat' dir='ltr'>quo</span> <span class='ocrx_word' id='word_1_292' title='bbox 1262 2126 1451 2173; x_wconf 83' lang='lat' dir='ltr'>praeterea</span> <span class='ocrx_word' id='word_1_293' title='bbox 1478 2120 1587 2158; x_wconf 78' lang='lat' dir='ltr'>titulo</span> <span class='ocrx_word' id='word_1_294' title='bbox 1615 2132 1674 2156; x_wconf 90' lang='lat' dir='ltr'>me</span> 
     </span>
     <span class='ocr_line' id='line_1_33' title="bbox 148 2184 1675 2251; baseline -0.011 -15"><span class='ocrx_word' id='word_1_295' title='bbox 148 2211 216 2251; x_wconf 89' lang='lat' dir='ltr'>pro</span> <span class='ocrx_word' id='word_1_296' title='bbox 255 2211 319 2235; x_wconf 88' lang='lat' dir='ltr'>sua</span> <span class='ocrx_word' id='word_1_297' title='bbox 355 2194 540 2233; x_wconf 87' lang='lat' dir='ltr'>modestia.</span> <span class='ocrx_word' id='word_1_298' title='bbox 575 2205 708 2230; x_wconf 85' lang='lat' dir='ltr'>ornare</span> <span class='ocrx_word' id='word_1_299' title='bbox 745 2191 857 2235; x_wconf 90' lang='lat' dir='ltr'>volet,</span> <span class='ocrx_word' id='word_1_300' title='bbox 892 2203 1002 2241; x_wconf 85' lang='lat' dir='ltr'>quam</span> <span class='ocrx_word' id='word_1_301' title='bbox 1029 2189 1127 2226; x_wconf 89' lang='lat' dir='ltr'>inter</span> <span class='ocrx_word' id='word_1_302' title='bbox 1154 2185 1368 2224; x_wconf 88' lang='lat' dir='ltr'>istiusmodi</span> <span class='ocrx_word' id='word_1_303' title='bbox 1394 2184 1558 2235; x_wconf 85' lang='lat' dir='ltr'>profetas</span> <span class='ocrx_word' id='word_1_304' title='bbox 1588 2196 1675 2220; x_wconf 89' lang='lat' dir='ltr'>cen-</span> 
     </span>
     <span class='ocr_line' id='line_1_34' title="bbox 150 2246 1676 2312; baseline -0.011 -12"><span class='ocrx_word' id='word_1_305' title='bbox 150 2262 233 2305; x_wconf 77' lang='lat' dir='ltr'>seri,</span> <span class='ocrx_word' id='word_1_306' title='bbox 268 2260 416 2312; x_wconf 88' lang='lat' dir='ltr'>qualem</span> <span class='ocrx_word' id='word_1_307' title='bbox 443 2256 702 2308; x_wconf 86' lang='lat' dir='ltr'>Westphalum</span> <span class='ocrx_word' id='word_1_308' title='bbox 731 2267 809 2293; x_wconf 88' lang='lat' dir='ltr'>esse</span> <span class='ocrx_word' id='word_1_309' title='bbox 837 2253 1015 2291; x_wconf 85' lang='lat' dir='ltr'>videmus.</span> <span class='ocrx_word' id='word_1_310' title='bbox 1072 2252 1267 2290; x_wconf 76' lang='lat' dir='ltr'>Quatenus</span> <span class='ocrx_word' id='word_1_311' title='bbox 1295 2252 1418 2286; x_wconf 87' lang='lat' dir='ltr'>autem</span> <span class='ocrx_word' id='word_1_312' title='bbox 1444 2246 1676 2298; x_wconf 87' lang='lat' dir='ltr'>aequandam</span> 
     </span>
     <span class='ocr_line' id='line_1_35' title="bbox 152 2313 1678 2374; baseline -0.011 -9"><span class='ocrx_word' id='word_1_313' title='bbox 152 2340 229 2366; x_wconf 89' lang='lat' dir='ltr'>non</span> <span class='ocrx_word' id='word_1_314' title='bbox 256 2338 336 2363; x_wconf 87' lang='lat' dir='ltr'>esse</span> <span class='ocrx_word' id='word_1_315' title='bbox 358 2323 485 2374; x_wconf 81' lang='lat' dir='ltr'>judico</span> <span class='ocrx_word' id='word_1_316' title='bbox 517 2335 600 2359; x_wconf 86' lang='lat' dir='ltr'>cum</span> <span class='ocrx_word' id='word_1_317' title='bbox 629 2320 769 2358; x_wconf 87' lang='lat' dir='ltr'>sanctis</span> <span class='ocrx_word' id='word_1_318' title='bbox 792 2318 992 2369; x_wconf 86' lang='lat' dir='ltr'>Scripturis</span> <span class='ocrx_word' id='word_1_319' title='bbox 1014 2318 1276 2366; x_wconf 83' lang='lat' dir='ltr'>Augustanam</span> <span class='ocrx_word' id='word_1_320' title='bbox 1297 2313 1592 2356; x_wconf 80' lang='lat' dir='ltr'>Confessionem‚</span> <span class='ocrx_word' id='word_1_321' title='bbox 1612 2325 1678 2350; x_wconf 88' lang='lat' dir='ltr'>ne-</span> 
     </span>
     <span class='ocr_line' id='line_1_36' title="bbox 152 2376 1678 2443; baseline -0.01 -15"><span class='ocrx_word' id='word_1_322' title='bbox 152 2405 223 2443; x_wconf 87' lang='lat' dir='ltr'>que</span> <span class='ocrx_word' id='word_1_323' title='bbox 257 2389 421 2427; x_wconf 89' lang='lat' dir='ltr'>ullorum</span> <span class='ocrx_word' id='word_1_324' title='bbox 456 2390 541 2438; x_wconf 88' lang='lat' dir='ltr'>post</span> <span class='ocrx_word' id='word_1_325' title='bbox 569 2385 774 2436; x_wconf 88' lang='lat' dir='ltr'>Apostolos</span> <span class='ocrx_word' id='word_1_326' title='bbox 802 2382 997 2420; x_wconf 88' lang='lat' dir='ltr'>hominum</span> <span class='ocrx_word' id='word_1_327' title='bbox 1024 2380 1174 2431; x_wconf 86' lang='lat' dir='ltr'>scripta,</span> <span class='ocrx_word' id='word_1_328' title='bbox 1203 2379 1301 2416; x_wconf 79' lang='lat' dir='ltr'>solas</span> <span class='ocrx_word' id='word_1_329' title='bbox 1329 2382 1452 2415; x_wconf 81' lang='lat' dir='ltr'>autem</span> <span class='ocrx_word' id='word_1_330' title='bbox 1479 2376 1678 2427; x_wconf 78' lang='lat' dir='ltr'>Propheti-</span> 
     </span>
     <span class='ocr_line' id='line_1_37' title="bbox 152 2441 1679 2504; baseline -0.01 -11"><span class='ocrx_word' id='word_1_331' title='bbox 152 2470 212 2494; x_wconf 86' lang='lat' dir='ltr'>cas</span> <span class='ocrx_word' id='word_1_332' title='bbox 251 2459 287 2492; x_wconf 72' lang='lat' dir='ltr'>et</span> <span class='ocrx_word' id='word_1_333' title='bbox 324 2452 561 2504; x_wconf 88' lang='lat' dir='ltr'>Apostolicas</span> <span class='ocrx_word' id='word_1_334' title='bbox 598 2449 800 2500; x_wconf 82' lang='lat' dir='ltr'>scripturas</span> <span class='ocrx_word' id='word_1_335' title='bbox 836 2447 990 2485; x_wconf 89' lang='lat' dir='ltr'>unicum</span> <span class='ocrx_word' id='word_1_336' title='bbox 1026 2449 1136 2496; x_wconf 89' lang='lat' dir='ltr'>atque</span> <span class='ocrx_word' id='word_1_337' title='bbox 1171 2448 1362 2483; x_wconf 86' lang='lat' dir='ltr'>aeternum</span> <span class='ocrx_word' id='word_1_338' title='bbox 1401 2442 1462 2479; x_wconf 90' lang='lat' dir='ltr'>hic</span> <span class='ocrx_word' id='word_1_339' title='bbox 1489 2441 1679 2479; x_wconf 85' lang='lat' dir='ltr'>Ecclesiae</span> 
     </span>
     <span class='ocr_line' id='line_1_38' title="bbox 155 2504 1682 2559; baseline -0.01 -1"><span class='ocrx_word' id='word_1_340' title='bbox 155 2519 295 2559; x_wconf 88' lang='lat' dir='ltr'>Christi</span> <span class='ocrx_word' id='word_1_341' title='bbox 329 2517 617 2556; x_wconf 87' lang='lat' dir='ltr'>fundamentum</span> <span class='ocrx_word' id='word_1_342' title='bbox 645 2527 723 2551; x_wconf 90' lang='lat' dir='ltr'>esse</span> <span class='ocrx_word' id='word_1_343' title='bbox 751 2526 835 2550; x_wconf 91' lang='lat' dir='ltr'>cum</span> <span class='ocrx_word' id='word_1_344' title='bbox 862 2511 978 2549; x_wconf 88' lang='lat' dir='ltr'>Paulo</span> <span class='ocrx_word' id='word_1_345' title='bbox 1008 2522 1185 2559; x_wconf 79' lang='lat' dir='ltr'>agnosco,</span> <span class='ocrx_word' id='word_1_346' title='bbox 1213 2508 1272 2545; x_wconf 90' lang='lat' dir='ltr'>cui</span> <span class='ocrx_word' id='word_1_347' title='bbox 1300 2507 1388 2544; x_wconf 88' lang='lat' dir='ltr'>dum</span> <span class='ocrx_word' id='word_1_348' title='bbox 1416 2504 1498 2555; x_wconf 90' lang='lat' dir='ltr'>quis</span> <span class='ocrx_word' id='word_1_349' title='bbox 1527 2504 1682 2549; x_wconf 87' lang='lat' dir='ltr'>insistit,</span> 
     </span>
     <span class='ocr_line' id='line_1_39' title="bbox 153 2569 1679 2634; baseline -0.011 -12"><span class='ocrx_word' id='word_1_350' title='bbox 153 2600 172 2623; x_wconf 91' lang='lat' dir='ltr'>a</span> <span class='ocrx_word' id='word_1_351' title='bbox 203 2596 356 2634; x_wconf 86' lang='lat' dir='ltr'>corpore</span> <span class='ocrx_word' id='word_1_352' title='bbox 393 2594 482 2619; x_wconf 88' lang='lat' dir='ltr'>sane</span> <span class='ocrx_word' id='word_1_353' title='bbox 517 2577 707 2616; x_wconf 84' lang='lat' dir='ltr'>Ecclesiae</span> <span class='ocrx_word' id='word_1_354' title='bbox 740 2575 850 2614; x_wconf 87' lang='lat' dir='ltr'>avelli</span> <span class='ocrx_word' id='word_1_355' title='bbox 880 2588 955 2613; x_wconf 91' lang='lat' dir='ltr'>non</span> <span class='ocrx_word' id='word_1_356' title='bbox 981 2577 1116 2625; x_wconf 87' lang='lat' dir='ltr'>potest,</span> <span class='ocrx_word' id='word_1_357' title='bbox 1143 2572 1290 2611; x_wconf 87' lang='lat' dir='ltr'>etiamsi</span> <span class='ocrx_word' id='word_1_358' title='bbox 1315 2571 1370 2608; x_wconf 88' lang='lat' dir='ltr'>illi</span> <span class='ocrx_word' id='word_1_359' title='bbox 1398 2571 1547 2607; x_wconf 88' lang='lat' dir='ltr'>foenum</span> <span class='ocrx_word' id='word_1_360' title='bbox 1575 2569 1679 2617; x_wconf 86' lang='lat' dir='ltr'>ligna</span> 
     </span>
     <span class='ocr_line' id='line_1_40' title="bbox 153 2632 1677 2698; baseline -0.01 -12"><span class='ocrx_word' id='word_1_361' title='bbox 153 2662 196 2687; x_wconf 90' lang='lat' dir='ltr'>ac</span> <span class='ocrx_word' id='word_1_362' title='bbox 224 2647 379 2698; x_wconf 86' lang='lat' dir='ltr'>stipulas</span> <span class='ocrx_word' id='word_1_363' title='bbox 408 2646 650 2695; x_wconf 86' lang='lat' dir='ltr'>superstruat,</span> <span class='ocrx_word' id='word_1_364' title='bbox 676 2663 726 2669; x_wconf 94' lang='lat'>—</span> <span class='ocrx_word' id='word_1_365' title='bbox 753 2641 932 2678; x_wconf 84' lang='lat' dir='ltr'>hactenus</span> <span class='ocrx_word' id='word_1_366' title='bbox 962 2642 1071 2680; x_wconf 81' lang='lat' dir='ltr'>certe,</span> <span class='ocrx_word' id='word_1_367' title='bbox 1098 2650 1215 2688; x_wconf 86' lang='lat' dir='ltr'>neque</span> <span class='ocrx_word' id='word_1_368' title='bbox 1242 2639 1462 2685; x_wconf 84' lang='lat' dir='ltr'>Augustana</span> <span class='ocrx_word' id='word_1_369' title='bbox 1484 2632 1677 2670; x_wconf 83' lang='lat' dir='ltr'>Confessio</span> 
     </span>
     <span class='ocr_line' id='line_1_41' title="bbox 152 2697 1679 2765; baseline -0.012 -13"><span class='ocrx_word' id='word_1_370' title='bbox 152 2715 232 2765; x_wconf 89' lang='lat' dir='ltr'>ipsa</span> <span class='ocrx_word' id='word_1_371' title='bbox 266 2726 307 2750; x_wconf 92' lang='lat' dir='ltr'>eo</span> <span class='ocrx_word' id='word_1_372' title='bbox 343 2712 427 2748; x_wconf 85' lang='lat' dir='ltr'>loco</span> <span class='ocrx_word' id='word_1_373' title='bbox 466 2714 519 2746; x_wconf 89' lang='lat' dir='ltr'>est</span> <span class='ocrx_word' id='word_1_374' title='bbox 554 2707 737 2751; x_wconf 87' lang='lat' dir='ltr'>habenda,</span> <span class='ocrx_word' id='word_1_375' title='bbox 775 2710 815 2743; x_wconf 89' lang='lat' dir='ltr'>ut</span> <span class='ocrx_word' id='word_1_376' title='bbox 843 2704 988 2742; x_wconf 82' lang='lat' dir='ltr'>scindat</span> <span class='ocrx_word' id='word_1_377' title='bbox 1017 2703 1231 2741; x_wconf 86' lang='lat' dir='ltr'>societatem</span> <span class='ocrx_word' id='word_1_378' title='bbox 1261 2700 1509 2739; x_wconf 87' lang='lat' dir='ltr'>Christianam</span> <span class='ocrx_word' id='word_1_379' title='bbox 1537 2698 1576 2736; x_wconf 89' lang='lat' dir='ltr'>in</span> <span class='ocrx_word' id='word_1_380' title='bbox 1604 2697 1679 2734; x_wconf 88' lang='lat' dir='ltr'>Ec·</span> 
     </span>
     <span class='ocr_line' id='line_1_42' title="bbox 156 2762 1682 2825; baseline -0.011 -10"><span class='ocrx_word' id='word_1_381' title='bbox 156 2777 280 2822; x_wconf 87' lang='lat' dir='ltr'>clesia,</span> <span class='ocrx_word' id='word_1_382' title='bbox 316 2776 348 2813; x_wconf 90' lang='lat' dir='ltr'>si</span> <span class='ocrx_word' id='word_1_383' title='bbox 383 2774 467 2825; x_wconf 87' lang='lat' dir='ltr'>quis</span> <span class='ocrx_word' id='word_1_384' title='bbox 502 2773 539 2810; x_wconf 92' lang='lat' dir='ltr'>in</span> <span class='ocrx_word' id='word_1_385' title='bbox 580 2785 644 2809; x_wconf 88' lang='lat' dir='ltr'>sua</span> <span class='ocrx_word' id='word_1_386' title='bbox 681 2769 910 2808; x_wconf 85' lang='lat' dir='ltr'>conscientia</span> <span class='ocrx_word' id='word_1_387' title='bbox 940 2768 1042 2806; x_wconf 85' lang='lat' dir='ltr'>verbi</span> <span class='ocrx_word' id='word_1_388' title='bbox 1070 2767 1200 2804; x_wconf 90' lang='lat' dir='ltr'>Divini</span> <span class='ocrx_word' id='word_1_389' title='bbox 1226 2765 1447 2803; x_wconf 89' lang='lat' dir='ltr'>auctoritate</span> <span class='ocrx_word' id='word_1_390' title='bbox 1476 2762 1682 2808; x_wconf 82' lang='lat' dir='ltr'>convictus,</span> 
     </span>
     <span class='ocr_line' id='line_1_43' title="bbox 155 2826 1680 2887; baseline -0.012 -7"><span class='ocrx_word' id='word_1_391' title='bbox 155 2855 232 2884; x_wconf 83' lang='lat' dir='ltr'>non</span> <span class='ocrx_word' id='word_1_392' title='bbox 272 2839 382 2881; x_wconf 86' lang='lat' dir='ltr'>modo</span> <span class='ocrx_word' id='word_1_393' title='bbox 421 2837 615 2878; x_wconf 81' lang='lat' dir='ltr'>dissentiat</span> <span class='ocrx_word' id='word_1_394' title='bbox 651 2836 696 2875; x_wconf 80' lang='lat' dir='ltr'>ab</span> <span class='ocrx_word' id='word_1_395' title='bbox 735 2834 956 2887; x_wconf 77' lang='lat' dir='ltr'>Augustaiia</span> <span class='ocrx_word' id='word_1_396' title='bbox 994 2832 1182 2881; x_wconf 81' lang='lat' dir='ltr'>Con-(fol.</span> <span class='ocrx_word' id='word_1_397' title='bbox 1220 2829 1462 2879; x_wconf 81' lang='lat' dir='ltr'>18)fcssi0ne‚</span> <span class='ocrx_word' id='word_1_398' title='bbox 1489 2826 1551 2865; x_wconf 89' lang='lat' dir='ltr'>sed</span> <span class='ocrx_word' id='word_1_399' title='bbox 1578 2826 1680 2868; x_wconf 83' lang='lat' dir='ltr'>illam</span> 
     </span>
    </p>
   </div>
  </div>
 </body>
</html>
