<?xml version="1.0" encoding="UTF-8"?>
<!DOCTYPE html PUBLIC "-//W3C//DTD XHTML 1.0 Transitional//EN"
    "http://www.w3.org/TR/xhtml1/DTD/xhtml1-transitional.dtd">
<html xmlns="http://www.w3.org/1999/xhtml" xml:lang="en" lang="en">
 <head>
  <title>
</title>
<meta http-equiv="Content-Type" content="text/html;charset=utf-8" />
  <meta name='ocr-system' content='tesseract 3.04.00' />
  <meta name='ocr-capabilities' content='ocr_page ocr_carea ocr_par ocr_line ocrx_word'/>
</head>
<body>
  <div class='ocr_page' id='page_1' title='image "./operatameditaqua01lask_0050.png"; bbox 0 0 1818 3178; ppageno 0'>
   <div class='ocr_carea' id='block_1_1' title="bbox 177 156 1049 197">
    <p class='ocr_par' dir='ltr' id='par_1_1' title="bbox 177 156 1049 197">
     <span class='ocr_line' id='line_1_1' title="bbox 177 156 1049 197; baseline -0.01 0"><span class='ocrx_word' id='word_1_1' title='bbox 177 167 266 197; x_wconf 74' lang='lat' dir='ltr'>XLII</span> <span class='ocrx_word' id='word_1_2' title='bbox 806 156 1049 188; x_wconf 77' lang='lat' dir='ltr'>PRAEFATIO.</span> 
     </span>
    </p>
   </div>
   <div class='ocr_carea' id='block_1_2' title="bbox 167 257 1682 2450">
    <p class='ocr_par' dir='ltr' id='par_1_2' title="bbox 167 257 1682 2450">
     <span class='ocr_line' id='line_1_2' title="bbox 176 257 1672 320; baseline -0.011 -6"><span class='ocrx_word' id='word_1_3' title='bbox 176 271 349 313; x_wconf 66' lang='lat' dir='ltr'>bendum</span> <span class='ocrx_word' id='word_1_4' title='bbox 379 285 464 312; x_wconf 90' lang='lat' dir='ltr'>esse</span> <span class='ocrx_word' id='word_1_5' title='bbox 494 281 650 316; x_wconf 87' lang='lat' dir='ltr'>censeo,</span> <span class='ocrx_word' id='word_1_6' title='bbox 682 263 793 320; x_wconf 89' lang='lat' dir='ltr'>quod</span> <span class='ocrx_word' id='word_1_7' title='bbox 823 275 1048 319; x_wconf 83' lang='lat' dir='ltr'>germanae</span> <span class='ocrx_word' id='word_1_8' title='bbox 1079 259 1250 316; x_wconf 86' lang='lat' dir='ltr'>originis</span> <span class='ocrx_word' id='word_1_9' title='bbox 1280 257 1523 300; x_wconf 83' lang='lat' dir='ltr'><strong>testimoniis</strong></span> <span class='ocrx_word' id='word_1_10' title='bbox 1553 270 1672 313; x_wconf 90' lang='lat' dir='ltr'>pror·</span> 
     </span>
     <span class='ocr_line' id='line_1_3' title="bbox 173 327 1673 390; baseline -0.009 -6"><span class='ocrx_word' id='word_1_11' title='bbox 173 357 242 384; x_wconf 87' lang='lat' dir='ltr'>sus</span> <span class='ocrx_word' id='word_1_12' title='bbox 273 341 461 382; x_wconf 87' lang='lat' dir='ltr'>destituta</span> <span class='ocrx_word' id='word_1_13' title='bbox 492 344 562 379; x_wconf 89' lang='lat' dir='ltr'>est.</span> <span class='ocrx_word' id='word_1_14' title='bbox 594 336 812 390; x_wconf 84' lang='lat' dir='ltr'>Nusquam</span> <span class='ocrx_word' id='word_1_15' title='bbox 845 334 885 375; x_wconf 91' lang='lat' dir='ltr'>in</span> <span class='ocrx_word' id='word_1_16' title='bbox 918 331 1034 373; x_wconf 80' lang='lat' dir='ltr'>nulla</span> <span class='ocrx_word' id='word_1_17' title='bbox 1061 331 1187 371; x_wconf 81' lang='lat' dir='ltr'>totius</span> <span class='ocrx_word' id='word_1_18' title='bbox 1209 330 1404 385; x_wconf 84' lang='lat' dir='ltr'>Europae</span> <span class='ocrx_word' id='word_1_19' title='bbox 1425 327 1673 371; x_wconf 83' lang='lat' dir='ltr'>bibliotheca</span> 
     </span>
     <span class='ocr_line' id='line_1_4' title="bbox 176 397 1672 459; baseline -0.009 -5"><span class='ocrx_word' id='word_1_20' title='bbox 176 412 256 454; x_wconf 83' lang='lat' dir='ltr'>tale</span> <span class='ocrx_word' id='word_1_21' title='bbox 287 410 350 452; x_wconf 88' lang='lat' dir='ltr'>vel</span> <span class='ocrx_word' id='word_1_22' title='bbox 395 408 525 450; x_wconf 88' lang='lat' dir='ltr'>simile</span> <span class='ocrx_word' id='word_1_23' title='bbox 569 406 693 448; x_wconf 88' lang='lat' dir='ltr'>Lasci</span> <span class='ocrx_word' id='word_1_24' title='bbox 737 404 939 459; x_wconf 80' lang='lat' dir='ltr'>scriptum</span> <span class='ocrx_word' id='word_1_25' title='bbox 980 401 1231 456; x_wconf 83' lang='lat' dir='ltr'>investigare</span> <span class='ocrx_word' id='word_1_26' title='bbox 1262 400 1392 456; x_wconf 86' lang='lat' dir='ltr'>potui.</span> <span class='ocrx_word' id='word_1_27' title='bbox 1453 397 1672 455; x_wconf 72' lang='lat' dir='ltr'>Quotquot</span> 
     </span>
     <span class='ocr_line' id='line_1_5' title="bbox 174 471 1672 537; baseline -0.009 -13"><span class='ocrx_word' id='word_1_28' title='bbox 174 481 329 537; x_wconf 83' lang='lat' dir='ltr'>inspexi</span> <span class='ocrx_word' id='word_1_29' title='bbox 358 478 665 533; x_wconf 68' lang='lat' dir='ltr'>{divenditarum</span> <span class='ocrx_word' id='word_1_30' title='bbox 718 473 1060 516; x_wconf 74' lang='lat' dir='ltr'>bibliothecarum</span> <span class='ocrx_word' id='word_1_31' title='bbox 1106 471 1332 527; x_wconf 82' lang='lat' dir='ltr'>catalogOS,</span> <span class='ocrx_word' id='word_1_32' title='bbox 1367 471 1522 512; x_wconf 87' lang='lat' dir='ltr'>frustra</span> <span class='ocrx_word' id='word_1_33' title='bbox 1567 486 1672 512; x_wconf 89' lang='lat' dir='ltr'>sem-</span> 
     </span>
     <span class='ocr_line' id='line_1_6' title="bbox 172 540 1674 608; baseline -0.006 -15"><span class='ocrx_word' id='word_1_34' title='bbox 172 567 246 608; x_wconf 89' lang='lat' dir='ltr'>per</span> <span class='ocrx_word' id='word_1_35' title='bbox 275 551 360 592; x_wconf 89' lang='lat' dir='ltr'>eius</span> <span class='ocrx_word' id='word_1_36' title='bbox 391 548 558 590; x_wconf 85' lang='lat' dir='ltr'>titulum</span> <span class='ocrx_word' id='word_1_37' title='bbox 591 552 762 587; x_wconf 84' lang='lat' dir='ltr'>venatus</span> <span class='ocrx_word' id='word_1_38' title='bbox 798 559 902 586; x_wconf 89' lang='lat' dir='ltr'>sum.</span> <span class='ocrx_word' id='word_1_39' title='bbox 935 543 984 585; x_wconf 92' lang='lat' dir='ltr'>In</span> <span class='ocrx_word' id='word_1_40' title='bbox 1016 540 1208 583; x_wconf 87' lang='lat' dir='ltr'>omnibus</span> <span class='ocrx_word' id='word_1_41' title='bbox 1237 540 1362 582; x_wconf 84' lang='lat' dir='ltr'>simul</span> <span class='ocrx_word' id='word_1_42' title='bbox 1385 556 1490 597; x_wconf 86' lang='lat' dir='ltr'>quae</span> <span class='ocrx_word' id='word_1_43' title='bbox 1511 548 1674 584; x_wconf 83' lang='lat' dir='ltr'>exstant</span> 
     </span>
     <span class='ocr_line' id='line_1_7' title="bbox 171 612 1669 675; baseline -0.007 -11"><span class='ocrx_word' id='word_1_44' title='bbox 171 623 292 665; x_wconf 86' lang='lat' dir='ltr'>Lasci</span> <span class='ocrx_word' id='word_1_45' title='bbox 324 619 513 675; x_wconf 88' lang='lat' dir='ltr'>Epistolis</span> <span class='ocrx_word' id='word_1_46' title='bbox 543 619 626 659; x_wconf 91' lang='lat' dir='ltr'>sive</span> <span class='ocrx_word' id='word_1_47' title='bbox 656 616 817 672; x_wconf 87' lang='lat' dir='ltr'>scriptis</span> <span class='ocrx_word' id='word_1_48' title='bbox 847 614 912 656; x_wconf 88' lang='lat' dir='ltr'>vel</span> <span class='ocrx_word' id='word_1_49' title='bbox 943 613 1196 655; x_wconf 87' lang='lat' dir='ltr'>levissimum</span> <span class='ocrx_word' id='word_1_50' title='bbox 1229 627 1293 654; x_wconf 91' lang='lat' dir='ltr'>me</span> <span class='ocrx_word' id='word_1_51' title='bbox 1325 612 1435 667; x_wconf 80' lang='lat' dir='ltr'>fugit</span> <span class='ocrx_word' id='word_1_52' title='bbox 1463 612 1589 655; x_wconf 91' lang='lat' dir='ltr'>huius</span> <span class='ocrx_word' id='word_1_53' title='bbox 1620 613 1669 654; x_wconf 91' lang='lat' dir='ltr'>li-</span> 
     </span>
     <span class='ocr_line' id='line_1_8' title="bbox 173 683 1672 746; baseline -0.005 -11"><span class='ocrx_word' id='word_1_54' title='bbox 173 691 316 735; x_wconf 86' lang='lat' dir='ltr'>belluli</span> <span class='ocrx_word' id='word_1_55' title='bbox 346 690 578 746; x_wconf 86' lang='lat' dir='ltr'>vestigium.</span> <span class='ocrx_word' id='word_1_56' title='bbox 611 689 786 731; x_wconf 85' lang='lat' dir='ltr'>Praeter</span> <span class='ocrx_word' id='word_1_57' title='bbox 817 700 947 728; x_wconf 90' lang='lat' dir='ltr'>unum</span> <span class='ocrx_word' id='word_1_58' title='bbox 980 683 1293 740; x_wconf 84' lang='lat' dir='ltr'>Hospinianum</span> <span class='ocrx_word' id='word_1_59' title='bbox 1323 699 1446 726; x_wconf 90' lang='lat' dir='ltr'>nemo</span> <span class='ocrx_word' id='word_1_60' title='bbox 1477 685 1567 736; x_wconf 85' lang='lat' dir='ltr'>fuit,</span> <span class='ocrx_word' id='word_1_61' title='bbox 1601 686 1672 742; x_wconf 89' lang='lat' dir='ltr'>qui</span> 
     </span>
     <span class='ocr_line' id='line_1_9' title="bbox 169 754 1669 807; baseline -0.005 -2"><span class='ocrx_word' id='word_1_62' title='bbox 169 764 305 805; x_wconf 90' lang='lat' dir='ltr'>Lasco</span> <span class='ocrx_word' id='word_1_63' title='bbox 335 762 440 803; x_wconf 85' lang='lat' dir='ltr'>hanc</span> <span class='ocrx_word' id='word_1_64' title='bbox 469 759 783 807; x_wconf 87' lang='lat' dir='ltr'>confessionem,</span> <span class='ocrx_word' id='word_1_65' title='bbox 815 757 891 798; x_wconf 89' lang='lat' dir='ltr'>nisi</span> <span class='ocrx_word' id='word_1_66' title='bbox 922 756 1009 797; x_wconf 87' lang='lat' dir='ltr'>eius</span> <span class='ocrx_word' id='word_1_67' title='bbox 1039 763 1194 796; x_wconf 87' lang='lat' dir='ltr'>temere</span> <span class='ocrx_word' id='word_1_68' title='bbox 1226 754 1404 797; x_wconf 88' lang='lat' dir='ltr'>confisus</span> <span class='ocrx_word' id='word_1_69' title='bbox 1435 757 1669 807; x_wconf 85' lang='lat' dir='ltr'>autoritate,</span> 
     </span>
     <span class='ocr_line' id='line_1_10' title="bbox 170 826 1675 883; baseline -0.004 -8"><span class='ocrx_word' id='word_1_70' title='bbox 170 832 427 875; x_wconf 87' lang='lat' dir='ltr'>tribuendam</span> <span class='ocrx_word' id='word_1_71' title='bbox 460 846 545 873; x_wconf 83' lang='lat' dir='ltr'>esse</span> <span class='ocrx_word' id='word_1_72' title='bbox 577 829 795 872; x_wconf 85' lang='lat' dir='ltr'>censuerit.</span> <span class='ocrx_word' id='word_1_73' title='bbox 841 826 937 882; x_wconf 90' lang='lat' dir='ltr'>Ipse</span> <span class='ocrx_word' id='word_1_74' title='bbox 969 826 1256 882; x_wconf 81' lang='lat' dir='ltr'>Hospinianus</span> <span class='ocrx_word' id='word_1_75' title='bbox 1288 841 1415 882; x_wconf 88' lang='lat' dir='ltr'>porro</span> <span class='ocrx_word' id='word_1_76' title='bbox 1445 842 1582 883; x_wconf 91' lang='lat' dir='ltr'>neque</span> <span class='ocrx_word' id='word_1_77' title='bbox 1614 828 1675 870; x_wconf 88' lang='lat' dir='ltr'>ul-</span> 
     </span>
     <span class='ocr_line' id='line_1_11' title="bbox 170 898 1675 957; baseline -0.003 -11"><span class='ocrx_word' id='word_1_78' title='bbox 170 905 270 954; x_wconf 90' lang='lat' dir='ltr'>lum,</span> <span class='ocrx_word' id='word_1_79' title='bbox 309 905 424 945; x_wconf 88' lang='lat' dir='ltr'>cuius</span> <span class='ocrx_word' id='word_1_80' title='bbox 463 902 542 944; x_wconf 88' lang='lat' dir='ltr'>fide</span> <span class='ocrx_word' id='word_1_81' title='bbox 573 902 782 957; x_wconf 76' lang='lat' dir='ltr'>loquatur,</span> <span class='ocrx_word' id='word_1_82' title='bbox 815 900 912 941; x_wconf 80' lang='lat' dir='ltr'>citat</span> <span class='ocrx_word' id='word_1_83' title='bbox 943 905 1100 949; x_wconf 82' lang='lat' dir='ltr'>testem,</span> <span class='ocrx_word' id='word_1_84' title='bbox 1134 912 1270 953; x_wconf 89' lang='lat' dir='ltr'>neque</span> <span class='ocrx_word' id='word_1_85' title='bbox 1301 898 1385 940; x_wconf 84' lang='lat' dir='ltr'>suis</span> <span class='ocrx_word' id='word_1_86' title='bbox 1419 899 1550 941; x_wconf 89' lang='lat' dir='ltr'>oculis</span> <span class='ocrx_word' id='word_1_87' title='bbox 1579 914 1675 941; x_wconf 87' lang='lat' dir='ltr'>con-</span> 
     </span>
     <span class='ocr_line' id='line_1_12' title="bbox 169 970 1674 1031; baseline -0.003 -14"><span class='ocrx_word' id='word_1_88' title='bbox 169 976 345 1031; x_wconf 86' lang='lat' dir='ltr'>spexisse</span> <span class='ocrx_word' id='word_1_89' title='bbox 385 989 472 1016; x_wconf 80' lang='lat' dir='ltr'>eam</span> <span class='ocrx_word' id='word_1_90' title='bbox 523 973 648 1015; x_wconf 81' lang='lat' dir='ltr'>verbo</span> <span class='ocrx_word' id='word_1_91' title='bbox 695 972 792 1013; x_wconf 88' lang='lat' dir='ltr'>dicit</span> <span class='ocrx_word' id='word_1_92' title='bbox 837 970 1062 1012; x_wconf 86' lang='lat' dir='ltr'>ostenditve</span> <span class='ocrx_word' id='word_1_93' title='bbox 1110 970 1231 1021; x_wconf 87' lang='lat' dir='ltr'>facto,</span> <span class='ocrx_word' id='word_1_94' title='bbox 1273 977 1314 1012; x_wconf 86' lang='lat' dir='ltr'>et</span> <span class='ocrx_word' id='word_1_95' title='bbox 1344 971 1415 1026; x_wconf 89' lang='lat' dir='ltr'>qui</span> <span class='ocrx_word' id='word_1_96' title='bbox 1445 971 1556 1013; x_wconf 82' lang='lat' dir='ltr'>caeci</span> <span class='ocrx_word' id='word_1_97' title='bbox 1586 972 1674 1014; x_wconf 85' lang='lat' dir='ltr'>eius</span> 
     </span>
     <span class='ocr_line' id='line_1_13' title="bbox 168 1040 1675 1094; baseline -0.002 -6"><span class='ocrx_word' id='word_1_98' title='bbox 168 1047 408 1088; x_wconf 82' lang='lat' dir='ltr'>sententiam</span> <span class='ocrx_word' id='word_1_99' title='bbox 456 1045 583 1086; x_wconf 90' lang='lat' dir='ltr'>secuti</span> <span class='ocrx_word' id='word_1_100' title='bbox 625 1050 734 1091; x_wconf 84' lang='lat' dir='ltr'>sunt,</span> <span class='ocrx_word' id='word_1_101' title='bbox 778 1050 823 1084; x_wconf 91' lang='lat' dir='ltr'>ut</span> <span class='ocrx_word' id='word_1_102' title='bbox 869 1041 1142 1092; x_wconf 69' lang='lat' dir='ltr'>Rern-annius,</span> <span class='ocrx_word' id='word_1_103' title='bbox 1191 1040 1432 1094; x_wconf 82' lang='lat' dir='ltr'>Gerdesius,</span> <span class='ocrx_word' id='word_1_104' title='bbox 1470 1042 1554 1094; x_wconf 85' lang='lat' dir='ltr'>alii,</span> <span class='ocrx_word' id='word_1_105' title='bbox 1586 1043 1675 1085; x_wconf 88' lang='lat' dir='ltr'>eius</span> 
     </span>
     <span class='ocr_line' id='line_1_14' title="bbox 169 1110 1674 1166; baseline -0.002 -8"><span class='ocrx_word' id='word_1_106' title='bbox 169 1131 262 1158; x_wconf 88' lang='lat' dir='ltr'>cum</span> <span class='ocrx_word' id='word_1_107' title='bbox 311 1115 463 1158; x_wconf 88' lang='lat' dir='ltr'>Adami</span> <span class='ocrx_word' id='word_1_108' title='bbox 506 1114 737 1156; x_wconf 84' lang='lat' dir='ltr'>testimonio</span> <span class='ocrx_word' id='word_1_109' title='bbox 768 1113 822 1154; x_wconf 87' lang='lat' dir='ltr'>ita</span> <span class='ocrx_word' id='word_1_110' title='bbox 851 1113 959 1153; x_wconf 86' lang='lat' dir='ltr'>inter</span> <span class='ocrx_word' id='word_1_111' title='bbox 988 1127 1031 1152; x_wconf 86' lang='lat' dir='ltr'>se</span> <span class='ocrx_word' id='word_1_112' title='bbox 1062 1110 1354 1163; x_wconf 88' lang='lat' dir='ltr'>confuderunt,</span> <span class='ocrx_word' id='word_1_113' title='bbox 1389 1121 1434 1154; x_wconf 93' lang='lat' dir='ltr'>ut</span> <span class='ocrx_word' id='word_1_114' title='bbox 1464 1113 1674 1166; x_wconf 61' lang='lat' dir='ltr'>Epi-stolae</span> 
     </span>
     <span class='ocr_line' id='line_1_15' title="bbox 168 1182 1672 1241; baseline -0.001 -12"><span class='ocrx_word' id='word_1_115' title='bbox 168 1189 214 1229; x_wconf 79' lang='lat' dir='ltr'>de</span> <span class='ocrx_word' id='word_1_116' title='bbox 250 1189 374 1228; x_wconf 76' lang='lat' dir='ltr'>Coena</span> <span class='ocrx_word' id='word_1_117' title='bbox 407 1189 548 1241; x_wconf 83' lang='lat' dir='ltr'>(quam</span> <span class='ocrx_word' id='word_1_118' title='bbox 584 1196 644 1227; x_wconf 57' lang='lat'>1102</span> <span class='ocrx_word' id='word_1_119' title='bbox 676 1187 725 1226; x_wconf 84' lang='lat'>17</span> <span class='ocrx_word' id='word_1_120' title='bbox 757 1182 945 1238; x_wconf 86' lang='lat' dir='ltr'>fecimus)</span> <span class='ocrx_word' id='word_1_121' title='bbox 981 1182 1224 1225; x_wconf 86' lang='lat' dir='ltr'>adiunctum</span> <span class='ocrx_word' id='word_1_122' title='bbox 1258 1199 1343 1225; x_wconf 88' lang='lat' dir='ltr'>esse</span> <span class='ocrx_word' id='word_1_123' title='bbox 1373 1186 1482 1226; x_wconf 88' lang='lat' dir='ltr'>hanc</span> <span class='ocrx_word' id='word_1_124' title='bbox 1512 1184 1672 1227; x_wconf 83' lang='lat' dir='ltr'>confes-</span> 
     </span>
     <span class='ocr_line' id='line_1_16' title="bbox 168 1255 1676 1311; baseline -0.001 -11"><span class='ocrx_word' id='word_1_125' title='bbox 168 1259 321 1300; x_wconf 88' lang='lat' dir='ltr'>sionem</span> <span class='ocrx_word' id='word_1_126' title='bbox 351 1257 590 1307; x_wconf 77' lang='lat' dir='ltr'>seriberent,</span> <span class='ocrx_word' id='word_1_127' title='bbox 625 1256 742 1298; x_wconf 89' lang='lat' dir='ltr'>valde</span> <span class='ocrx_word' id='word_1_128' title='bbox 773 1255 967 1311; x_wconf 82' lang='lat' dir='ltr'>ambigue</span> <span class='ocrx_word' id='word_1_129' title='bbox 997 1255 1168 1311; x_wconf 88' lang='lat' dir='ltr'>insuper</span> <span class='ocrx_word' id='word_1_130' title='bbox 1199 1256 1308 1297; x_wconf 90' lang='lat' dir='ltr'>inter</span> <span class='ocrx_word' id='word_1_131' title='bbox 1330 1256 1437 1298; x_wconf 87' lang='lat' dir='ltr'>hanc</span> <span class='ocrx_word' id='word_1_132' title='bbox 1458 1257 1676 1299; x_wconf 81' lang='lat' dir='ltr'>confessio·</span> 
     </span>
     <span class='ocr_line' id='line_1_17' title="bbox 169 1327 1677 1384; baseline -0.001 -12"><span class='ocrx_word' id='word_1_133' title='bbox 169 1345 262 1372; x_wconf 88' lang='lat' dir='ltr'>nem</span> <span class='ocrx_word' id='word_1_134' title='bbox 299 1336 340 1370; x_wconf 85' lang='lat' dir='ltr'>et</span> <span class='ocrx_word' id='word_1_135' title='bbox 378 1344 481 1378; x_wconf 85' lang='lat' dir='ltr'>eam,</span> <span class='ocrx_word' id='word_1_136' title='bbox 515 1344 621 1384; x_wconf 85' lang='lat' dir='ltr'>quae</span> <span class='ocrx_word' id='word_1_137' title='bbox 652 1327 767 1370; x_wconf 88' lang='lat' dir='ltr'>nobis</span> <span class='ocrx_word' id='word_1_138' title='bbox 797 1327 940 1369; x_wconf 86' lang='lat' dir='ltr'>ordine</span> <span class='ocrx_word' id='word_1_139' title='bbox 970 1327 1094 1369; x_wconf 84' lang='lat' dir='ltr'>Lasci</span> <span class='ocrx_word' id='word_1_140' title='bbox 1126 1328 1379 1384; x_wconf 87' lang='lat' dir='ltr'>scriptorum</span> <span class='ocrx_word' id='word_1_141' title='bbox 1411 1330 1484 1370; x_wconf 63' lang='grc' dir='ltr'>22ει</span> <span class='ocrx_word' id='word_1_142' title='bbox 1513 1335 1587 1379; x_wconf 85' lang='lat' dir='ltr'>est,</span> <span class='ocrx_word' id='word_1_143' title='bbox 1619 1328 1677 1370; x_wconf 87' lang='lat' dir='ltr'>di-</span> 
     </span>
     <span class='ocr_line' id='line_1_18' title="bbox 168 1397 1675 1455; baseline 0.001 -15"><span class='ocrx_word' id='word_1_144' title='bbox 168 1400 421 1455; x_wconf 79' lang='lat' dir='ltr'>stinguentes</span> <span class='ocrx_word' id='word_1_145' title='bbox 457 1400 502 1455; x_wconf 85' lang='lat'>¹).</span> <span class='ocrx_word' id='word_1_146' title='bbox 565 1397 833 1453; x_wconf 76' lang='lat' dir='ltr'>Quamquam</span> <span class='ocrx_word' id='word_1_147' title='bbox 880 1398 1012 1454; x_wconf 83' lang='lat' dir='ltr'>igitur</span> <span class='ocrx_word' id='word_1_148' title='bbox 1054 1413 1219 1440; x_wconf 87' lang='lat' dir='ltr'>summa</span> <span class='ocrx_word' id='word_1_149' title='bbox 1265 1399 1480 1440; x_wconf 85' lang='lat' dir='ltr'>doctrinae</span> <span class='ocrx_word' id='word_1_150' title='bbox 1521 1398 1613 1440; x_wconf 89' lang='lat' dir='ltr'>laus</span> <span class='ocrx_word' id='word_1_151' title='bbox 1651 1414 1675 1441; x_wconf 82' lang='lat' dir='ltr'>a</span> 
     </span>
     <span class='ocr_line' id='line_1_19' title="bbox 168 1468 1676 1524; baseline 0 -13"><span class='ocrx_word' id='word_1_152' title='bbox 168 1485 233 1511; x_wconf 91' lang='lat' dir='ltr'>me</span> <span class='ocrx_word' id='word_1_153' title='bbox 277 1484 442 1524; x_wconf 89' lang='lat' dir='ltr'>quoque</span> <span class='ocrx_word' id='word_1_154' title='bbox 488 1468 747 1524; x_wconf 88' lang='lat' dir='ltr'>Hospiniano</span> <span class='ocrx_word' id='word_1_155' title='bbox 793 1468 906 1510; x_wconf 83' lang='lat' dir='ltr'>ultro</span> <span class='ocrx_word' id='word_1_156' title='bbox 967 1469 1154 1511; x_wconf 84' lang='lat' dir='ltr'>defertur</span> <span class='ocrx_word' id='word_1_157' title='bbox 1195 1476 1235 1510; x_wconf 90' lang='lat' dir='ltr'>et</span> <span class='ocrx_word' id='word_1_158' title='bbox 1290 1468 1398 1511; x_wconf 88' lang='lat' dir='ltr'>bona</span> <span class='ocrx_word' id='word_1_159' title='bbox 1444 1468 1525 1511; x_wconf 85' lang='lat' dir='ltr'>fide</span> <span class='ocrx_word' id='word_1_160' title='bbox 1579 1484 1676 1511; x_wconf 89' lang='lat' dir='ltr'>eum</span> 
     </span>
     <span class='ocr_line' id='line_1_20' title="bbox 168 1538 1676 1597; baseline 0.001 -16"><span class='ocrx_word' id='word_1_161' title='bbox 168 1540 287 1581; x_wconf 86' lang='lat' dir='ltr'>huius</span> <span class='ocrx_word' id='word_1_162' title='bbox 333 1539 686 1581; x_wconf 86' lang='lat' dir='ltr'>confessiunculae</span> <span class='ocrx_word' id='word_1_163' title='bbox 728 1538 913 1580; x_wconf 82' lang='lat' dir='ltr'>iniecisse</span> <span class='ocrx_word' id='word_1_164' title='bbox 946 1539 1198 1581; x_wconf 86' lang='lat' dir='ltr'>mentionem</span> <span class='ocrx_word' id='word_1_165' title='bbox 1230 1540 1377 1582; x_wconf 87' lang='lat' dir='ltr'>lubens</span> <span class='ocrx_word' id='word_1_166' title='bbox 1407 1541 1578 1597; x_wconf 86' lang='lat' dir='ltr'>accipio,</span> <span class='ocrx_word' id='word_1_167' title='bbox 1609 1541 1676 1582; x_wconf 89' lang='lat' dir='ltr'>vel</span> 
     </span>
     <span class='ocr_line' id='line_1_21' title="bbox 168 1609 1674 1666; baseline 0.001 -14"><span class='ocrx_word' id='word_1_168' title='bbox 168 1612 223 1653; x_wconf 87' lang='lat' dir='ltr'>sic</span> <span class='ocrx_word' id='word_1_169' title='bbox 269 1619 403 1652; x_wconf 88' lang='lat' dir='ltr'>tamen</span> <span class='ocrx_word' id='word_1_170' title='bbox 446 1610 553 1652; x_wconf 89' lang='lat' dir='ltr'>nulli</span> <span class='ocrx_word' id='word_1_171' title='bbox 598 1609 932 1666; x_wconf 82' lang='lat' dir='ltr'>historiographo</span> <span class='ocrx_word' id='word_1_172' title='bbox 977 1618 1134 1652; x_wconf 87' lang='lat' dir='ltr'>tantam</span> <span class='ocrx_word' id='word_1_173' title='bbox 1168 1611 1400 1654; x_wconf 87' lang='lat' dir='ltr'>habendam</span> <span class='ocrx_word' id='word_1_174' title='bbox 1433 1627 1519 1654; x_wconf 87' lang='lat' dir='ltr'>esse</span> <span class='ocrx_word' id='word_1_175' title='bbox 1549 1612 1674 1654; x_wconf 86' lang='lat' dir='ltr'>fidem</span> 
     </span>
     <span class='ocr_line' id='line_1_22' title="bbox 167 1681 1674 1741; baseline 0.002 -18"><span class='ocrx_word' id='word_1_176' title='bbox 167 1681 306 1724; x_wconf 86' lang='lat' dir='ltr'>docuit</span> <span class='ocrx_word' id='word_1_177' title='bbox 347 1690 528 1733; x_wconf 87' lang='lat' dir='ltr'>eventus,</span> <span class='ocrx_word' id='word_1_178' title='bbox 570 1690 616 1723; x_wconf 88' lang='lat' dir='ltr'>ut</span> <span class='ocrx_word' id='word_1_179' title='bbox 660 1681 723 1723; x_wconf 93' lang='lat' dir='ltr'>vel</span> <span class='ocrx_word' id='word_1_180' title='bbox 764 1689 849 1723; x_wconf 83' lang='lat' dir='ltr'>tam</span> <span class='ocrx_word' id='word_1_181' title='bbox 880 1681 1016 1724; x_wconf 88' lang='lat' dir='ltr'>ferreo</span> <span class='ocrx_word' id='word_1_182' title='bbox 1062 1692 1102 1725; x_wconf 91' lang='lat' dir='ltr'>et</span> <span class='ocrx_word' id='word_1_183' title='bbox 1148 1684 1352 1726; x_wconf 85' lang='lat' dir='ltr'>indefesso</span> <span class='ocrx_word' id='word_1_184' title='bbox 1384 1699 1528 1726; x_wconf 89' lang='lat' dir='ltr'>rerum</span> <span class='ocrx_word' id='word_1_185' title='bbox 1556 1699 1674 1741; x_wconf 89' lang='lat' dir='ltr'>prae-</span> 
     </span>
     <span class='ocr_line' id='line_1_23' title="bbox 168 1753 1675 1810; baseline 0.003 -16"><span class='ocrx_word' id='word_1_186' title='bbox 168 1754 382 1795; x_wconf 85' lang='lat' dir='ltr'>teritarum</span> <span class='ocrx_word' id='word_1_187' title='bbox 429 1753 662 1804; x_wconf 84' lang='lat' dir='ltr'>scrutatori,</span> <span class='ocrx_word' id='word_1_188' title='bbox 707 1753 839 1809; x_wconf 87' lang='lat' dir='ltr'>qualis</span> <span class='ocrx_word' id='word_1_189' title='bbox 889 1753 1179 1810; x_wconf 88' lang='lat' dir='ltr'>Hospinianus</span> <span class='ocrx_word' id='word_1_190' title='bbox 1223 1756 1315 1806; x_wconf 82' lang='lat' dir='ltr'>fuit,</span> <span class='ocrx_word' id='word_1_191' title='bbox 1363 1756 1450 1798; x_wconf 89' lang='lat' dir='ltr'>sine</span> <span class='ocrx_word' id='word_1_192' title='bbox 1487 1764 1587 1798; x_wconf 90' lang='lat' dir='ltr'>teste</span> <span class='ocrx_word' id='word_1_193' title='bbox 1618 1755 1675 1798; x_wconf 87' lang='lat' dir='ltr'>lo·</span> 
     </span>
     <span class='ocr_line' id='line_1_24' title="bbox 167 1823 1677 1883; baseline 0.001 -18"><span class='ocrx_word' id='word_1_194' title='bbox 167 1825 308 1880; x_wconf 88' lang='lat' dir='ltr'>quenti</span> <span class='ocrx_word' id='word_1_195' title='bbox 349 1825 537 1880; x_wconf 86' lang='lat' dir='ltr'>protinus</span> <span class='ocrx_word' id='word_1_196' title='bbox 568 1823 777 1866; x_wconf 86' lang='lat' dir='ltr'>calculum</span> <span class='ocrx_word' id='word_1_197' title='bbox 809 1825 988 1869; x_wconf 84' lang='lat' dir='ltr'>adiicias.</span> <span class='ocrx_word' id='word_1_198' title='bbox 1049 1825 1096 1869; x_wconf 85' lang='lat' dir='ltr'>Si</span> <span class='ocrx_word' id='word_1_199' title='bbox 1129 1827 1228 1883; x_wconf 90' lang='lat' dir='ltr'>quid</span> <span class='ocrx_word' id='word_1_200' title='bbox 1261 1827 1393 1878; x_wconf 87' lang='lat' dir='ltr'>video,</span> <span class='ocrx_word' id='word_1_201' title='bbox 1425 1827 1582 1883; x_wconf 79' lang='lat' dir='ltr'>duplex</span> <span class='ocrx_word' id='word_1_202' title='bbox 1611 1827 1677 1868; x_wconf 88' lang='lat' dir='ltr'>via</span> 
     </span>
     <span class='ocr_line' id='line_1_25' title="bbox 171 1896 1678 1955; baseline 0.002 -19"><span class='ocrx_word' id='word_1_203' title='bbox 171 1901 283 1951; x_wconf 85' lang='lat' dir='ltr'>patet</span> <span class='ocrx_word' id='word_1_204' title='bbox 320 1910 402 1951; x_wconf 89' lang='lat' dir='ltr'>qua</span> <span class='ocrx_word' id='word_1_205' title='bbox 431 1896 644 1937; x_wconf 80' lang='lat' dir='ltr'>intricatus</span> <span class='ocrx_word' id='word_1_206' title='bbox 675 1910 791 1937; x_wconf 88' lang='lat' dir='ltr'>error</span> <span class='ocrx_word' id='word_1_207' title='bbox 821 1897 1003 1953; x_wconf 80' lang='lat' dir='ltr'>expediri</span> <span class='ocrx_word' id='word_1_208' title='bbox 1051 1906 1186 1955; x_wconf 87' lang='lat' dir='ltr'>queat.</span> <span class='ocrx_word' id='word_1_209' title='bbox 1252 1899 1309 1941; x_wconf 91' lang='lat' dir='ltr'>A.</span> <span class='ocrx_word' id='word_1_210' title='bbox 1343 1899 1454 1940; x_wconf 81' lang='lat'>1552</span> <span class='ocrx_word' id='word_1_211' title='bbox 1486 1914 1510 1940; x_wconf 88' lang='lat' dir='ltr'>a</span> <span class='ocrx_word' id='word_1_212' title='bbox 1540 1898 1678 1940; x_wconf 87' lang='lat' dir='ltr'>Lasco</span> 
     </span>
     <span class='ocr_line' id='line_1_26' title="bbox 172 1965 1681 2021; baseline 0.002 -14"><span class='ocrx_word' id='word_1_213' title='bbox 172 1965 350 2007; x_wconf 84' lang='lat' dir='ltr'>Londini</span> <span class='ocrx_word' id='word_1_214' title='bbox 382 1966 506 2007; x_wconf 76' lang='lat' dir='ltr'>edidit-</span> <span class='ocrx_word' id='word_1_215' title='bbox 539 1968 714 2010; x_wconf 59' lang='lat' dir='ltr'>Comen&amp;</span> <span class='ocrx_word' id='word_1_216' title='bbox 752 1969 980 2021; x_wconf 67' lang='lat' dir='ltr'>Tiyarinzcm</span> <span class='ocrx_word' id='word_1_217' title='bbox 1012 1971 1055 2012; x_wconf 72' lang='lat' dir='ltr'>in</span> <span class='ocrx_word' id='word_1_218' title='bbox 1084 1985 1127 2012; x_wconf 72' lang='lat' dir='ltr'>re</span> <span class='ocrx_word' id='word_1_219' title='bbox 1157 1970 1488 2012; x_wconf 70' lang='lat' dir='ltr'>sacramentaria.</span> <span class='ocrx_word' id='word_1_220' title='bbox 1537 1969 1681 2011; x_wconf 89' lang='lat' dir='ltr'>Potuit</span> 
     </span>
     <span class='ocr_line' id='line_1_27' title="bbox 173 2036 1679 2097; baseline 0.003 -20"><span class='ocrx_word' id='word_1_221' title='bbox 173 2037 238 2078; x_wconf 89' lang='lat' dir='ltr'>hic</span> <span class='ocrx_word' id='word_1_222' title='bbox 283 2036 492 2078; x_wconf 88' lang='lat' dir='ltr'>libellulus</span> <span class='ocrx_word' id='word_1_223' title='bbox 523 2038 854 2081; x_wconf 85' lang='lat' dir='ltr'>confessiuncula</span> <span class='ocrx_word' id='word_1_224' title='bbox 885 2041 1147 2097; x_wconf 85' lang='lat' dir='ltr'>Hospiniano</span> <span class='ocrx_word' id='word_1_225' title='bbox 1180 2041 1322 2093; x_wconf 90' lang='lat' dir='ltr'>videri,</span> <span class='ocrx_word' id='word_1_226' title='bbox 1355 2057 1432 2083; x_wconf 90' lang='lat' dir='ltr'>suo</span> <span class='ocrx_word' id='word_1_227' title='bbox 1465 2047 1596 2082; x_wconf 90' lang='lat' dir='ltr'>marte</span> <span class='ocrx_word' id='word_1_228' title='bbox 1627 2040 1679 2083; x_wconf 87' lang='lat' dir='ltr'>ab</span> 
     </span>
     <span class='ocr_line' id='line_1_28' title="bbox 173 2108 1681 2170; baseline 0.003 -21"><span class='ocrx_word' id='word_1_229' title='bbox 173 2109 195 2149; x_wconf 74' lang='grc' dir='ltr'>ὺ,</span> <span class='ocrx_word' id='word_1_230' title='bbox 239 2108 375 2150; x_wconf 89' lang='lat' dir='ltr'>Lasco</span> <span class='ocrx_word' id='word_1_231' title='bbox 419 2108 644 2164; x_wconf 82' lang='lat' dir='ltr'>divulgata,</span> <span class='ocrx_word' id='word_1_232' title='bbox 687 2110 795 2164; x_wconf 88' lang='lat' dir='ltr'>quod</span> <span class='ocrx_word' id='word_1_233' title='bbox 835 2111 877 2153; x_wconf 92' lang='lat' dir='ltr'>in</span> <span class='ocrx_word' id='word_1_234' title='bbox 908 2114 1107 2169; x_wconf 85' lang='lat' dir='ltr'>temporis</span> <span class='ocrx_word' id='word_1_235' title='bbox 1148 2114 1345 2156; x_wconf 85' lang='lat' dir='ltr'>indicium</span> <span class='ocrx_word' id='word_1_236' title='bbox 1378 2113 1551 2170; x_wconf 85' lang='lat' dir='ltr'>egregie</span> <span class='ocrx_word' id='word_1_237' title='bbox 1581 2128 1681 2169; x_wconf 85' lang='lat' dir='ltr'>qua·</span> 
     </span>
     <span class='ocr_line' id='line_1_29' title="bbox 175 2178 1678 2239; baseline 0.004 -19"><span class='ocrx_word' id='word_1_238' title='bbox 175 2178 325 2222; x_wconf 83' lang='lat' dir='ltr'>(lraret.</span> <span class='ocrx_word' id='word_1_239' title='bbox 360 2180 449 2222; x_wconf 91' lang='lat' dir='ltr'>Aut</span> <span class='ocrx_word' id='word_1_240' title='bbox 481 2180 676 2223; x_wconf 84' lang='lat' dir='ltr'>confundi</span> <span class='ocrx_word' id='word_1_241' title='bbox 708 2183 841 2237; x_wconf 85' lang='lat' dir='ltr'>potuit</span> <span class='ocrx_word' id='word_1_242' title='bbox 870 2184 972 2226; x_wconf 85' lang='lat' dir='ltr'>haec</span> <span class='ocrx_word' id='word_1_243' title='bbox 1003 2186 1204 2228; x_wconf 79' lang='lat' dir='ltr'>confessio</span> <span class='ocrx_word' id='word_1_244' title='bbox 1237 2201 1331 2228; x_wconf 88' lang='lat' dir='ltr'>cum</span> <span class='ocrx_word' id='word_1_245' title='bbox 1365 2187 1440 2239; x_wconf 76' lang='lat' dir='ltr'>Ep.</span> <span class='ocrx_word' id='word_1_246' title='bbox 1472 2188 1519 2228; x_wconf 80' lang='lat' dir='ltr'>de</span> <span class='ocrx_word' id='word_1_247' title='bbox 1538 2186 1678 2236; x_wconf 78' lang='lat' dir='ltr'>Coena,</span> 
     </span>
     <span class='ocr_line' id='line_1_30' title="bbox 175 2252 1682 2305; baseline 0.006 -15"><span class='ocrx_word' id='word_1_248' title='bbox 175 2265 299 2305; x_wconf 85' lang='lat' dir='ltr'>quam</span> <span class='ocrx_word' id='word_1_249' title='bbox 331 2266 439 2292; x_wconf 82' lang='lat' dir='ltr'>anno</span> <span class='ocrx_word' id='word_1_250' title='bbox 473 2252 579 2293; x_wconf 84' lang='lat'>1551</span> <span class='ocrx_word' id='word_1_251' title='bbox 609 2253 877 2296; x_wconf 58' lang='lat' dir='ltr'>Bormam</span> <span class='ocrx_word' id='word_1_252' title='bbox 908 2271 931 2297; x_wconf 88' lang='lat' dir='ltr'>a</span> <span class='ocrx_word' id='word_1_253' title='bbox 962 2272 1003 2298; x_wconf 88' lang='lat' dir='ltr'>se</span> <span class='ocrx_word' id='word_1_254' title='bbox 1035 2258 1143 2300; x_wconf 82' lang='lat' dir='ltr'>edito</span> <span class='ocrx_word' id='word_1_255' title='bbox 1165 2257 1272 2300; x_wconf 89' lang='lat' dir='ltr'>libro</span> <span class='ocrx_word' id='word_1_256' title='bbox 1301 2260 1348 2300; x_wconf 77' lang='lat' dir='ltr'>de</span> <span class='ocrx_word' id='word_1_257' title='bbox 1374 2261 1499 2300; x_wconf 80' lang='lat' dir='ltr'>Coena</span> <span class='ocrx_word' id='word_1_258' title='bbox 1520 2258 1682 2300; x_wconf 74' lang='lat' dir='ltr'>Domini</span> 
     </span>
     <span class='ocr_line' id='line_1_31' title="bbox 176 2322 1682 2386; baseline 0.007 -25"><span class='ocrx_word' id='word_1_259' title='bbox 176 2322 444 2376; x_wconf 85' lang='lat' dir='ltr'>praemiserat</span> <span class='ocrx_word' id='word_1_260' title='bbox 473 2330 625 2366; x_wconf 84' lang='lat' dir='ltr'>noster.</span> <span class='ocrx_word' id='word_1_261' title='bbox 685 2322 774 2367; x_wconf 85' lang='lat' dir='ltr'>Sub</span> <span class='ocrx_word' id='word_1_262' title='bbox 805 2327 1001 2381; x_wconf 84' lang='lat' dir='ltr'>epistolae</span> <span class='ocrx_word' id='word_1_263' title='bbox 1033 2328 1168 2371; x_wconf 85' lang='lat' dir='ltr'>forma</span> <span class='ocrx_word' id='word_1_264' title='bbox 1197 2330 1450 2386; x_wconf 87' lang='lat' dir='ltr'>opusculum</span> <span class='ocrx_word' id='word_1_265' title='bbox 1483 2328 1587 2371; x_wconf 89' lang='lat' dir='ltr'>illud</span> <span class='ocrx_word' id='word_1_266' title='bbox 1619 2344 1682 2370; x_wconf 81' lang='lat' dir='ltr'>rc-</span> 
     </span>
     <span class='ocr_line' id='line_1_32' title="bbox 175 2393 1681 2450; baseline 0.006 -16"><span class='ocrx_word' id='word_1_267' title='bbox 175 2409 270 2450; x_wconf 85' lang='lat' dir='ltr'>apse</span> <span class='ocrx_word' id='word_1_268' title='bbox 301 2394 423 2436; x_wconf 79' lang='lat' dir='ltr'>Lasci</span> <span class='ocrx_word' id='word_1_269' title='bbox 454 2394 503 2435; x_wconf 87' lang='lat' dir='ltr'>de</span> <span class='ocrx_word' id='word_1_270' title='bbox 535 2393 675 2438; x_wconf 89' lang='lat' dir='ltr'>Coena</span> <span class='ocrx_word' id='word_1_271' title='bbox 707 2398 1005 2441; x_wconf 84' lang='lat' dir='ltr'>confessionem</span> <span class='ocrx_word' id='word_1_272' title='bbox 1034 2401 1248 2444; x_wconf 86' lang='lat' dir='ltr'>enucleate</span> <span class='ocrx_word' id='word_1_273' title='bbox 1282 2402 1492 2444; x_wconf 85' lang='lat' dir='ltr'>conditam</span> <span class='ocrx_word' id='word_1_274' title='bbox 1517 2401 1681 2443; x_wconf 86' lang='lat' dir='ltr'>exhibe·</span> 
     </span>
    </p>
   </div>
   <div class='ocr_carea' id='block_1_3' title="bbox 174 2465 1682 2592">
    <p class='ocr_par' dir='ltr' id='par_1_3' title="bbox 174 2465 1682 2592">
     <span class='ocr_line' id='line_1_33' title="bbox 174 2465 1682 2530; baseline 0.008 -25"><span class='ocrx_word' id='word_1_275' title='bbox 174 2465 254 2513; x_wconf 87' lang='lat' dir='ltr'>bat,</span> <span class='ocrx_word' id='word_1_276' title='bbox 301 2480 429 2521; x_wconf 88' lang='lat' dir='ltr'>quare</span> <span class='ocrx_word' id='word_1_277' title='bbox 459 2465 577 2508; x_wconf 86' lang='lat' dir='ltr'>nullo</span> <span class='ocrx_word' id='word_1_278' title='bbox 607 2468 773 2524; x_wconf 85' lang='lat' dir='ltr'>negotio</span> <span class='ocrx_word' id='word_1_279' title='bbox 804 2469 904 2512; x_wconf 85' lang='lat' dir='ltr'>haec</span> <span class='ocrx_word' id='word_1_280' title='bbox 935 2470 1018 2513; x_wconf 87' lang='lat' dir='ltr'>duo</span> <span class='ocrx_word' id='word_1_281' title='bbox 1051 2473 1300 2528; x_wconf 84' lang='lat' dir='ltr'>perturbare</span> <span class='ocrx_word' id='word_1_282' title='bbox 1332 2475 1444 2516; x_wconf 88' lang='lat' dir='ltr'>inter</span> <span class='ocrx_word' id='word_1_283' title='bbox 1475 2489 1517 2515; x_wconf 88' lang='lat' dir='ltr'>se</span> <span class='ocrx_word' id='word_1_284' title='bbox 1549 2473 1682 2530; x_wconf 90' lang='lat' dir='ltr'>potuit</span> 
     </span>
     <span class='ocr_line' id='line_1_34' title="bbox 176 2536 473 2592; baseline 0 -15"><span class='ocrx_word' id='word_1_285' title='bbox 176 2536 473 2592; x_wconf 82' lang='lat' dir='ltr'>Hospinianus.</span> 
     </span>
    </p>
   </div>
   <div class='ocr_carea' id='block_1_4' title="bbox 185 2636 397 2642">
    <p class='ocr_par' dir='ltr' id='par_1_4' title="bbox 185 2636 397 2642">
     <span class='ocr_line' id='line_1_35' title="bbox 185 2636 397 2642; baseline 0 0"><span class='ocrx_word' id='word_1_286' title='bbox 185 2636 397 2642; x_wconf 95' lang='lat' dir='ltr'> </span> 
     </span>
    </p>
   </div>
   <div class='ocr_carea' id='block_1_5' title="bbox 175 2684 1687 2842">
    <p class='ocr_par' dir='ltr' id='par_1_5' title="bbox 175 2684 1687 2842">
     <span class='ocr_line' id='line_1_36' title="bbox 216 2684 1687 2734; baseline 0.008 -21"><span class='ocrx_word' id='word_1_287' title='bbox 216 2685 240 2723; x_wconf 92' lang='lat'>¹)</span> <span class='ocrx_word' id='word_1_288' title='bbox 264 2684 312 2715; x_wconf 86' lang='lat' dir='ltr'>Cf.</span> <span class='ocrx_word' id='word_1_289' title='bbox 335 2685 568 2722; x_wconf 65' lang='lat' dir='ltr'>Rammium,</span> <span class='ocrx_word' id='word_1_290' title='bbox 594 2686 660 2717; x_wconf 79' lang='lat' dir='ltr'>Erl.</span> <span class='ocrx_word' id='word_1_291' title='bbox 684 2697 713 2718; x_wconf 78' lang='lat' dir='ltr'>u.</span> <span class='ocrx_word' id='word_1_292' title='bbox 744 2688 844 2720; x_wconf 71' lang='lat' dir='ltr'>Vertlc.</span> <span class='ocrx_word' id='word_1_293' title='bbox 870 2689 970 2731; x_wconf 73' lang='lat' dir='ltr'>Ostfr.</span> <span class='ocrx_word' id='word_1_294' title='bbox 995 2691 1125 2732; x_wconf 68' lang='lat' dir='ltr'>quselc.</span> <span class='ocrx_word' id='word_1_295' title='bbox 1147 2703 1178 2734; x_wconf 82' lang='lat' dir='ltr'>p.</span> <span class='ocrx_word' id='word_1_296' title='bbox 1201 2693 1252 2730; x_wconf 85' lang='lat'>93,</span> <span class='ocrx_word' id='word_1_297' title='bbox 1279 2693 1333 2724; x_wconf 87' lang='lat' dir='ltr'>ubi</span> <span class='ocrx_word' id='word_1_298' title='bbox 1359 2693 1454 2725; x_wconf 80' lang='lat' dir='ltr'>dicit:</span> <span class='ocrx_word' id='word_1_299' title='bbox 1491 2692 1583 2731; x_wconf 86' lang='lat' dir='ltr'>„Die</span> <span class='ocrx_word' id='word_1_300' title='bbox 1606 2692 1687 2724; x_wconf 88' lang='lat' dir='ltr'>Con·</span> 
     </span>
     <span class='ocr_line' id='line_1_37' title="bbox 176 2739 1685 2790; baseline 0.007 -21"><span class='ocrx_word' id='word_1_301' title='bbox 176 2739 307 2776; x_wconf 57' lang='lat' dir='ltr'>„sessim</span> <span class='ocrx_word' id='word_1_302' title='bbox 338 2750 371 2770; x_wconf 83' lang='lat' dir='ltr'>so</span> <span class='ocrx_word' id='word_1_303' title='bbox 406 2750 435 2770; x_wconf 92' lang='lat' dir='ltr'>n.</span> <span class='ocrx_word' id='word_1_304' title='bbox 459 2740 477 2770; x_wconf 84' lang='lat'><strong>3</strong></span> <span class='ocrx_word' id='word_1_305' title='bbox 508 2741 705 2781; x_wconf 79' lang='lat' dir='ltr'>angesiihrct,</span> <span class='ocrx_word' id='word_1_306' title='bbox 736 2743 836 2774; x_wconf 73' lang='lat' dir='ltr'>stellet</span> <span class='ocrx_word' id='word_1_307' title='bbox 866 2745 971 2776; x_wconf 85' lang='lat' dir='ltr'>hiuter</span> <span class='ocrx_word' id='word_1_308' title='bbox 993 2746 1136 2788; x_wconf 77' lang='lat' dir='ltr'>besagter</span> <span class='ocrx_word' id='word_1_309' title='bbox 1158 2748 1304 2790; x_wconf 82' lang='lat' dir='ltr'>Epistola</span> <span class='ocrx_word' id='word_1_310' title='bbox 1328 2751 1420 2780; x_wconf 78' lang='lat' dir='ltr'>unter</span> <span class='ocrx_word' id='word_1_311' title='bbox 1444 2749 1564 2780; x_wconf 80' lang='lat' dir='ltr'>diesem</span> <span class='ocrx_word' id='word_1_312' title='bbox 1586 2748 1685 2779; x_wconf 80' lang='lat' dir='ltr'>Titel:</span> 
     </span>
     <span class='ocr_line' id='line_1_38' title="bbox 175 2793 1687 2842; baseline 0.007 -20"><span class='ocrx_word' id='word_1_313' title='bbox 175 2819 191 2831; x_wconf 90' lang='lat'>‚‚</span> <span class='ocrx_word' id='word_1_314' title='bbox 207 2793 370 2825; x_wconf 82' lang='lat' dir='ltr'>Confessio</span> <span class='ocrx_word' id='word_1_315' title='bbox 394 2795 419 2825; x_wconf 88' lang='lat'>1.</span> <span class='ocrx_word' id='word_1_316' title='bbox 442 2795 460 2825; x_wconf 73' lang='grc' dir='ltr'>ἐι</span> <span class='ocrx_word' id='word_1_317' title='bbox 482 2795 580 2827; x_wconf 74' lang='lat' dir='ltr'>Lasco</span> <span class='ocrx_word' id='word_1_318' title='bbox 605 2796 642 2827; x_wconf 84' lang='lat' dir='ltr'>do</span> <span class='ocrx_word' id='word_1_319' title='bbox 667 2799 773 2829; x_wconf 81' lang='lat' dir='ltr'>nostra</span> <span class='ocrx_word' id='word_1_320' title='bbox 797 2810 867 2830; x_wconf 89' lang='lat' dir='ltr'>cum</span> <span class='ocrx_word' id='word_1_321' title='bbox 890 2800 1015 2832; x_wconf 81' lang='lat' dir='ltr'>Christo</span> <span class='ocrx_word' id='word_1_322' title='bbox 1039 2803 1294 2842; x_wconf 82' lang='lat' dir='ltr'>communione&#39;&#39;;</span> <span class='ocrx_word' id='word_1_323' title='bbox 1331 2803 1411 2836; x_wconf 91' lang='lat' dir='ltr'>Coll.</span> <span class='ocrx_word' id='word_1_324' title='bbox 1435 2803 1578 2835; x_wconf 85' lang='lat' dir='ltr'>eiusdem</span> <span class='ocrx_word' id='word_1_325' title='bbox 1600 2803 1687 2834; x_wconf 72' lang='lat' dir='ltr'>Hist,</span> 
     </span>
    </p>
   </div>
   <div class='ocr_carea' id='block_1_6' title="bbox 174 2849 1687 2946">
    <p class='ocr_par' dir='ltr' id='par_1_6' title="bbox 174 2849 1687 2946">
     <span class='ocr_line' id='line_1_39' title="bbox 174 2849 1687 2898; baseline 0.007 -19"><span class='ocrx_word' id='word_1_326' title='bbox 174 2849 244 2880; x_wconf 78' lang='lat' dir='ltr'>crit.</span> <span class='ocrx_word' id='word_1_327' title='bbox 277 2860 307 2890; x_wconf 90' lang='lat' dir='ltr'>p.</span> <span class='ocrx_word' id='word_1_328' title='bbox 330 2850 369 2880; x_wconf 86' lang='lat'>30</span> <span class='ocrx_word' id='word_1_329' title='bbox 393 2861 421 2882; x_wconf 88' lang='lat' dir='ltr'>n.</span> <span class='ocrx_word' id='word_1_330' title='bbox 444 2851 474 2881; x_wconf 85' lang='lat' dir='ltr'>d.</span> <span class='ocrx_word' id='word_1_331' title='bbox 505 2876 521 2889; x_wconf 96' lang='lat'><em>„</em></span> <span class='ocrx_word' id='word_1_332' title='bbox 536 2852 575 2882; x_wconf 90' lang='lat' dir='ltr'>N.</span> <span class='ocrx_word' id='word_1_333' title='bbox 600 2853 614 2883; x_wconf 88' lang='lat'>1</span> <span class='ocrx_word' id='word_1_334' title='bbox 640 2863 668 2884; x_wconf 90' lang='lat' dir='ltr'>u.</span> <span class='ocrx_word' id='word_1_335' title='bbox 692 2853 709 2884; x_wconf 88' lang='lat'><strong>3</strong></span> <span class='ocrx_word' id='word_1_336' title='bbox 733 2853 803 2886; x_wconf 83' lang='lat' dir='ltr'>sind</span> <span class='ocrx_word' id='word_1_337' title='bbox 828 2855 885 2886; x_wconf 85' lang='lat' dir='ltr'>wie</span> <span class='ocrx_word' id='word_1_338' title='bbox 909 2856 1090 2898; x_wconf 85' lang='lat' dir='ltr'>Hospinian</span> <span class='ocrx_word' id='word_1_339' title='bbox 1113 2859 1281 2897; x_wconf 79' lang='lat' dir='ltr'>schreibet,</span> <span class='ocrx_word' id='word_1_340' title='bbox 1305 2862 1370 2892; x_wconf 82' lang='lat' dir='ltr'>erst</span> <span class='ocrx_word' id='word_1_341' title='bbox 1393 2859 1474 2892; x_wconf 80' lang='lat'>1552</span> <span class='ocrx_word' id='word_1_342' title='bbox 1498 2859 1532 2891; x_wconf 86' lang='lat' dir='ltr'>in</span> <span class='ocrx_word' id='word_1_343' title='bbox 1553 2858 1687 2894; x_wconf 81' lang='lat' dir='ltr'>Londen</span> 
     </span>
     <span class='ocr_line' id='line_1_40' title="bbox 175 2905 612 2946; baseline 0.011 -13"><span class='ocrx_word' id='word_1_344' title='bbox 175 2929 191 2944; x_wconf 80' lang='lat'>‚‚</span> <span class='ocrx_word' id='word_1_345' title='bbox 206 2914 261 2934; x_wconf 83' lang='lat' dir='ltr'>ans</span> <span class='ocrx_word' id='word_1_346' title='bbox 284 2905 376 2936; x_wconf 86' lang='lat' dir='ltr'>Licht</span> <span class='ocrx_word' id='word_1_347' title='bbox 397 2905 612 2946; x_wconf 82' lang='lat' dir='ltr'>gek01nmen.’&#39;</span> 
     </span>
    </p>
   </div>
  </div>
 </body>
</html>
