1818 3178
178 87 250 124 428
678 94 894 123 REsPoNslo
922 97 1018 123 Anv.
1050 96 1217 124 flost.

179 196 403 241 consensio?
457 196 497 232 Si
535 207 621 232 vero
655 195 694 232 in
731 195 821 246 ipsis
859 195 971 233 etiam
1000 196 1194 234 doctrinae
1222 196 1386 236 dissidiis
1415 197 1614 240 discrimen
1640 199 1710 237 ali-

181 261 283 312 quod
319 260 527 305 constituit,
572 267 612 298 ut
650 260 726 298 sint
763 274 857 311 quae
894 274 968 299 una
998 274 1082 299 cum
1124 261 1325 301 dilectione
1352 276 1395 301 ac
1421 263 1579 314 proinde
1604 264 1709 302 inco-

180 325 273 364 lumi
300 337 449 376 quoque
476 323 581 362 verbi
608 323 738 362 Divini
766 324 940 363 doctrina
969 326 1173 364 consistere
1202 326 1315 365 simul
1340 328 1500 379 possint,
1528 328 1603 367 sint
1621 328 1709 366 item

182 403 276 440 quae
312 402 390 427 non
423 389 581 440 possint,
618 403 665 428 an
702 403 779 428 non
809 390 869 428 hic
903 391 1010 428 Pauli
1046 391 1222 442 Apostoli
1264 392 1474 431 doctrinam
1502 406 1712 444 sequamur,

184 454 248 506 qui
284 468 348 506 per
383 467 445 492 eos
481 454 662 492 duntaxat
699 455 911 494 societatem
949 456 1251 494 Ecclesiasticam
1289 470 1330 495 ac
1356 458 1514 509 proinde
1541 458 1711 497 dilectio-

182 534 267 558 nem
313 533 461 571 quoque
497 519 630 557 violari
667 532 709 557 ac
747 520 871 558 dirimi
909 520 1029 568 docet,
1066 533 1160 571 quos
1197 521 1484 561 fundamentum
1519 522 1711 561 doctrinae

183 583 305 634 ipsum
334 596 410 621 non
439 583 599 634 amplius
624 587 765 630 tenere,
793 584 854 622 sed
883 584 930 622 ab
958 598 1000 622 eo
1031 585 1241 631 descivisse.
1271 586 1429 638 denique
1448 592 1484 626 et
1503 589 1714 641 oppugnari

182 648 229 686 ab
266 649 319 686 eis
354 648 449 686 illud
486 649 659 686 constet?
714 649 899 688 Ostendat
938 649 1080 687 Hosius
1117 650 1246 700 igitur,
1279 665 1348 689 nos
1385 653 1524 690 nostris
1551 654 1711 692 invicem

186 714 351 752 dissidiis
387 713 581 751 doctrinae
618 716 838 762 sa·(97)nae
875 714 1162 753 fundamentum
1203 729 1281 754 non
1318 720 1454 761 tenere,
1482 717 1545 755 sed
1572 717 1712 755 abillo

184 779 396 822 descivisse.
423 792 461 817 se
489 792 575 817 vero
604 783 639 817 et
666 792 752 816 suos
782 779 875 816 illud
903 779 1001 817 inter
1029 793 1066 817 se
1095 793 1133 818 se
1161 780 1382 819 inviolatum
1411 782 1581 821 retinere.
1636 784 1713 822 Aut

185 844 215 881 si
251 843 323 881 hoc
359 857 435 881 non
470 846 594 894 potest
630 844 763 889 facere,
799 843 1112 894 quemadmodum
1149 858 1237 882 sane
1274 859 1399 883 revera
1426 859 1618 898 nunquam
1644 861 1713 899 po-

183 912 269 955 test,
304 908 449 946 desinat
485 909 636 947 tandem
672 909 880 947 Ecclesiam
920 909 1061 947 Christi
1088 909 1302 948 Pharisaica
1330 911 1520 962 hypocrisi
1547 926 1613 950 sua
1641 914 1712 951 fal-

181 974 268 1012 lere.
324 973 411 1011 Quo
437 978 546 1024 pacto
574 977 697 1011 autem
724 973 912 1024 probaret,
938 974 1090 1012 retineri
1117 989 1138 1012 a
1167 975 1244 1013 suis
1271 975 1491 1014 inviolatum
1520 977 1713 1016 doctrinae

182 1037 479 1083 fundamentum,
516 1051 598 1075 cum
625 1038 782 1089 ipsemet
817 1044 860 1075 eo
903 1038 1049 1076 sublato
1087 1039 1190 1077 aliud
1219 1040 1438 1086 constituat,
1466 1045 1502 1080 et
1529 1055 1606 1079 non
1633 1047 1710 1080 tam

183 1102 223 1140 in
249 1101 483 1152 Propheticis
510 1106 622 1153 atque
649 1102 880 1152 Apostolicis
908 1102 1113 1153 scripturis,
1141 1117 1233 1154 quas
1261 1104 1398 1142 Paulus
1425 1105 1710 1145 fundamentum

183 1166 372 1205 Ecclesiae
407 1179 486 1204 esse
521 1168 730 1217 profitetur,
757 1180 869 1218 quam
905 1168 1030 1218 potius
1058 1167 1097 1205 in
1127 1181 1237 1206 sensu
1264 1181 1307 1206 ac
1336 1182 1521 1208 consensu
1546 1173 1709 1222 Aposta-

180 1232 277 1270 ticae
318 1245 406 1269 suae
442 1231 630 1269 Ecclesiae
667 1231 771 1269 verbi
807 1230 937 1269 Divini
972 1231 1163 1269 veritatem
1198 1234 1342 1284 ponat?
1395 1233 1516 1280 Dicet,
1550 1248 1625 1272 non
1664 1235 1710 1273 de

184 1297 400 1348 Scripturis,
437 1296 500 1333 sed
529 1296 572 1334 de
600 1309 726 1334 earum
755 1300 879 1334 mente
907 1297 1201 1335 controversiam
1230 1311 1320 1344 esse,
1351 1312 1389 1337 se
1416 1300 1528 1346 enim,
1556 1301 1711 1351 perinde

180 1366 293 1412 atque
328 1374 410 1407 nos,
447 1373 650 1410 agnoscere
685 1361 832 1398 nullum
876 1360 917 1398 in
954 1360 1158 1412 Scripturis
1196 1362 1433 1401 mendacium
1471 1368 1608 1411 extare,
1644 1366 1708 1403 sed

181 1439 320 1464 meram
361 1426 566 1472 veritatem,
603 1425 668 1462 sed
705 1437 854 1463 omnem
891 1425 1186 1463 controversiam
1221 1427 1360 1464 versari
1396 1427 1435 1465 in
1464 1441 1618 1479 syncera
1646 1434 1710 1468 aut

180 1491 324 1529 detorta
359 1490 478 1542 ipsius
514 1490 835 1541 interpretatione.
891 1491 942 1527 At
978 1503 1078 1535 vero,
1107 1491 1138 1528 si
1165 1504 1248 1529 vere
1276 1491 1328 1530 ita
1355 1492 1470 1531 sentit
1497 1497 1539 1531 ut
1566 1494 1710 1539 scribit,

179 1569 256 1594 non
299 1559 424 1593 extare
466 1555 586 1592 ullum
621 1554 660 1592 in
696 1554 898 1605 Scripturis
934 1555 1183 1602 mendacium,
1222 1556 1286 1593 sed
1323 1570 1462 1594 meram
1501 1558 1706 1606 veritatem,

180 1633 245 1657 cur
289 1619 460 1657 unamini
496 1618 709 1670 Scripturae
745 1618 875 1664 menti,
911 1632 954 1657 ex
991 1619 1265 1669 le-(98)gitima
1303 1621 1504 1660 collatione
1538 1623 1708 1662 locorum

179 1686 367 1732 collectae,
392 1685 433 1723 in
461 1698 533 1736 qua
561 1685 706 1722 nullum
733 1688 789 1722 est
818 1684 1063 1732 mendacium,
1093 1698 1243 1722 sensum
1270 1698 1314 1723 ac
1339 1699 1563 1726 consensum
1580 1689 1706 1727 nescio

180 1750 285 1788 cuius
320 1748 511 1788 Ecclesiae
547 1749 754 1800 anteponit,
789 1763 900 1800 quem
938 1763 1014 1787 non
1051 1749 1162 1787 modo
1191 1750 1352 1789 variasse
1379 1752 1531 1802 pluries,
1558 1753 1623 1791 sed
1650 1767 1708 1792 sc-

179 1830 265 1854 cum
292 1815 404 1854 etiam
431 1828 620 1867 pugnasse
645 1828 782 1864 negare
808 1828 885 1853 non
913 1816 1062 1866 potest?
1116 1815 1280 1854 Excuset
1308 1829 1346 1854 se
1374 1816 1435 1854 hic
1462 1817 1607 1857 Hosius
1634 1819 1708 1869 igi-

177 1887 251 1929 tur,
291 1886 355 1920 aut
390 1884 584 1931 agnoscat,
620 1880 694 1918 duo
729 1881 820 1918 haec
847 1893 940 1932 quae
969 1880 1076 1918 docet
1105 1881 1309 1919 consistere
1337 1881 1447 1920 simul
1474 1897 1552 1922 non
1577 1897 1708 1935 posse:

179 1960 311 1998 nempe
348 1950 388 1985 ut
425 1950 461 1984 et
489 1946 634 1983 nullum
660 1945 701 1983 in
731 1944 936 1996 Scripturis
964 1945 1172 1996 reperiatur
1197 1945 1447 1993 mendacium,
1474 1951 1510 1986 et
1536 1961 1625 1986 vera
1648 1949 1708 1987 ni-

179 2011 385 2050 hilominus
421 2011 462 2048 in
497 2010 550 2048 eis
579 2009 683 2048 verbi
712 2009 841 2048 Divini
869 2009 1053 2057 doctrina,
1081 2023 1160 2048 non
1186 2014 1264 2049 tam
1290 2024 1336 2049 ex
1364 2011 1534 2050 unanimi
1560 2012 1709 2052 illarum

178 2080 313 2123 mente,
348 2089 461 2127 quam
495 2088 541 2113 ex
576 2075 767 2113 Ecclesiae
795 2088 906 2113 sensu
932 2088 976 2112 ac
1004 2087 1189 2113 consensu
1217 2077 1343 2114 nescio
1373 2090 1446 2128 quo
1489 2082 1634 2129 petatur
1671 2084 1707 2119 et

178 2142 390 2192 colligatur.
445 2140 590 2179 Deinde
625 2140 815 2192 quomodo
852 2140 1010 2179 retineat
1039 2140 1182 2179 Hosius
1213 2154 1296 2179 cum
1325 2142 1401 2181 suis
1429 2144 1605 2182 omnibus
1647 2145 1706 2183 in-

178 2220 401 2245 concussum
424 2205 627 2244 Doctrinae
656 2219 767 2244 sanae
793 2205 1092 2252 fundamentum,
1119 2211 1363 2258 posteaquam
1391 2209 1632 2259 Apostolicae
1662 2210 1707 2249 de

178 2270 328 2308 Christo
364 2269 527 2307 Domino
567 2269 808 2315 confessioni,
836 2282 899 2307 ore
934 2269 1036 2308 Petri
1064 2271 1238 2321 Apostoli
1265 2271 1448 2322 proditae,
1473 2286 1512 2311 re
1538 2273 1618 2325 ipsa
1645 2288 1705 2313 re-

176 2336 322 2380 clamet,
347 2333 495 2372 etiamsi
522 2333 561 2371 id
588 2333 682 2371 mira
710 2333 901 2385 hypocrisi
929 2334 1165 2373 dissimulet?
1204 2337 1261 2373 Ac
1290 2336 1398 2374 velim
1427 2341 1466 2375 ut
1492 2337 1586 2376 mihi
1611 2352 1703 2390 pau·

171 2400 285 2451 lisper
321 2399 383 2437 hic
422 2399 501 2450 ipse
536 2412 633 2437 unus
668 2412 736 2450 pro
776 2399 853 2437 suis
880 2399 1057 2437 omnibus
1084 2400 1320 2451 respondeat,
1355 2415 1446 2440 num
1484 2415 1566 2440 cum
1595 2403 1704 2441 Petro

174 2467 210 2500 et
245 2462 418 2500 universa
454 2461 660 2512 apostolica
696 2461 865 2499 Ecclesia
900 2461 1115 2501 indubitato
1153 2463 1291 2509 credat,
1337 2463 1538 2502 Dominum
1576 2465 1700 2504 Iesum

174 2540 254 2565 esse
290 2540 373 2564 vere
400 2526 594 2564 Christum
620 2526 726 2564 illum
755 2526 876 2563 filium
904 2526 974 2565 Dei
1002 2529 1088 2576 (99)
1118 2527 1205 2567 vivi.
1258 2530 1413 2566 Annuet
1440 2529 1703 2579 proculdubio,

172 2592 247 2630 nisi
274 2591 306 2630 si
333 2591 409 2629 suis
436 2591 593 2642 ipsemet
621 2591 742 2629 verbis
770 2604 790 2628 a
821 2604 905 2629 vera
934 2605 972 2629 se
998 2592 1169 2630 Ecclesia
1199 2593 1339 2631 Christi
1367 2593 1578 2640 descivisse,
1592 2595 1702 2633 fateri

171 2657 274 2696 velit.
328 2657 522 2694 Caeterum
559 2657 590 2694 si
624 2657 663 2694 id
702 2656 831 2704 credit,
865 2657 993 2695 eadem
1029 2671 1118 2696 sane
1154 2671 1265 2710 opera
1305 2659 1429 2697 credat
1456 2672 1606 2698 necesse
1633 2665 1700 2708 est,

171 2736 256 2760 eum
281 2725 316 2760 et
352 2721 473 2759 Deum
508 2721 646 2772 pariter
686 2735 816 2760 verum
852 2726 888 2761 et
924 2735 1053 2760 verum
1095 2722 1285 2761 hominem
1322 2736 1413 2762 esse.
1466 2723 1561 2762 Esse
1597 2724 1702 2771 item,

172 2787 272 2839 quod
316 2786 362 2824 ad
408 2786 615 2834 delegatam
659 2785 692 2824 ei
736 2800 757 2824 a
801 2787 911 2825 Patre
963 2786 1043 2825 Deo
1081 2787 1314 2826 functionem
1352 2787 1503 2832 attinet,
1545 2789 1697 2828 unicum

171 2864 355 2891 summum
392 2853 505 2901 atque
541 2853 730 2888 aeternum
769 2850 990 2891 Pontificem
1028 2851 1168 2900 Regem
1205 2864 1249 2889 ac
1285 2850 1483 2889 Doctorem
1514 2865 1578 2890 seu
1606 2853 1697 2890 Pro-
