1818 3178
174 87 245 122 508
824 99 884 126 ΕΡ.
916 98 1061 127 noc'rn.

173 204 288 242 totius
325 204 454 242 mundi
491 207 698 254 ἁμαρτίαν,
733 210 920 256 postremo
956 219 1039 243 cum
1078 206 1247 247 Christus
1283 210 1362 262 ipse
1395 211 1626 251 infirmitatis
1663 227 1700 251 sc

173 274 321 307 nostrae
358 268 541 305 medicum
577 282 656 306 esso
691 271 922 320 profiteatur,
958 284 1036 308 non
1073 277 1129 309 est
1167 286 1232 310 cur
1261 276 1373 313 ullam
1400 278 1556 315 omnino
1583 279 1699 317 ullius

115 325 117 329 ¹
173 333 281 369 etiam
321 331 483 368 hominis
519 331 777 370 infirmitatem
813 334 851 371 in
890 334 971 384 ipso
1007 336 1168 386 amplius
1206 337 1357 377 homine
1383 340 1608 388 intueamur,
1635 342 1700 379 sed

172 409 238 446 pro
268 396 503 433 credentibus
531 396 739 434 habeamus>
758 397 885 448 potius
913 411 1053 445 omnes,
1079 413 1236 449 quorum
1257 401 1569 449 incredulitatem,
1587 405 1699 442 nobis

173 460 358 501 adnatam.
386 460 433 497 ab
467 459 543 498 illis
571 460 642 497 ianr
674 462 825 499 sustulit
853 463 961 500 Pater
989 462 1091 501 Deus
1119 467 1232 515 atque
1257 466 1296 503 in
1323 468 1443 505 filium
1471 482 1578 507 suum
1605 470 1700 508 reie-

172 524 234 562 cit.
290 523 392 562 Quid
423 524 524 574 quod
550 524 715 562 infantes
741 538 890 576 quoque
915 527 1018 577 ipsos
1046 540 1113 578 pro
1142 528 1378 568 credentibus
1407 532 1598 571 habendos
1622 547 1702 571 essc

173 588 317 625 censuit
352 587 450 625 idem
489 588 568 639 ipse
603 588 717 630 Deus.
754 590 900 627 etiamsi
938 595 1096 635 constet,
1131 592 1218 630 illos
1245 593 1385 632 nullam
1417 595 1551 634 habere
1577 597 1701 643 fidem,

172 656 414 702 posteaquam
441 652 506 689 illa
534 653 728 701 signaculo
757 653 923 691 iustitiae
949 654 1037 692 fidei
1071 656 1247 705 insigniri
1273 659 1472 710 praecepit.
1510 660 1700 704 Nimirum

172 715 299 753 fideles
345 716 418 753 iam
461 721 681 767 reputantur
720 730 863 762 omnes,
900 719 964 769 qui
1001 732 1043 757 ea
1078 720 1340 760 incredulitate
1374 729 1542 774 peccant,
1588 739 1698 776 quam

172 781 357 826 Christus,
382 781 472 818 olim
507 782 726 832 promissus,
761 796 862 820 nunc
897 797 983 821 vero
1013 785 1116 822 omui
1142 799 1294 836 prorsus
1321 788 1537 826 mortalium
1571 790 1710 838 generi,

170 850 205 883 ct
231 846 389 896 proinde
415 846 626 884 infantibus
654 860 802 898 quoquc
832 848 970 884 nostris
997 848 1199 895 exhibitus,
1226 851 1397 902 expiavit.
1427 853 1540 891 Unde
1567 858 1603 891 et
1630 868 1698 892 nos

171 923 249 947 eam
279 911 396 961 ipsam
428 910 497 947 Dei
525 911 754 948 voluntatem
787 912 946 962 sequuti,
973 912 1136 951 infantes
1163 919 1312 953 nostros
1339 929 1405 966 pro
1433 917 1605 956 fidelibus
1624 918 1698 956 iam

171 974 332 1024 reputari
367 974 406 1011 in
446 974 515 1011 Dei
541 974 682 1012 iudicio
711 980 904 1020 testamur,
931 977 1077 1026 quoties
1105 990 1167 1015 eos
1197 979 1392 1028 signaculo
1419 980 1586 1020 iustitiae
1612 982 1700 1020 fidei

171 1052 265 1089 quae
300 1043 355 1076 cst
390 1039 429 1076 in
467 1039 618 1076 Christo
655 1053 720 1090 per
754 1040 980 1091 baptismum
1014 1041 1253 1091 insignimus,
1289 1045 1380 1082 certi
1417 1046 1625 1084 doctrinam
1656 1060 1698 1086 ac

172 1105 402 1141 voluntatem
440 1104 578 1141 Christi
618 1104 802 1141 diversam
830 1118 907 1141 non
935 1118 1014 1142 esse
1040 1119 1061 1142 a
1090 1106 1212 1144 Patris
1240 1107 1298 1145 sui
1327 1109 1497 1147 coelestis
1527 1111 1699 1149 doctrina

171 1173 206 1205 et
236 1168 440 1206 voluntate.
494 1168 535 1204 Si
561 1168 677 1216 igitur
704 1168 855 1205 modum
884 1169 1036 1206 contriti
1062 1170 1101 1206 in
1129 1171 1239 1208 nobis
1277 1173 1480 1223 serpentini
1507 1174 1608 1212 illius
1637 1188 1699 1213 ca-

171 1232 258 1282 pitis
286 1232 511 1282 quaerimus,
547 1231 579 1268 si
607 1232 700 1269 scire
729 1233 900 1269 volumus
926 1232 965 1269 in
995 1233 1131 1283 quibus
1158 1239 1194 1272 et
1215 1240 1406 1285 quatenus
1432 1237 1527 1274 illud
1557 1239 1699 1276 contri·

170 1303 249 1335 tum
285 1298 344 1343 sit,
382 1297 482 1334 Deus
509 1297 588 1347 ipse
615 1303 683 1340 est,
711 1297 775 1347 qui
802 1310 866 1347 per
895 1297 1097 1344 Christum,
1125 1300 1301 1337 Abrahae
1328 1314 1452 1339 semen
1479 1302 1586 1340 iuxta
1615 1316 1697 1341 car-

171 1375 267 1405 nem,
295 1366 404 1412 caput
432 1362 619 1399 Sathanae
647 1361 836 1405 contrivit,
864 1363 1045 1400 translata
1072 1363 1111 1400 in
1141 1364 1264 1414 ipsum
1290 1365 1509 1404 infirmitate
1527 1367 1695 1406 omnium

170 1435 352 1466 nostrum.
391 1426 579 1464 Contrivit
606 1431 729 1463 autem
755 1426 794 1462 in
823 1427 999 1464 omnibus
1026 1429 1217 1477 gentibUS,
1244 1431 1555 1480 quemadmodum
1584 1434 1696 1470 verba

169 1493 430 1544 promissionis
457 1496 654 1530 testantur.
709 1492 758 1529 Et
787 1491 967 1530 hacteuus
996 1494 1186 1538 contrivit,
1213 1501 1395 1545 quatenus
1423 1498 1558 1535 adnata
1586 1498 1697 1536 nobis

169 1556 312 1607 peccati
348 1556 525 1594 servitute
560 1569 769 1607 peccamuS,
804 1570 916 1607 quam
954 1557 1128 1595 Christus
1166 1559 1333 1610 corporis
1370 1561 1426 1598 sui
1466 1563 1696 1600 sacrosancti

171 1621 291 1659 hostia
319 1622 358 1659 in
386 1634 496 1658 carne
522 1625 652 1658 nostra
677 1621 853 1671 expiavit.
891 1622 973 1659 Iam
1000 1623 1151 1673 quando
1179 1623 1227 1661 sit
1255 1624 1460 1662 contritum
1488 1631 1598 1677 caput
1625 1627 1696 1664 hoc

169 1687 363 1738 serpentis,
391 1687 525 1723 docent
561 1699 630 1723 nos
666 1686 825 1736 plurima
860 1691 939 1723 tum
976 1687 1201 1734 testimonia,
1227 1694 1306 1726 tum
1334 1691 1513 1740 exempla.
1568 1691 1651 1728 Nos
1678 1704 1698 1729 e

169 1751 296 1789 multis
322 1764 441 1802 pauca
468 1750 709 1788 adducemus.
737 1751 874 1788 Paulus
903 1751 1011 1788 docet
1037 1752 1278 1802 pontificatus
1308 1754 1449 1791 Christi
1477 1768 1595 1806 neque
1622 1755 1697 1793 ini·

168 1817 275 1861 tium,
310 1829 430 1867 neque
465 1816 578 1853 finem
616 1815 731 1853 ullum
768 1828 877 1866 posse
914 1816 1038 1861 statui,
1074 1818 1389 1867 quemadmodum
1418 1819 1696 1858 Melchizedech

170 1881 368 1919 sacerdotii
404 1894 524 1932 neque
559 1880 665 1929 origo
704 1893 824 1930 neque
861 1880 947 1918 finis
984 1882 1139 1932 reperiri
1173 1887 1309 1933 potest,
1344 1888 1379 1921 et
1414 1885 1522 1923 docet
1557 1886 1630 1923 fide
1657 1887 1696 1924 in

170 1947 359 1984 Christum
402 1946 629 1997 promissum
674 1948 839 1984 serv‘atos
875 1960 966 1992 esse,
1001 1948 1065 1998 qui
1102 1948 1172 1986 etsi
1208 1949 1419 1987 exhibitum
1457 1951 1562 1989 illum
1590 1952 1696 1990 iuxta

170 2012 456 2062 promissionem
490 2012 657 2049 nondum
694 2011 938 2062 accepissent,
970 2013 1116 2051 eminus
1152 2027 1234 2051 eum
1262 2018 1387 2052 tamen
1415 2020 1611 2054 venturum
1640 2017 1697 2055 ni-

171 2076 374 2114 hilominus
400 2075 475 2114 iam
504 2075 696 2113 videbant.
752 2075 814 2112 Sic
841 2082 878 2113 ct
907 2076 1100 2114 Abraham
1128 2077 1224 2115 vidit
1251 2078 1347 2115 diem
1377 2079 1516 2117 Christi
1542 2080 1696 2119 Domini

168 2146 205 2178 et
231 2140 384 2190 gavisus
412 2145 478 2183 cst,
505 2145 541 2178 et
567 2139 690 2178 Adam
719 2140 793 2177 nisi
821 2140 981 2177 eundem
1011 2141 1109 2178 diem
1136 2143 1221 2190 (19)
1248 2142 1368 2180 multo
1396 2147 1504 2181 antea
1533 2144 1697 2191 vidisset,

167 2218 370 2254 numquam
398 2218 443 2242 ex
471 2204 550 2241 Eva
578 2203 765 2241 hominem
793 2204 910 2241 ullum
940 2205 1145 2242 secundum
1174 2205 1294 2243 Deum
1322 2207 1545 2254 sustulisset,
1574 2222 1696 2259 ncquc

172 2269 367 2319 quisquam
403 2273 532 2320 postea
567 2268 783 2313 exstitisset,
816 2269 881 2319 qui
917 2268 1014 2306 diem
1052 2270 1194 2308 Christi
1221 2269 1377 2309 Domini
1404 2271 1530 2309 videre
1555 2278 1694 2323 posset.

168 2334 250 2371 Iam
280 2333 470 2371 Christum
500 2333 612 2370 habet
639 2333 855 2384 pontificem
874 2333 1042 2384 quisquis
1063 2334 1272 2371 Abrahami
1288 2336 1455 2386 exemplo
1477 2336 1572 2373 diem
1592 2337 1694 2374 iilius

170 2399 284 2442 videt,
309 2411 416 2448 quem
447 2397 478 2434 si
503 2396 625 2435 Adam
653 2409 800 2447 quoque
827 2396 934 2442 vidit,
960 2397 1115 2435 dubium
1145 2412 1225 2436 esse
1251 2412 1327 2436 non
1353 2404 1489 2449 potest,
1507 2400 1695 2437 Christum

168 2463 241 2500 iam
279 2466 357 2499 tum
393 2462 495 2499 illius
530 2461 643 2498 etiam
679 2461 895 2512 pontificem
933 2461 1051 2500 fuisse
1086 2462 1192 2500 iuxta
1229 2464 1530 2513 promissionem.
1586 2464 1632 2500 Et
1661 2464 1692 2500 si

171 2525 295 2564 Adam
322 2525 368 2562 ad
399 2525 540 2562 Christi
566 2525 803 2576 pontificium
831 2531 917 2576 post
942 2529 1134 2576 peccatum
1164 2539 1272 2564 suum
1310 2527 1534 2577 pertinebat,
1564 2527 1697 2577 quidni

169 2591 299 2629 codem
343 2603 490 2640 quoque
533 2589 717 2640 pertineat
761 2594 841 2627 tota
875 2589 975 2628 illius
1012 2591 1219 2645 progenies,
1255 2604 1348 2642 quae
1385 2605 1459 2628 una
1495 2604 1576 2628 cum
1612 2591 1691 2641 ipso

171 2654 386 2692 Abrahamo
423 2653 461 2690 iu
497 2653 636 2691 lumbis
671 2653 772 2691 illius
802 2653 1016 2691 hauddubie
1045 2655 1350 2693 concludebatur.
1405 2655 1503 2692 Sane
1530 2655 1693 2692 Ioannes

170 2732 309 2767 agnum
338 2717 439 2755 hunc
466 2730 487 2754 a
515 2717 645 2755 mundi
674 2718 820 2766 origine
847 2717 1009 2755 occisum
1038 2731 1118 2756 esse
1146 2722 1316 2757 testatur.
1346 2718 1394 2755 Et
1420 2718 1558 2755 Paulus
1586 2718 1696 2756 docet

172 2783 362 2820 Christum
391 2794 470 2819 esse
498 2780 576 2818 heri
604 2785 640 2818 et
666 2781 779 2819 hodie
805 2782 1038 2832 eundemque
1065 2786 1101 2820 et
1127 2783 1166 2820 in
1194 2783 1316 2820 secula
1332 2795 1627 2833 permansurum,
1655 2782 1695 2821 in·

171 2859 278 2898 quem
317 2846 449 2885 reiecta
487 2845 610 2884 omnis
647 2847 815 2885 omnium
854 2846 1047 2884 hominum
1084 2846 1281 2884 infirmitas
1318 2845 1502 2884 neminem
1529 2858 1697 2896 prorsus,
