1818 3178
141 87 223 118 VIII
789 96 1018 128 PRAEFATIO
1024 119 1033 128 .

151 193 289 236 Habet
328 202 544 252 praeterea
585 197 662 240 hoc
700 214 796 243 cum
828 202 1000 261 reliquis
1030 205 1256 264 disciplinis
1287 211 1520 272 Theologia
1551 217 1663 274 apud

150 264 374 321 populares
414 283 648 320 commune,
696 279 742 313 ut
793 275 864 330 qui
908 276 1013 318 vitae
1055 278 1250 323 alimonia
1291 282 1344 326 ab
1373 300 1422 327 ea
1453 295 1663 343 expetant,

148 337 311 379 nonnisi
343 339 454 381 horis
482 339 704 384 subsecivis
734 350 774 385 et
804 345 835 387 si
867 347 967 403 quid
989 347 1114 392 datur
1134 366 1158 393 a
1179 354 1422 399 muneribus
1444 358 1575 401 otium
1601 374 1666 402 co-

150 407 236 449 lere
257 424 346 451 eam
370 411 545 465 possint;
566 426 698 468 quare
720 430 843 458 nemo
866 419 1012 461 melius
1034 436 1156 464 omne
1173 425 1425 483 principium
1445 430 1667 474 molestum

146 495 232 521 esse
263 481 489 536 experitur,
523 498 651 539 quam
682 487 713 528 si
744 488 834 543 quis
867 489 970 533 haec
1000 491 1084 535 duo
1116 496 1374 554 coniungere
1403 501 1578 554 studeat,
1616 510 1666 546 ut

144 550 337 606 religiose
376 563 618 610 susceptum
658 568 892 615 exequatur
932 578 1101 614 munus,
1143 574 1183 608 et
1224 568 1347 611 simul
1380 572 1502 614 etiam
1535 572 1665 617 libere

145 622 416 678 expediteque
447 623 586 668 Musis
616 643 738 671 aures
768 632 979 686 praebeat.
1013 634 1109 692 Ego
1140 651 1239 680 sane
1269 638 1418 683 lubens
1449 644 1662 697 confiteor,

144 709 210 734 me
243 709 316 749 per
346 695 560 752 integrum
592 714 750 742 annum
781 710 821 744 et
851 703 1067 748 dimidium
1101 707 1268 764 plenam
1303 711 1390 754 fere
1422 713 1575 757 laboris
1597 716 1666 759 ha·

146 765 281 807 buisse
299 766 666 824 intercapedinem,
690 780 729 814 et
746 781 889 829 postea
907 791 1074 834 quoque
1091 787 1152 821 sat
1170 796 1292 838 saepe
1311 783 1413 826 adeo
1431 784 1664 831 domesticis

144 837 401 894 publicisque
431 842 608 897 negotiis
638 854 888 900 occupatum
914 849 1038 891 fuisse
1059 859 1184 907 atque
1206 852 1418 909 obrutum,
1441 864 1489 899 ut
1511 858 1664 902 iterum

140 910 378 965 iterumque
408 911 461 953 ab
491 913 678 956 instituto
709 923 748 958 et
780 928 947 975 recepto
978 922 1146 964 tandem
1179 939 1305 980 opere
1336 926 1499 984 digredi
1531 937 1572 972 et
1601 931 1662 972 in·

140 987 404 1036 tei-rumpere
426 983 537 1038 quod
559 983 711 1027 dicitur
733 987 856 1030 telam
881 999 1049 1035 coactus
1069 994 1168 1037 sim:
1194 1011 1271 1038 nec
1294 999 1475 1053 potuisse
1496 1016 1662 1058 semper

137 1066 216 1106 pro
249 1067 342 1094 meo
373 1053 577 1097 arbitratu
607 1057 834 1102 redordiri!
885 1062 1016 1105 Aliud
1048 1080 1216 1124 quoque
1238 1084 1335 1111 mox
1355 1072 1533 1115 rusticae
1556 1074 1663 1117 vitae

137 1123 449 1166 incommodum
492 1126 726 1180 accedebat,
770 1131 881 1186 quod
923 1136 1149 1180 crudeliter
1180 1154 1246 1182 me
1277 1148 1318 1183 et
1348 1143 1471 1185 nimis
1501 1145 1659 1190 dudum

139 1195 315 1236 vexavit.
369 1195 484 1249 Quid
517 1199 627 1240 enim
660 1201 841 1256 prodest,
876 1204 997 1248 dulce
1028 1207 1099 1249 tibi
1131 1209 1221 1252 dari
1253 1214 1400 1267 otium,
1433 1217 1465 1256 si
1497 1231 1661 1262 summa

136 1265 341 1308 librorum
385 1268 537 1325 inopia,
586 1273 810 1326 quominus
840 1291 889 1318 eo
922 1278 1132 1331 fruereris,
1166 1283 1387 1339 impeditus
1418 1288 1488 1329 es?
1551 1290 1660 1332 Mihi

137 1338 281 1380 crede!
315 1353 411 1382 rara
442 1340 546 1383 haec
577 1345 617 1384 in
649 1346 768 1400 pagis
799 1349 1092 1393 remotioribus
1122 1353 1358 1398 studiorum
1388 1357 1579 1414 supellex
1614 1361 1657 1405 in

135 1425 260 1452 causa
291 1410 375 1453 iam
407 1412 484 1454 fuit
515 1414 670 1467 multis,
703 1431 780 1459 cur
813 1434 983 1474 prorsus
1010 1422 1252 1469 desisterent
1273 1443 1296 1469 a
1318 1428 1474 1480 labore,
1510 1432 1660 1487 quibus

136 1483 377 1538 ceteroquin
397 1483 436 1525 in
455 1483 612 1528 deliciis
628 1503 715 1529 esse
735 1489 905 1534 solebat.
939 1493 1103 1550 Magna
1116 1498 1282 1553 quidem
1298 1509 1417 1556 parte
1430 1502 1655 1547 Bibliothe-

136 1568 281 1595 carum
315 1555 512 1610 praefecti
535 1556 782 1602 liberalitate
803 1577 878 1604 sua
911 1572 1004 1613 τοῦς
1033 1565 1073 1608 ἐν
1104 1576 1150 1619 τῇ
1179 1572 1373 1624 διασπόρᾳ
1396 1574 1548 1618 artium
1573 1577 1659 1619 cul·

135 1632 242 1667 tores
264 1626 482 1669 sublevare
501 1639 684 1684 possunt.
709 1632 837 1689 inque
858 1633 943 1677 dies
965 1638 1100 1693 magis
1120 1639 1217 1694 plus
1238 1656 1364 1698 quam
1388 1645 1499 1688 credi
1521 1657 1658 1704 posset

137 1706 348 1739 mansuete
379 1706 419 1739 et
451 1700 612 1743 urbane
642 1703 866 1747 admodum
900 1708 1097 1763 expedire
1131 1721 1328 1768 pergunt.
1368 1714 1483 1768 Quid
1514 1727 1654 1764 autem

133 1767 166 1809 si
197 1767 237 1809 in
271 1769 389 1811 nulla
421 1771 555 1814 vicina
594 1773 711 1825 urbe,
745 1776 777 1817 si
808 1792 1015 1834 nusquam
1049 1780 1089 1823 in
1121 1784 1257 1838 patria
1290 1784 1537 1833 bibliotheca
1569 1799 1654 1835 tam

131 1840 335 1895 exquisite
364 1851 511 1884 ornata
541 1845 810 1902 cupediisque
842 1851 995 1894 referta
1028 1855 1250 1908 reperitur,
1278 1872 1386 1913 quae
1405 1871 1652 1917 apparatum

134 1917 250 1951 tuum
284 1912 521 1966 possideat?
573 1914 702 1968 Quid,
736 1919 768 1959 si
790 1926 874 1962 tam
895 1921 978 1964 rari
1000 1930 1099 1964 sunt
1117 1923 1258 1977 libelli,
1283 1929 1434 1984 quibus
1453 1933 1654 1977 utendum

134 1987 206 2028 est,
228 1990 275 2024 ut
290 1983 358 2024 vix
378 1999 508 2026 unum
526 1985 760 2031 alterumve
777 1992 992 2048 exemplar
1010 1995 1149 2038 omnia
1168 1997 1293 2041 simul
1312 1999 1508 2059 Europae
1531 2005 1657 2049 totius

132 2052 282 2095 Musea
314 2061 495 2107 teneant,
521 2072 628 2112 quae
650 2074 733 2115 quo
757 2063 890 2119 magis
911 2065 1107 2119 cupedias
1128 2082 1226 2110 suas
1250 2070 1290 2112 in
1308 2073 1444 2128 pretio
1461 2074 1653 2128 habeant,

130 2139 179 2166 eo
196 2124 403 2168 difficilius
424 2128 667 2182 pretiosum,
692 2146 775 2186 quo
797 2132 1049 2188 gloriantur,
1069 2140 1287 2195 exemplar
1309 2144 1420 2186 curis
1442 2146 1523 2188 tuis
1539 2162 1652 2190 com·

137 2196 298 2238 mittere
331 2197 572 2255 itinerisque
604 2201 873 2247 vicissitudini
905 2222 1115 2263 exponere
1136 2220 1282 2267 parata
1303 2218 1427 2258 sunt?
1486 2216 1600 2271 Quid
1621 2221 1653 2262 si

131 2267 246 2323 leges
261 2269 430 2323 patriae,
444 2271 589 2326 quales
601 2273 642 2315 in
658 2274 818 2331 Anglia
832 2276 934 2320 latas
945 2295 1031 2322 esse
1044 2280 1249 2335 dolemus,
1265 2301 1430 2330 omnem
1446 2288 1649 2334 librorum

127 2339 386 2382 emissionem
421 2342 573 2385 acriter
604 2352 644 2386 et
673 2361 817 2390 severe
850 2353 1022 2394 vetant?
1054 2352 1108 2395 Et
1138 2363 1278 2399 tamen
1311 2358 1412 2401 haec
1443 2362 1582 2405 omnia
1605 2364 1646 2406 in

125 2420 332 2467 apparatu
364 2413 552 2456 editionis
583 2423 750 2460 nostrae
780 2422 1066 2476 conquirendo
1096 2435 1300 2483 perpetuo
1331 2429 1417 2472 fere
1439 2439 1479 2473 et
1500 2433 1649 2476 crude·

125 2481 277 2524 lissime
308 2499 381 2525 nos
412 2485 660 2529 afflixerunt.
693 2488 841 2540 Emda,
877 2491 1180 2549 Argentorato,
1204 2497 1505 2555 Francofurto,
1525 2503 1650 2547 Pari-

124 2554 205 2603 siis,
238 2555 449 2608 Berolino,
483 2556 635 2607 Gonia,
670 2559 868 2610 Cassellssu
902 2563 1102 2619 Dublino,
1124 2567 1334 2622 Londin0‚
1360 2571 1648 2633 Cantabrigia,

123 2624 300 2672 Oxonia,
330 2626 622 2684 Regiomonte,
655 2630 870 2689 Petropoli
903 2636 1069 2691 quidem
1102 2640 1255 2696 scripta
1284 2642 1407 2686 Lasci
1438 2649 1648 2691 evocanda

126 2696 224 2738 mihi
255 2706 388 2740 erant.
451 2699 588 2742 Grato
619 2702 784 2757 quidem
816 2706 957 2749 animo
989 2708 1103 2752 ultro
1136 2711 1288 2754 fateor:
1328 2723 1547 2772 rogantem
1581 2734 1646 2762 me

121 2768 335 2824 repulsam
353 2769 463 2812 ferre
483 2770 736 2830 plerumque
752 2775 993 2830 noluerunt,
1021 2780 1090 2823 sed
1109 2790 1289 2838 quantus
1306 2784 1412 2827 eheu
1430 2801 1643 2846 quamque

120 2838 356 2885 fastidiosus
377 2841 647 2901 epistolarum
671 2846 1009 2909 petitionumque
1031 2850 1255 2898 daedaleus
1278 2855 1364 2899 fere
1381 2856 1646 2917 labyrinthus
