1818 3178
748 163 990 193 PRAEFATIO.
1586 159 1640 187 LV

107 271 436 315 ecclesiasticum
470 269 670 312 scrinium
705 271 915 322 amiserat,
947 269 986 310 in
1021 267 1203 311 vicinum
1238 266 1366 323 ipsius
1383 264 1500 308 urbis
1522 264 1640 307 tabu-

106 344 262 387 larium
293 342 575 398 commigrare
608 347 815 397 potuerat.
847 340 998 396 Itaque
1030 339 1155 381 huius
1187 354 1355 396 quoque
1376 336 1636 394 praefectum

108 413 357 470 compellavi
389 412 575 468 mihique
609 427 692 454 uno
723 412 926 454 duntaxat
957 410 1085 452 verbo
1108 410 1362 466 respondere
1385 425 1437 451 ne
1460 409 1520 450 uti
1543 424 1637 465 gra·

109 494 294 535 varetur.
326 486 447 527 enixe
481 492 676 541 precatus
697 500 813 536 sum;
849 482 960 538 quod
980 483 1065 532 ille,
1086 483 1148 525 vir
1171 483 1278 525 doct.
1300 481 1445 526 Elard.
1470 480 1638 539 Meyer,

109 558 282 600 minime
313 556 594 599 dectrectatus
626 556 799 613 epistola
832 570 960 597 manu
994 555 1070 596 viri
1103 554 1294 598 Gonsult.
1319 554 1478 596 ΕΗΜΚΕ
1500 553 1551 596 ad
1574 569 1641 596 me

109 629 205 671 data
236 628 531 671 officiosissime
564 628 675 679 fecit,
709 628 891 670 infausto
913 626 1223 682 pei-quititionis
1243 641 1343 668 suae
1365 641 1558 668 successu
1580 625 1643 668 his

111 700 214 743 mihi
246 699 428 742 indicato
461 699 618 742 verbis:
656 722 676 747 ss
699 699 796 742 Auf
822 713 1000 740 unseren
1032 696 1325 741 Stadtarchive
1357 697 1461 740 habe
1490 697 1558 740 ich
1580 696 1641 739 bis

118 796 139 820 n
152 774 257 829 jetzt
287 772 422 815 nichts
454 773 532 814 auf
555 771 656 816 Joh.
689 772 712 814 ὲ,
741 771 880 813 Lasco
910 769 1188 826 Bezfigliches
1208 769 1347 812 finden
1370 768 1585 813 konnen.'’
1610 769 1640 826 ¹)

113 844 295 887 Periisse
326 845 466 900 itaque
498 844 601 886 haec
634 843 758 885 Lasci
788 841 1118 884 tractatiuncula
1149 841 1330 893 videtur,
1364 856 1486 898 quae,
1511 857 1645 899 quan-

115 923 204 958 tum
238 915 371 968 video,
405 916 482 958 nisi
514 916 695 958 Bremae
726 923 916 965 eruatur,
950 912 1101 955 nullibi
1133 913 1371 969 reperietur
1402 929 1597 970 usquam.

423 1047 490 1090 10.
555 1046 674 1087 ACTA
704 1057 1024 1087 DISPUTATIONIS
1054 1057 1142 1085 CUM
1172 1056 1350 1086 BUCERO.

438 1177 474 1204 a.
537 1163 593 1204 de
623 1176 674 1204 ‘re
703 1161 953 1204 vestiaria
988 1160 1085 1217 (scr.
1118 1175 1156 1204 a.
1193 1160 1341 1218 1551).

177 1291 289 1335 Cum
320 1293 489 1334 Bueero
520 1291 571 1334 de
604 1291 785 1333 vestibus
817 1290 1068 1333 clericorum
1101 1289 1328 1346 disputavit
1359 1297 1499 1333 noster
1526 1292 1653 1348 scrip·

119 1365 184 1415 tis,
229 1364 348 1406 cuius
390 1363 686 1420 disputationis
733 1378 943 1405 summam
985 1361 1062 1403 sub
1102 1361 1181 1404 hoc
1224 1361 1345 1404 titulo
1387 1363 1654 1406 concinnavit

119 1435 342 1487 Cranmer,
379 1435 759 1492 Archiepiscopus:
794 1437 954 1478 Summa
985 1435 1275 1477 controversiae
1306 1436 1354 1476 de
1384 1450 1426 1477 re
1456 1435 1652 1478 vestiaria

119 1508 226 1550 inter
273 1509 472 1550 Bucerum
521 1512 559 1549 et
603 1507 787 1551 Laseum.
849 1505 948 1564 Ipsa
989 1506 1278 1563 disputationis
1325 1512 1418 1548 acta
1464 1508 1650 1549 nondum

120 1579 318 1637 detegere
353 1580 480 1636 potui,
513 1595 697 1636 quorum
731 1579 822 1622 loco
853 1580 1020 1622 schema
1055 1579 1093 1621 in
1122 1579 1314 1635 margine
1336 1594 1595 1636 expromam,
1621 1581 1653 1635 ²)

120 1653 234 1710 quod
268 1651 530 1696 Cranmerus
562 1669 614 1695 ex
644 1653 692 1695 iis
725 1653 934 1709 excerpsit
966 1652 1015 1709 ³).

165 1791 190 1828 ¹)
213 1790 274 1831 Ep.
297 1789 335 1819 ad
358 1799 409 1820 me
433 1788 516 1826 data,
541 1788 579 1818 29
603 1787 735 1820 Octobr.
760 1786 851 1818 1863.

157 1847 185 1884 ²)
209 1845 447 1886 Descripsimus
470 1845 548 1875 haee
573 1854 609 1874 ex
633 1844 775 1881 STRYPE,
801 1842 875 1884 Life
897 1844 938 1884 cf
955 1842 1049 1883 Absp.
1076 1842 1206 1879 Parlcer,
1230 1842 1256 1873 I.
1281 1842 1415 1873 341-3.
1441 1842 1490 1873 Cf.
1515 1843 1660 1880 Srmpss,

119 1901 244 1933 Annals
266 1901 307 1940 of
323 1900 375 1931 tlze
399 1899 630 1942 Rfformatm,
662 1899 687 1930 I.
712 1910 743 1940 p.
767 1899 814 1930 2a.
839 1897 898 1930 175
923 1901 955 1929 et
976 1898 1021 1929 II.
1045 1909 1076 1939 p.
1099 1898 1146 1930 222.
1169 1898 1252 1929 221..
1288 1897 1337 1928 Cf.
1361 1908 1441 1939 quae
1464 1897 1504 1928 de
1527 1898 1588 1929 hoc
1611 1909 1658 1929 ar-

117 1959 268 1999 gumento
293 1956 331 1987 ad
355 1955 565 1987 Cranmcrum
589 1954 703 1986 scribit
728 1958 844 1992 noster,
869 1954 971 1985 LASCI
999 1953 1112 1994 Opera,
1139 1953 1206 1985 Vol.
1230 1953 1274 1985 ΙΙ.
1299 1964 1329 1995 p.
1354 1954 1424 1991 655,
1450 1953 1502 1984 ubi
1527 1953 1594 1985 eius
1618 1954 1656 1985 ad

123 2011 408 2053 Archiepiscopum
427 2010 602 2051 postulatio
624 2010 744 2052 passim
768 2011 1047 2042 commemoratur.

167 2068 194 2107 3)
553 2067 591 2098 Α.
639 2066 833 2097 Conveniunt
855 2066 1000 2097 But-erm·
1022 2068 1052 2097 et
1076 2076 1094 2096 α
1120 2065 1231 2097 Lace-0.

171 2124 311 2165 Uterque
334 2123 480 2164 queritur
504 2122 542 2154 de
567 2133 625 2153 usu
649 2122 747 2153 vestis
771 2121 860 2153 albae
885 2124 979 2163 atque
1003 2132 1133 2163 cappae.

168 2179 312 2220 Uterque
335 2178 425 2220 cupit
450 2178 505 2209 has
529 2180 633 2208 vestes
656 2177 808 2208 sublatas.

166 2235 309 2276 Uterque
333 2234 423 2271 dicit,
448 2233 607 2264 nemiuem
630 2244 724 2275 posse
749 2232 969 2264 Christianum
992 2243 1093 2274 eoque
1110 2243 1167 2263 nec
1184 2232 1281 2264 ullam
1300 2232 1474 2263 Ecclesiam
1492 2232 1661 2275 quiequam

125 2292 208 2324 bona
232 2301 386 2332 usurpare
410 2289 618 2328 conscientia,
643 2289 681 2320 de
704 2300 767 2330 quo
790 2300 854 2320 non
880 2291 1006 2320 constet
1029 2289 1057 2319 ei
1082 2291 1114 2320 et
1136 2299 1173 2320 ex
1195 2288 1292 2320 verbo
1317 2288 1379 2319 Dei
1402 2288 1534 2330 ipsaque
1558 2300 1662 2321 rerum

124 2346 323 2388 experientia
346 2347 432 2377 certa
456 2345 560 2376 facere
583 2344 674 2382 illud,
697 2344 748 2376 vel
771 2345 878 2386 aliquo
903 2345 998 2376 modo
1024 2344 1062 2375 ad
1086 2344 1223 2386 gloriam
1245 2343 1368 2375 Christi
1392 2344 1616 2376 illustrandam
1635 2349 1666 2377 et

128 2403 216 2434 nullo
241 2402 334 2433 modo
359 2401 398 2432 ad
422 2400 657 2432 obscurandam
681 2411 761 2432 eam.

169 2457 311 2498 Uterque
335 2456 424 2494 dicit,
449 2458 551 2487 vestes
574 2455 630 2487 has
655 2467 722 2487 esse
746 2466 782 2486 ex
805 2460 896 2497 parte
921 2455 1040 2487 similes
1064 2455 1266 2494 Aharonicis,
1296 2455 1422 2487 easdem
1441 2467 1515 2488 vero
1533 2456 1667 2488 materia

126 2516 158 2545 et
181 2514 285 2544 forma
308 2523 380 2543 cum
404 2510 572 2553 papisticis
596 2510 808 2552 usurparique
831 2522 848 2541 a
870 2511 1012 2553 Papistis
1036 2521 1159 2542 summa
1182 2511 1360 2552 impietate,
1383 2511 1466 2543 sicut
1492 2511 1667 2543 abutuntur

129 2568 263 2610 reliquis
287 2568 382 2599 rebus
405 2567 565 2599 omnibus.

169 2623 310 2664 Uterque
334 2623 423 2660 dicit,
448 2622 545 2653 semel
568 2624 600 2653 et
624 2632 686 2652 una
709 2626 825 2652 cuncta
847 2622 1041 2653 Antiehristi
1066 2633 1134 2653 esse
1158 2622 1312 2654 tollenda.

298 2676 302 2681 ’
519 2679 555 2708 Β.
603 2678 673 2708 Non
697 2677 884 2709 conveniunt
907 2678 1052 2709 Beacerus
1074 2681 1103 2709 et
1126 2689 1145 2709 a
1171 2678 1281 2711 Lusco.

490 2734 516 2765 l.
560 2733 720 2764 Bucmws
744 2732 831 2764 vult
854 2733 922 2764 has
946 2736 1080 2765 vestes
1104 2733 1300 2766 sublatas.

173 2790 309 2832 Propter
334 2791 534 2830 praesentem
558 2788 693 2820 abusum
715 2788 748 2819 in
771 2788 925 2820 Eeclesiis
948 2789 1092 2830 Anglicis
1115 2789 1333 2822 metuendum.

174 2845 312 2886 Propter
333 2844 512 2886 pleniorem
535 2843 769 2886 professionem
792 2843 951 2875 libertatis
974 2844 1109 2877 Christi.

177 2901 311 2940 Propter
334 2899 514 2941 pleniorem
539 2899 788 2930 declarationem
813 2899 1036 2931 detestationis
1063 2899 1383 2932 Antiehristianismi.

175 2957 310 2998 Propter
337 2955 493 2986 tollendas
519 2955 601 2986 inter
625 2955 740 2987 fratres
764 2954 993 2990 dissensiones.
