<?xml version="1.0" encoding="UTF-8"?>
<!DOCTYPE html PUBLIC "-//W3C//DTD XHTML 1.0 Transitional//EN"
    "http://www.w3.org/TR/xhtml1/DTD/xhtml1-transitional.dtd">
<html xmlns="http://www.w3.org/1999/xhtml" xml:lang="en" lang="en">
 <head>
  <title>
</title>
<meta http-equiv="Content-Type" content="text/html;charset=utf-8" />
  <meta name='ocr-system' content='tesseract 3.04.00' />
  <meta name='ocr-capabilities' content='ocr_page ocr_carea ocr_par ocr_line ocrx_word'/>
</head>
<body>
  <div class='ocr_page' id='page_1' title='image "./operatameditaqua01lask_0562.png"; bbox 0 0 1818 3178; ppageno 0'>
   <div class='ocr_carea' id='block_1_1' title="bbox 209 115 1245 149">
    <p class='ocr_par' dir='ltr' id='par_1_1' title="bbox 209 115 1245 149">
     <span class='ocr_line' id='line_1_1' title="bbox 209 115 1245 149; baseline 0 0"><span class='ocrx_word' id='word_1_1' title='bbox 209 115 282 149; x_wconf 74' lang='lat'><strong>434</strong></span> <span class='ocrx_word' id='word_1_2' title='bbox 707 122 924 149; x_wconf 77' lang='lat' dir='ltr'>RESPONSIO</span> <span class='ocrx_word' id='word_1_3' title='bbox 952 122 1046 149; x_wconf 74' lang='lat' dir='ltr'>ADV.</span> <span class='ocrx_word' id='word_1_4' title='bbox 1078 121 1245 149; x_wconf 81' lang='lat' dir='ltr'>HOSIUM.</span> 
     </span>
    </p>
   </div>
   <div class='ocr_carea' id='block_1_2' title="bbox 210 221 1747 2923">
    <p class='ocr_par' dir='ltr' id='par_1_2' title="bbox 210 221 1747 2923">
     <span class='ocr_line' id='line_1_2' title="bbox 210 221 1735 272; baseline 0 -13"><span class='ocrx_word' id='word_1_5' title='bbox 210 221 294 259; x_wconf 92' lang='lat' dir='ltr'><strong>loco</strong></span> <span class='ocrx_word' id='word_1_6' title='bbox 336 221 573 259; x_wconf 86' lang='lat' dir='ltr'><strong>Lutheranos</strong></span> <span class='ocrx_word' id='word_1_7' title='bbox 610 232 741 258; x_wconf 88' lang='lat' dir='ltr'><strong>omnes</strong></span> <span class='ocrx_word' id='word_1_8' title='bbox 777 221 1004 267; x_wconf 83' lang='lat' dir='ltr'><strong>habuissem,</strong></span> <span class='ocrx_word' id='word_1_9' title='bbox 1041 234 1114 272; x_wconf 89' lang='lat' dir='ltr'><strong>quo</strong></span> <span class='ocrx_word' id='word_1_10' title='bbox 1141 234 1210 259; x_wconf 86' lang='lat' dir='ltr'><strong>nos</strong></span> <span class='ocrx_word' id='word_1_11' title='bbox 1239 222 1284 260; x_wconf 85' lang='lat' dir='ltr'><strong>ab</strong></span> <span class='ocrx_word' id='word_1_12' title='bbox 1310 221 1386 260; x_wconf 89' lang='lat' dir='ltr'><strong>illis</strong></span> <span class='ocrx_word' id='word_1_13' title='bbox 1413 222 1493 259; x_wconf 89' lang='lat' dir='ltr'><strong>sine</strong></span> <span class='ocrx_word' id='word_1_14' title='bbox 1520 221 1735 260; x_wconf 79' lang='lat' dir='ltr'><strong>discrimine</strong></span> 
     </span>
     <span class='ocr_line' id='line_1_3' title="bbox 211 285 1734 337; baseline 0 -13"><span class='ocrx_word' id='word_1_15' title='bbox 211 286 386 324; x_wconf 87' lang='lat' dir='ltr'><strong>omnibus</strong></span> <span class='ocrx_word' id='word_1_16' title='bbox 422 285 553 323; x_wconf 87' lang='lat' dir='ltr'><strong>haberi</strong></span> <span class='ocrx_word' id='word_1_17' title='bbox 588 285 731 324; x_wconf 82' lang='lat' dir='ltr'><strong>Hosius</strong></span> <span class='ocrx_word' id='word_1_18' title='bbox 768 286 912 325; x_wconf 75' lang='lat' dir='ltr'><strong>scribit.</strong></span> <span class='ocrx_word' id='word_1_19' title='bbox 965 286 1015 324; x_wconf 87' lang='lat' dir='ltr'><strong>Et</strong></span> <span class='ocrx_word' id='word_1_20' title='bbox 1043 299 1125 324; x_wconf 89' lang='lat' dir='ltr'><strong>cum</strong></span> <span class='ocrx_word' id='word_1_21' title='bbox 1150 286 1190 324; x_wconf 91' lang='lat' dir='ltr'><strong>in</strong></span> <span class='ocrx_word' id='word_1_22' title='bbox 1216 286 1339 325; x_wconf 80' lang='lat' dir='ltr'><strong>Frisia</strong></span> <span class='ocrx_word' id='word_1_23' title='bbox 1365 287 1551 325; x_wconf 78' lang='lat' dir='ltr'><strong>Orientali</strong></span> <span class='ocrx_word' id='word_1_24' title='bbox 1576 299 1641 337; x_wconf 86' lang='lat' dir='ltr'><strong>per</strong></span> <span class='ocrx_word' id='word_1_25' title='bbox 1669 287 1734 325; x_wconf 87' lang='lat' dir='ltr'><strong>de-</strong></span> 
     </span>
     <span class='ocr_line' id='line_1_4' title="bbox 212 350 1734 402; baseline 0.001 -15"><span class='ocrx_word' id='word_1_26' title='bbox 212 350 386 388; x_wconf 90' lang='lat' dir='ltr'><strong>cennium</strong></span> <span class='ocrx_word' id='word_1_27' title='bbox 414 353 524 387; x_wconf 89' lang='lat' dir='ltr'><strong>antea</strong></span> <span class='ocrx_word' id='word_1_28' title='bbox 552 353 615 387; x_wconf 90' lang='lat' dir='ltr'><strong>aut</strong></span> <span class='ocrx_word' id='word_1_29' title='bbox 653 363 694 387; x_wconf 86' lang='lat' dir='ltr'><strong>eo</strong></span> <span class='ocrx_word' id='word_1_30' title='bbox 724 350 884 401; x_wconf 86' lang='lat' dir='ltr'><strong>amplius</strong></span> <span class='ocrx_word' id='word_1_31' title='bbox 912 364 1029 388; x_wconf 90' lang='lat' dir='ltr'><strong>essem</strong></span> <span class='ocrx_word' id='word_1_32' title='bbox 1056 350 1208 401; x_wconf 88' lang='lat' dir='ltr'><strong>illicque</strong></span> <span class='ocrx_word' id='word_1_33' title='bbox 1234 351 1274 388; x_wconf 85' lang='lat' dir='ltr'><strong>in</strong></span> <span class='ocrx_word' id='word_1_34' title='bbox 1301 351 1452 402; x_wconf 88' lang='lat' dir='ltr'><strong>publico</strong></span> <span class='ocrx_word' id='word_1_35' title='bbox 1481 350 1734 389; x_wconf 87' lang='lat' dir='ltr'><strong>Ecclesiarum</strong></span> 
     </span>
     <span class='ocr_line' id='line_1_5' title="bbox 211 415 1735 466; baseline 0 -13"><span class='ocrx_word' id='word_1_36' title='bbox 211 415 419 454; x_wconf 86' lang='lat' dir='ltr'><strong>ministerio</strong></span> <span class='ocrx_word' id='word_1_37' title='bbox 447 428 625 462; x_wconf 86' lang='lat' dir='ltr'><strong>versarer,</strong></span> <span class='ocrx_word' id='word_1_38' title='bbox 653 415 712 453; x_wconf 91' lang='lat' dir='ltr'><strong>illi</strong></span> <span class='ocrx_word' id='word_1_39' title='bbox 736 415 809 466; x_wconf 89' lang='lat' dir='ltr'><strong>ipsi</strong></span> <span class='ocrx_word' id='word_1_40' title='bbox 837 416 901 466; x_wconf 91' lang='lat' dir='ltr'><strong>qui</strong></span> <span class='ocrx_word' id='word_1_41' title='bbox 928 429 973 454; x_wconf 84' lang='lat' dir='ltr'><strong>ex</strong></span> <span class='ocrx_word' id='word_1_42' title='bbox 1002 415 1278 464; x_wconf 83' lang='lat' dir='ltr'><strong>Witebergensi</strong></span> <span class='ocrx_word' id='word_1_43' title='bbox 1305 416 1506 455; x_wconf 82' lang='lat' dir='ltr'><strong>Academia</strong></span> <span class='ocrx_word' id='word_1_44' title='bbox 1532 428 1575 454; x_wconf 90' lang='lat' dir='ltr'><strong>eo</strong></span> <span class='ocrx_word' id='word_1_45' title='bbox 1602 415 1649 454; x_wconf 87' lang='lat' dir='ltr'><strong>ad</strong></span> <span class='ocrx_word' id='word_1_46' title='bbox 1677 428 1735 453; x_wconf 93' lang='lat' dir='ltr'><strong>me</strong></span> 
     </span>
     <span class='ocr_line' id='line_1_6' title="bbox 212 480 1745 533; baseline -0.001 -15"><span class='ocrx_word' id='word_1_47' title='bbox 212 480 414 519; x_wconf 88' lang='lat' dir='ltr'><strong>veniebant</strong></span> <span class='ocrx_word' id='word_1_48' title='bbox 460 484 572 531; x_wconf 86' lang='lat' dir='ltr'><strong>atque</strong></span> <span class='ocrx_word' id='word_1_49' title='bbox 613 480 818 519; x_wconf 79' lang='lat' dir='ltr'><strong>etiamnum</strong></span> <span class='ocrx_word' id='word_1_50' title='bbox 854 482 952 519; x_wconf 89' lang='lat' dir='ltr'><strong>forte</strong></span> <span class='ocrx_word' id='word_1_51' title='bbox 988 481 1132 526; x_wconf 88' lang='lat' dir='ltr'><strong>vivunt,</strong></span> <span class='ocrx_word' id='word_1_52' title='bbox 1176 481 1246 526; x_wconf 89' lang='lat' dir='ltr'><strong>illi,</strong></span> <span class='ocrx_word' id='word_1_53' title='bbox 1289 481 1455 533; x_wconf 91' lang='lat' dir='ltr'><strong>inquam,</strong></span> <span class='ocrx_word' id='word_1_54' title='bbox 1499 481 1571 532; x_wconf 86' lang='lat' dir='ltr'><strong>ipsi</strong></span> <span class='ocrx_word' id='word_1_55' title='bbox 1608 480 1745 518; x_wconf 62' lang='lat' dir='ltr'><strong>testari*</strong></span> 
     </span>
     <span class='ocr_line' id='line_1_7' title="bbox 211 545 1738 597; baseline 0 -15"><span class='ocrx_word' id='word_1_56' title='bbox 211 545 323 582; x_wconf 89' lang='lat' dir='ltr'><strong>facile</strong></span> <span class='ocrx_word' id='word_1_57' title='bbox 366 549 534 596; x_wconf 86' lang='lat' dir='ltr'><strong>possunt,</strong></span> <span class='ocrx_word' id='word_1_58' title='bbox 579 558 691 595; x_wconf 89' lang='lat' dir='ltr'><strong>quam</strong></span> <span class='ocrx_word' id='word_1_59' title='bbox 736 549 905 584; x_wconf 89' lang='lat' dir='ltr'><strong>amanter</strong></span> <span class='ocrx_word' id='word_1_60' title='bbox 939 545 1025 583; x_wconf 88' lang='lat' dir='ltr'><strong>illos</strong></span> <span class='ocrx_word' id='word_1_61' title='bbox 1062 545 1270 596; x_wconf 82' lang='lat' dir='ltr'><strong>exceperim</strong></span> <span class='ocrx_word' id='word_1_62' title='bbox 1313 550 1349 584; x_wconf 87' lang='lat' dir='ltr'><strong>et</strong></span> <span class='ocrx_word' id='word_1_63' title='bbox 1391 560 1502 597; x_wconf 89' lang='lat' dir='ltr'><strong>quam</strong></span> <span class='ocrx_word' id='word_1_64' title='bbox 1539 546 1738 595; x_wconf 85' lang='lat' dir='ltr'><strong>diligenter</strong></span> 
     </span>
     <span class='ocr_line' id='line_1_8' title="bbox 211 608 1738 659; baseline 0.002 -15"><span class='ocrx_word' id='word_1_65' title='bbox 211 608 325 645; x_wconf 89' lang='lat' dir='ltr'><strong>etiam</strong></span> <span class='ocrx_word' id='word_1_66' title='bbox 363 608 581 652; x_wconf 83' lang='lat' dir='ltr'><strong>curaverim,</strong></span> <span class='ocrx_word' id='word_1_67' title='bbox 617 621 695 646; x_wconf 90' lang='lat' dir='ltr'><strong>non</strong></span> <span class='ocrx_word' id='word_1_68' title='bbox 733 608 811 647; x_wconf 84' lang='lat' dir='ltr'><strong>sine</strong></span> <span class='ocrx_word' id='word_1_69' title='bbox 844 609 1049 646; x_wconf 88' lang='lat' dir='ltr'><strong>multorum</strong></span> <span class='ocrx_word' id='word_1_70' title='bbox 1086 608 1313 659; x_wconf 87' lang='lat' dir='ltr'><strong>quandoque</strong></span> <span class='ocrx_word' id='word_1_71' title='bbox 1338 609 1494 654; x_wconf 88' lang='lat' dir='ltr'><strong>invidia,</strong></span> <span class='ocrx_word' id='word_1_72' title='bbox 1528 614 1570 648; x_wconf 87' lang='lat' dir='ltr'><strong>ut</strong></span> <span class='ocrx_word' id='word_1_73' title='bbox 1606 610 1738 647; x_wconf 87' lang='lat' dir='ltr'><strong>Eccle-</strong></span> 
     </span>
     <span class='ocr_line' id='line_1_9' title="bbox 212 672 1740 724; baseline 0.001 -15"><span class='ocrx_word' id='word_1_74' title='bbox 212 672 364 710; x_wconf 88' lang='lat' dir='ltr'><strong>siastico</strong></span> <span class='ocrx_word' id='word_1_75' title='bbox 395 672 607 710; x_wconf 87' lang='lat' dir='ltr'><strong>Ministerio</strong></span> <span class='ocrx_word' id='word_1_76' title='bbox 635 675 746 721; x_wconf 82' lang='lat'>(115)</span> <span class='ocrx_word' id='word_1_77' title='bbox 773 675 1071 724; x_wconf 87' lang='lat' dir='ltr'><strong>praeficerentur.</strong></span> <span class='ocrx_word' id='word_1_78' title='bbox 1116 673 1261 711; x_wconf 84' lang='lat' dir='ltr'><strong>Rursus</strong></span> <span class='ocrx_word' id='word_1_79' title='bbox 1289 687 1371 711; x_wconf 90' lang='lat' dir='ltr'><strong>cum</strong></span> <span class='ocrx_word' id='word_1_80' title='bbox 1399 674 1439 711; x_wconf 92' lang='lat' dir='ltr'><strong>in</strong></span> <span class='ocrx_word' id='word_1_81' title='bbox 1455 674 1594 723; x_wconf 85' lang='lat' dir='ltr'><strong>Anglia</strong></span> <span class='ocrx_word' id='word_1_82' title='bbox 1608 687 1740 719; x_wconf 86' lang='lat' dir='ltr'><strong>essem,</strong></span> 
     </span>
     <span class='ocr_line' id='line_1_10' title="bbox 214 737 1740 790; baseline 0.001 -16"><span class='ocrx_word' id='word_1_83' title='bbox 214 737 302 788; x_wconf 90' lang='lat' dir='ltr'><strong>quid</strong></span> <span class='ocrx_word' id='word_1_84' title='bbox 330 737 370 775; x_wconf 88' lang='lat' dir='ltr'><strong>in</strong></span> <span class='ocrx_word' id='word_1_85' title='bbox 396 738 557 787; x_wconf 77' lang='lat' dir='ltr'><strong>gratiam</strong></span> <span class='ocrx_word' id='word_1_86' title='bbox 584 737 887 776; x_wconf 81' lang='lat' dir='ltr'><strong>Lutheranorum</strong></span> <span class='ocrx_word' id='word_1_87' title='bbox 917 738 1066 776; x_wconf 89' lang='lat' dir='ltr'><strong>fecerim</strong></span> <span class='ocrx_word' id='word_1_88' title='bbox 1094 751 1162 789; x_wconf 89' lang='lat' dir='ltr'><strong>pro</strong></span> <span class='ocrx_word' id='word_1_89' title='bbox 1190 739 1354 776; x_wconf 83' lang='lat' dir='ltr'><strong>hominis</strong></span> <span class='ocrx_word' id='word_1_90' title='bbox 1390 739 1531 790; x_wconf 80' lang='lat' dir='ltr'><strong>alioqui</strong></span> <span class='ocrx_word' id='word_1_91' title='bbox 1553 738 1740 790; x_wconf 80' lang='lat' dir='ltr'><strong>peregrini</strong></span> 
     </span>
     <span class='ocr_line' id='line_1_11' title="bbox 213 801 1741 853; baseline 0.001 -15"><span class='ocrx_word' id='word_1_92' title='bbox 213 802 372 847; x_wconf 88' lang='lat' dir='ltr'><strong>ratione,</strong></span> <span class='ocrx_word' id='word_1_93' title='bbox 408 801 446 842; x_wconf 84' lang='lat' dir='ltr'><strong>id</strong></span> <span class='ocrx_word' id='word_1_94' title='bbox 476 815 564 839; x_wconf 87' lang='lat' dir='ltr'><strong>sane</strong></span> <span class='ocrx_word' id='word_1_95' title='bbox 591 802 681 840; x_wconf 88' lang='lat' dir='ltr'><strong>viris</strong></span> <span class='ocrx_word' id='word_1_96' title='bbox 709 802 821 840; x_wconf 85' lang='lat' dir='ltr'><strong>etiam</strong></span> <span class='ocrx_word' id='word_1_97' title='bbox 850 802 1089 853; x_wconf 85' lang='lat' dir='ltr'><strong>Principibus</strong></span> <span class='ocrx_word' id='word_1_98' title='bbox 1116 802 1342 853; x_wconf 84' lang='lat' dir='ltr'><strong>quibusdam</strong></span> <span class='ocrx_word' id='word_1_99' title='bbox 1367 803 1420 840; x_wconf 89' lang='lat' dir='ltr'><strong>ita</strong></span> <span class='ocrx_word' id='word_1_100' title='bbox 1446 806 1576 840; x_wconf 86' lang='lat' dir='ltr'><strong>notum</strong></span> <span class='ocrx_word' id='word_1_101' title='bbox 1605 806 1671 849; x_wconf 82' lang='lat' dir='ltr'><strong>est,</strong></span> <span class='ocrx_word' id='word_1_102' title='bbox 1699 805 1741 840; x_wconf 91' lang='lat' dir='ltr'><strong>ut</strong></span> 
     </span>
     <span class='ocr_line' id='line_1_12' title="bbox 214 867 1741 918; baseline 0.001 -14"><span class='ocrx_word' id='word_1_103' title='bbox 214 879 235 904; x_wconf 86' lang='lat' dir='ltr'><strong>a</strong></span> <span class='ocrx_word' id='word_1_104' title='bbox 262 880 321 904; x_wconf 85' lang='lat' dir='ltr'><strong>me</strong></span> <span class='ocrx_word' id='word_1_105' title='bbox 349 867 634 905; x_wconf 87' lang='lat' dir='ltr'><strong>commemorari</strong></span> <span class='ocrx_word' id='word_1_106' title='bbox 660 881 737 905; x_wconf 87' lang='lat' dir='ltr'><strong>non</strong></span> <span class='ocrx_word' id='word_1_107' title='bbox 766 871 948 918; x_wconf 83' lang='lat' dir='ltr'><strong>oporteat.</strong></span> <span class='ocrx_word' id='word_1_108' title='bbox 995 867 1103 906; x_wconf 78' lang='lat' dir='ltr'><strong>Quae</strong></span> <span class='ocrx_word' id='word_1_109' title='bbox 1130 868 1257 905; x_wconf 88' lang='lat' dir='ltr'><strong>omnia</strong></span> <span class='ocrx_word' id='word_1_110' title='bbox 1283 868 1450 906; x_wconf 88' lang='lat' dir='ltr'><strong>facturus</strong></span> <span class='ocrx_word' id='word_1_111' title='bbox 1469 881 1569 906; x_wconf 88' lang='lat' dir='ltr'><strong>eram</strong></span> <span class='ocrx_word' id='word_1_112' title='bbox 1587 867 1741 914; x_wconf 86' lang='lat' dir='ltr'><strong>scilicet,</strong></span> 
     </span>
     <span class='ocr_line' id='line_1_13' title="bbox 214 931 1740 984; baseline 0.001 -16"><span class='ocrx_word' id='word_1_113' title='bbox 214 932 246 969; x_wconf 87' lang='lat' dir='ltr'><strong>si</strong></span> <span class='ocrx_word' id='word_1_114' title='bbox 282 944 356 982; x_wconf 90' lang='lat' dir='ltr'><strong>quo</strong></span> <span class='ocrx_word' id='word_1_115' title='bbox 399 932 483 969; x_wconf 92' lang='lat' dir='ltr'><strong>loco</strong></span> <span class='ocrx_word' id='word_1_116' title='bbox 519 946 541 970; x_wconf 87' lang='lat' dir='ltr'><strong>a</strong></span> <span class='ocrx_word' id='word_1_117' title='bbox 577 931 805 971; x_wconf 88' lang='lat' dir='ltr'><strong>Lutheranis</strong></span> <span class='ocrx_word' id='word_1_118' title='bbox 848 932 1074 984; x_wconf 87' lang='lat' dir='ltr'><strong>quibusdam</strong></span> <span class='ocrx_word' id='word_1_119' title='bbox 1106 945 1175 982; x_wconf 84' lang='lat' dir='ltr'><strong>ego</strong></span> <span class='ocrx_word' id='word_1_120' title='bbox 1212 946 1296 970; x_wconf 90' lang='lat' dir='ltr'><strong>eum</strong></span> <span class='ocrx_word' id='word_1_121' title='bbox 1332 933 1423 971; x_wconf 91' lang='lat' dir='ltr'><strong>meis</strong></span> <span class='ocrx_word' id='word_1_122' title='bbox 1459 946 1540 971; x_wconf 91' lang='lat' dir='ltr'><strong>sum</strong></span> <span class='ocrx_word' id='word_1_123' title='bbox 1577 933 1740 979; x_wconf 85' lang='lat' dir='ltr'><strong>habitus,</strong></span> 
     </span>
     <span class='ocr_line' id='line_1_14' title="bbox 213 996 1739 1048; baseline 0.001 -15"><span class='ocrx_word' id='word_1_124' title='bbox 213 996 344 1034; x_wconf 90' lang='lat' dir='ltr'><strong>eodem</strong></span> <span class='ocrx_word' id='word_1_125' title='bbox 378 997 480 1047; x_wconf 88' lang='lat' dir='ltr'><strong>ipsos</strong></span> <span class='ocrx_word' id='word_1_126' title='bbox 514 997 598 1034; x_wconf 88' lang='lat' dir='ltr'><strong>loeo</strong></span> <span class='ocrx_word' id='word_1_127' title='bbox 635 997 746 1035; x_wconf 87' lang='lat' dir='ltr'><strong>etiam</strong></span> <span class='ocrx_word' id='word_1_128' title='bbox 783 997 1024 1035; x_wconf 79' lang='lat' dir='ltr'><strong>habuissem?</strong></span> <span class='ocrx_word' id='word_1_129' title='bbox 1060 1010 1107 1035; x_wconf 90' lang='lat' dir='ltr'><strong>ne</strong></span> <span class='ocrx_word' id='word_1_130' title='bbox 1142 997 1233 1048; x_wconf 85' lang='lat' dir='ltr'><strong>quid</strong></span> <span class='ocrx_word' id='word_1_131' title='bbox 1269 997 1330 1034; x_wconf 90' lang='lat' dir='ltr'><strong>hic</strong></span> <span class='ocrx_word' id='word_1_132' title='bbox 1367 997 1412 1035; x_wconf 89' lang='lat' dir='ltr'><strong>de</strong></span> <span class='ocrx_word' id='word_1_133' title='bbox 1439 997 1582 1035; x_wconf 89' lang='lat' dir='ltr'><strong>Danico</strong></span> <span class='ocrx_word' id='word_1_134' title='bbox 1609 1001 1739 1035; x_wconf 87' lang='lat' dir='ltr'><strong>nostro</strong></span> 
     </span>
     <span class='ocr_line' id='line_1_15' title="bbox 212 1060 1740 1112; baseline 0.001 -15"><span class='ocrx_word' id='word_1_135' title='bbox 212 1060 346 1098; x_wconf 89' lang='lat' dir='ltr'><strong>itinere</strong></span> <span class='ocrx_word' id='word_1_136' title='bbox 374 1060 506 1107; x_wconf 88' lang='lat' dir='ltr'><strong>dicam,</strong></span> <span class='ocrx_word' id='word_1_137' title='bbox 533 1060 634 1112; x_wconf 88' lang='lat' dir='ltr'><strong>quod</strong></span> <span class='ocrx_word' id='word_1_138' title='bbox 663 1065 764 1109; x_wconf 80' lang='lat' dir='ltr'><strong>certe</strong></span> <span class='ocrx_word' id='word_1_139' title='bbox 788 1064 958 1108; x_wconf 86' lang='lat' dir='ltr'><strong>testatur,</strong></span> <span class='ocrx_word' id='word_1_140' title='bbox 985 1062 1097 1111; x_wconf 86' lang='lat' dir='ltr'><strong>longe</strong></span> <span class='ocrx_word' id='word_1_141' title='bbox 1124 1074 1193 1099; x_wconf 87' lang='lat' dir='ltr'><strong>nos</strong></span> <span class='ocrx_word' id='word_1_142' title='bbox 1220 1061 1374 1099; x_wconf 84' lang='lat' dir='ltr'><strong>meliora</strong></span> <span class='ocrx_word' id='word_1_143' title='bbox 1401 1061 1512 1099; x_wconf 91' lang='lat' dir='ltr'><strong>nobis</strong></span> <span class='ocrx_word' id='word_1_144' title='bbox 1530 1062 1574 1099; x_wconf 92' lang='lat' dir='ltr'><strong>de</strong></span> <span class='ocrx_word' id='word_1_145' title='bbox 1597 1061 1740 1099; x_wconf 88' lang='lat' dir='ltr'><strong>Luthe·</strong></span> 
     </span>
     <span class='ocr_line' id='line_1_16' title="bbox 213 1123 1739 1176; baseline 0.002 -16"><span class='ocrx_word' id='word_1_146' title='bbox 213 1124 315 1161; x_wconf 88' lang='lat' dir='ltr'><strong>ranis</strong></span> <span class='ocrx_word' id='word_1_147' title='bbox 352 1123 527 1162; x_wconf 86' lang='lat' dir='ltr'><strong>omnibus</strong></span> <span class='ocrx_word' id='word_1_148' title='bbox 563 1124 752 1176; x_wconf 87' lang='lat' dir='ltr'><strong>pollicitos</strong></span> <span class='ocrx_word' id='word_1_149' title='bbox 780 1125 909 1172; x_wconf 88' lang='lat' dir='ltr'><strong>fuisse,</strong></span> <span class='ocrx_word' id='word_1_150' title='bbox 944 1138 1054 1176; x_wconf 85' lang='lat' dir='ltr'><strong>quam</strong></span> <span class='ocrx_word' id='word_1_151' title='bbox 1090 1128 1235 1176; x_wconf 84' lang='lat' dir='ltr'><strong>praeter</strong></span> <span class='ocrx_word' id='word_1_152' title='bbox 1270 1125 1446 1163; x_wconf 88' lang='lat' dir='ltr'><strong>meritum</strong></span> <span class='ocrx_word' id='word_1_153' title='bbox 1472 1129 1643 1163; x_wconf 83' lang='lat' dir='ltr'><strong>nostrum</strong></span> <span class='ocrx_word' id='word_1_154' title='bbox 1670 1125 1739 1163; x_wconf 90' lang='lat' dir='ltr'><strong>ob-</strong></span> 
     </span>
     <span class='ocr_line' id='line_1_17' title="bbox 214 1189 1740 1241; baseline 0.001 -15"><span class='ocrx_word' id='word_1_155' title='bbox 214 1192 408 1228; x_wconf 86' lang='lat' dir='ltr'><strong>venerunt.</strong></span> <span class='ocrx_word' id='word_1_156' title='bbox 462 1189 544 1226; x_wconf 89' lang='lat' dir='ltr'><strong>Iam</strong></span> <span class='ocrx_word' id='word_1_157' title='bbox 582 1193 621 1227; x_wconf 90' lang='lat' dir='ltr'><strong>ut</strong></span> <span class='ocrx_word' id='word_1_158' title='bbox 657 1189 701 1227; x_wconf 90' lang='lat' dir='ltr'><strong>de</strong></span> <span class='ocrx_word' id='word_1_159' title='bbox 736 1190 819 1227; x_wconf 88' lang='lat' dir='ltr'><strong>aliis</strong></span> <span class='ocrx_word' id='word_1_160' title='bbox 856 1202 1004 1241; x_wconf 89' lang='lat' dir='ltr'><strong>quoque</strong></span> <span class='ocrx_word' id='word_1_161' title='bbox 1039 1189 1171 1228; x_wconf 87' lang='lat' dir='ltr'><strong>dicam.</strong></span> <span class='ocrx_word' id='word_1_162' title='bbox 1225 1190 1315 1228; x_wconf 84' lang='lat' dir='ltr'><strong>Post</strong></span> <span class='ocrx_word' id='word_1_163' title='bbox 1344 1189 1529 1241; x_wconf 89' lang='lat' dir='ltr'><strong>dispulsos</strong></span> <span class='ocrx_word' id='word_1_164' title='bbox 1557 1203 1578 1227; x_wconf 88' lang='lat' dir='ltr'><strong>a</strong></span> <span class='ocrx_word' id='word_1_165' title='bbox 1606 1190 1740 1228; x_wconf 89' lang='lat' dir='ltr'><strong>Carolo</strong></span> 
     </span>
     <span class='ocr_line' id='line_1_18' title="bbox 215 1252 1741 1300; baseline 0.001 -10"><span class='ocrx_word' id='word_1_166' title='bbox 215 1252 371 1291; x_wconf 82' lang='lat' dir='ltr'><strong>Caesare</strong></span> <span class='ocrx_word' id='word_1_167' title='bbox 398 1253 438 1291; x_wconf 91' lang='lat' dir='ltr'><strong>in</strong></span> <span class='ocrx_word' id='word_1_168' title='bbox 467 1253 669 1291; x_wconf 80' lang='lat' dir='ltr'><strong>Germania</strong></span> <span class='ocrx_word' id='word_1_169' title='bbox 697 1253 936 1292; x_wconf 87' lang='lat' dir='ltr'><strong>Lutheranos</strong></span> <span class='ocrx_word' id='word_1_170' title='bbox 956 1254 1209 1292; x_wconf 86' lang='lat' dir='ltr'><strong>Ecclesiarum</strong></span> <span class='ocrx_word' id='word_1_171' title='bbox 1231 1254 1441 1300; x_wconf 78' lang='lat' dir='ltr'><strong>Ministros‚</strong></span> <span class='ocrx_word' id='word_1_172' title='bbox 1468 1254 1741 1292; x_wconf 88' lang='lat' dir='ltr'><strong>arcebanturne</strong></span> 
     </span>
     <span class='ocr_line' id='line_1_19' title="bbox 213 1318 1741 1369; baseline -0.001 -12"><span class='ocrx_word' id='word_1_173' title='bbox 213 1319 261 1357; x_wconf 87' lang='lat' dir='ltr'><strong>ab</strong></span> <span class='ocrx_word' id='word_1_174' title='bbox 299 1318 372 1356; x_wconf 88' lang='lat' dir='ltr'><strong>aris</strong></span> <span class='ocrx_word' id='word_1_175' title='bbox 409 1322 444 1356; x_wconf 89' lang='lat' dir='ltr'><strong>et</strong></span> <span class='ocrx_word' id='word_1_176' title='bbox 472 1319 566 1355; x_wconf 86' lang='lat' dir='ltr'><strong>focis</strong></span> <span class='ocrx_word' id='word_1_177' title='bbox 596 1318 815 1365; x_wconf 88' lang='lat' dir='ltr'><strong>Helveticis,</strong></span> <span class='ocrx_word' id='word_1_178' title='bbox 843 1319 908 1369; x_wconf 92' lang='lat' dir='ltr'><strong>qui</strong></span> <span class='ocrx_word' id='word_1_179' title='bbox 936 1332 974 1356; x_wconf 89' lang='lat' dir='ltr'><strong>se</strong></span> <span class='ocrx_word' id='word_1_180' title='bbox 1001 1318 1046 1355; x_wconf 85' lang='lat' dir='ltr'><strong>ad</strong></span> <span class='ocrx_word' id='word_1_181' title='bbox 1074 1318 1160 1356; x_wconf 92' lang='lat' dir='ltr'><strong>illos</strong></span> <span class='ocrx_word' id='word_1_182' title='bbox 1189 1318 1258 1356; x_wconf 87' lang='lat' dir='ltr'><strong>sub</strong></span> <span class='ocrx_word' id='word_1_183' title='bbox 1286 1318 1506 1367; x_wconf 84' lang='lat' dir='ltr'><strong>gravissima</strong></span> <span class='ocrx_word' id='word_1_184' title='bbox 1535 1331 1643 1356; x_wconf 85' lang='lat' dir='ltr'><strong>cruce</strong></span> <span class='ocrx_word' id='word_1_185' title='bbox 1676 1318 1741 1356; x_wconf 91' lang='lat' dir='ltr'><strong>illa</strong></span> 
     </span>
     <span class='ocr_line' id='line_1_20' title="bbox 215 1381 1742 1432; baseline 0 -13"><span class='ocrx_word' id='word_1_186' title='bbox 215 1381 483 1420; x_wconf 82' lang='lat' dir='ltr'><strong>conferebant?</strong></span> <span class='ocrx_word' id='word_1_187' title='bbox 523 1382 718 1430; x_wconf 77' lang='lat' dir='ltr'><strong>Rogentur</strong></span> <span class='ocrx_word' id='word_1_188' title='bbox 745 1381 800 1418; x_wconf 90' lang='lat' dir='ltr'><strong>illi</strong></span> <span class='ocrx_word' id='word_1_189' title='bbox 822 1381 893 1432; x_wconf 88' lang='lat' dir='ltr'><strong>ipsi</strong></span> <span class='ocrx_word' id='word_1_190' title='bbox 921 1385 957 1419; x_wconf 92' lang='lat' dir='ltr'><strong>et</strong></span> <span class='ocrx_word' id='word_1_191' title='bbox 983 1385 1060 1419; x_wconf 88' lang='lat' dir='ltr'><strong>tum</strong></span> <span class='ocrx_word' id='word_1_192' title='bbox 1090 1381 1199 1419; x_wconf 88' lang='lat' dir='ltr'><strong>facile</strong></span> <span class='ocrx_word' id='word_1_193' title='bbox 1226 1381 1362 1426; x_wconf 84' lang='lat' dir='ltr'><strong>Hosio,</strong></span> <span class='ocrx_word' id='word_1_194' title='bbox 1381 1395 1440 1419; x_wconf 89' lang='lat' dir='ltr'><strong>me</strong></span> <span class='ocrx_word' id='word_1_195' title='bbox 1454 1381 1567 1420; x_wconf 87' lang='lat' dir='ltr'><strong>etiam</strong></span> <span class='ocrx_word' id='word_1_196' title='bbox 1583 1385 1742 1427; x_wconf 86' lang='lat' dir='ltr'><strong>tacente,</strong></span> 
     </span>
     <span class='ocr_line' id='line_1_21' title="bbox 213 1445 1741 1497; baseline 0 -13"><span class='ocrx_word' id='word_1_197' title='bbox 213 1445 505 1497; x_wconf 85' lang='lat' dir='ltr'><strong>respondebunt.</strong></span> <span class='ocrx_word' id='word_1_198' title='bbox 542 1445 735 1483; x_wconf 90' lang='lat' dir='ltr'><strong>Postremo</strong></span> <span class='ocrx_word' id='word_1_199' title='bbox 765 1445 796 1483; x_wconf 92' lang='lat' dir='ltr'><strong>si</strong></span> <span class='ocrx_word' id='word_1_200' title='bbox 824 1446 953 1483; x_wconf 90' lang='lat' dir='ltr'><strong>eodem</strong></span> <span class='ocrx_word' id='word_1_201' title='bbox 980 1447 1089 1497; x_wconf 90' lang='lat' dir='ltr'><strong>plane</strong></span> <span class='ocrx_word' id='word_1_202' title='bbox 1113 1446 1197 1483; x_wconf 90' lang='lat' dir='ltr'><strong>loco</strong></span> <span class='ocrx_word' id='word_1_203' title='bbox 1218 1459 1238 1483; x_wconf 89' lang='lat' dir='ltr'><strong>a</strong></span> <span class='ocrx_word' id='word_1_204' title='bbox 1257 1446 1367 1483; x_wconf 89' lang='lat' dir='ltr'><strong>nobis</strong></span> <span class='ocrx_word' id='word_1_205' title='bbox 1386 1446 1594 1484; x_wconf 87' lang='lat' dir='ltr'><strong>Lutherani</strong></span> <span class='ocrx_word' id='word_1_206' title='bbox 1612 1459 1741 1484; x_wconf 89' lang='lat' dir='ltr'><strong>omnes</strong></span> 
     </span>
     <span class='ocr_line' id='line_1_22' title="bbox 214 1509 1742 1560; baseline -0.001 -12"><span class='ocrx_word' id='word_1_207' title='bbox 214 1510 452 1556; x_wconf 84' lang='lat' dir='ltr'><strong>haberentur,</strong></span> <span class='ocrx_word' id='word_1_208' title='bbox 488 1522 562 1560; x_wconf 91' lang='lat' dir='ltr'><strong>quo</strong></span> <span class='ocrx_word' id='word_1_209' title='bbox 591 1522 661 1547; x_wconf 89' lang='lat' dir='ltr'><strong>nos</strong></span> <span class='ocrx_word' id='word_1_210' title='bbox 688 1510 772 1546; x_wconf 89' lang='lat' dir='ltr'><strong>loeo</strong></span> <span class='ocrx_word' id='word_1_211' title='bbox 801 1510 899 1560; x_wconf 88' lang='lat' dir='ltr'><strong>apud</strong></span> <span class='ocrx_word' id='word_1_212' title='bbox 926 1510 1012 1547; x_wconf 90' lang='lat' dir='ltr'><strong>illos</strong></span> <span class='ocrx_word' id='word_1_213' title='bbox 1042 1523 1171 1547; x_wconf 89' lang='lat' dir='ltr'><strong>omnes</strong></span> <span class='ocrx_word' id='word_1_214' title='bbox 1204 1523 1284 1548; x_wconf 90' lang='lat' dir='ltr'><strong>esse</strong></span> <span class='ocrx_word' id='word_1_215' title='bbox 1312 1509 1454 1548; x_wconf 85' lang='lat' dir='ltr'><strong>Hosius</strong></span> <span class='ocrx_word' id='word_1_216' title='bbox 1482 1511 1650 1556; x_wconf 84' lang='lat' dir='ltr'><strong>affirmat,</strong></span> <span class='ocrx_word' id='word_1_217' title='bbox 1678 1522 1742 1548; x_wconf 90' lang='lat' dir='ltr'><strong>cur</strong></span> 
     </span>
     <span class='ocr_line' id='line_1_23' title="bbox 214 1574 1741 1626; baseline -0.001 -13"><span class='ocrx_word' id='word_1_218' title='bbox 214 1575 272 1613; x_wconf 86' lang='lat' dir='ltr'><strong>vel</strong></span> <span class='ocrx_word' id='word_1_219' title='bbox 308 1587 378 1624; x_wconf 82' lang='lat' dir='ltr'><strong>ego</strong></span> <span class='ocrx_word' id='word_1_220' title='bbox 405 1576 515 1623; x_wconf 82' lang='lat'>(116)</span> <span class='ocrx_word' id='word_1_221' title='bbox 542 1574 582 1611; x_wconf 90' lang='lat' dir='ltr'><strong>in</strong></span> <span class='ocrx_word' id='word_1_222' title='bbox 611 1587 691 1612; x_wconf 89' lang='lat' dir='ltr'><strong>meo</strong></span> <span class='ocrx_word' id='word_1_223' title='bbox 720 1574 794 1612; x_wconf 89' lang='lat' dir='ltr'><strong>huc</strong></span> <span class='ocrx_word' id='word_1_224' title='bbox 821 1574 943 1612; x_wconf 89' lang='lat' dir='ltr'><strong>reditu</strong></span> <span class='ocrx_word' id='word_1_225' title='bbox 970 1574 1225 1624; x_wconf 78' lang='lat' dir='ltr'><strong>Witebergam</strong></span> <span class='ocrx_word' id='word_1_226' title='bbox 1253 1574 1466 1626; x_wconf 87' lang='lat' dir='ltr'><strong>(obliquato</strong></span> <span class='ocrx_word' id='word_1_227' title='bbox 1495 1588 1583 1613; x_wconf 88' lang='lat' dir='ltr'><strong>sane</strong></span> <span class='ocrx_word' id='word_1_228' title='bbox 1609 1575 1741 1612; x_wconf 88' lang='lat' dir='ltr'><strong>itinere</strong></span> 
     </span>
     <span class='ocr_line' id='line_1_24' title="bbox 214 1639 1742 1690; baseline -0.001 -12"><span class='ocrx_word' id='word_1_229' title='bbox 214 1641 315 1688; x_wconf 90' lang='lat' dir='ltr'><strong>meo)</strong></span> <span class='ocrx_word' id='word_1_230' title='bbox 350 1639 398 1677; x_wconf 90' lang='lat' dir='ltr'><strong>ad</strong></span> <span class='ocrx_word' id='word_1_231' title='bbox 433 1639 670 1677; x_wconf 85' lang='lat' dir='ltr'><strong>Lutheranos</strong></span> <span class='ocrx_word' id='word_1_232' title='bbox 708 1639 854 1685; x_wconf 88' lang='lat' dir='ltr'><strong>diverti,</strong></span> <span class='ocrx_word' id='word_1_233' title='bbox 892 1639 950 1677; x_wconf 90' lang='lat' dir='ltr'><strong>vel</strong></span> <span class='ocrx_word' id='word_1_234' title='bbox 985 1639 1040 1676; x_wconf 88' lang='lat' dir='ltr'><strong>illi</strong></span> <span class='ocrx_word' id='word_1_235' title='bbox 1077 1652 1135 1677; x_wconf 88' lang='lat' dir='ltr'><strong>me</strong></span> <span class='ocrx_word' id='word_1_236' title='bbox 1169 1639 1280 1677; x_wconf 89' lang='lat' dir='ltr'><strong>etiam</strong></span> <span class='ocrx_word' id='word_1_237' title='bbox 1316 1652 1391 1677; x_wconf 92' lang='lat' dir='ltr'><strong>non</strong></span> <span class='ocrx_word' id='word_1_238' title='bbox 1429 1639 1603 1690; x_wconf 84' lang='lat' dir='ltr'><strong>privatim</strong></span> <span class='ocrx_word' id='word_1_239' title='bbox 1630 1639 1742 1677; x_wconf 88' lang='lat' dir='ltr'><strong>modo</strong></span> 
     </span>
     <span class='ocr_line' id='line_1_25' title="bbox 216 1704 1747 1756; baseline -0.001 -13"><span class='ocrx_word' id='word_1_240' title='bbox 216 1705 280 1743; x_wconf 86' lang='lat' dir='ltr'><strong>sed</strong></span> <span class='ocrx_word' id='word_1_241' title='bbox 319 1705 468 1756; x_wconf 87' lang='lat' dir='ltr'><strong>publice</strong></span> <span class='ocrx_word' id='word_1_242' title='bbox 504 1717 654 1755; x_wconf 90' lang='lat' dir='ltr'><strong>quoque</strong></span> <span class='ocrx_word' id='word_1_243' title='bbox 689 1704 842 1742; x_wconf 86' lang='lat' dir='ltr'><strong>inclitae</strong></span> <span class='ocrx_word' id='word_1_244' title='bbox 868 1704 1093 1742; x_wconf 83' lang='lat' dir='ltr'><strong>Academiae</strong></span> <span class='ocrx_word' id='word_1_245' title='bbox 1122 1717 1208 1742; x_wconf 80' lang='lat' dir='ltr'><strong>suae</strong></span> <span class='ocrx_word' id='word_1_246' title='bbox 1235 1705 1387 1742; x_wconf 86' lang='lat' dir='ltr'><strong>nomine</strong></span> <span class='ocrx_word' id='word_1_247' title='bbox 1420 1709 1456 1742; x_wconf 90' lang='lat' dir='ltr'><strong>et</strong></span> <span class='ocrx_word' id='word_1_248' title='bbox 1484 1705 1632 1755; x_wconf 89' lang='lat' dir='ltr'><strong>quidem</strong></span> <span class='ocrx_word' id='word_1_249' title='bbox 1659 1718 1747 1756; x_wconf 86' lang='lat' dir='ltr'><strong>per-</strong></span> 
     </span>
     <span class='ocr_line' id='line_1_26' title="bbox 215 1768 1743 1820; baseline 0 -13"><span class='ocrx_word' id='word_1_250' title='bbox 215 1774 384 1807; x_wconf 85' lang='lat' dir='ltr'><strong>amanter</strong></span> <span class='ocrx_word' id='word_1_251' title='bbox 410 1774 520 1820; x_wconf 84' lang='lat' dir='ltr'><strong>atque</strong></span> <span class='ocrx_word' id='word_1_252' title='bbox 549 1769 754 1806; x_wconf 84' lang='lat' dir='ltr'><strong>honorifice</strong></span> <span class='ocrx_word' id='word_1_253' title='bbox 782 1773 1018 1819; x_wconf 78' lang='lat' dir='ltr'><strong>exceperunt.</strong></span> <span class='ocrx_word' id='word_1_254' title='bbox 1073 1768 1160 1806; x_wconf 89' lang='lat' dir='ltr'><strong>Hoc</strong></span> <span class='ocrx_word' id='word_1_255' title='bbox 1187 1773 1242 1806; x_wconf 90' lang='lat' dir='ltr'><strong>cst</strong></span> <span class='ocrx_word' id='word_1_256' title='bbox 1270 1769 1392 1806; x_wconf 86' lang='lat' dir='ltr'><strong>Hosio</strong></span> <span class='ocrx_word' id='word_1_257' title='bbox 1422 1769 1563 1807; x_wconf 87' lang='lat' dir='ltr'><strong>scilicet</strong></span> <span class='ocrx_word' id='word_1_258' title='bbox 1589 1769 1743 1820; x_wconf 86' lang='lat' dir='ltr'><strong>paribus</strong></span> 
     </span>
     <span class='ocr_line' id='line_1_27' title="bbox 215 1833 1744 1884; baseline -0.001 -12"><span class='ocrx_word' id='word_1_259' title='bbox 215 1847 284 1872; x_wconf 87' lang='lat' dir='ltr'><strong>nos</strong></span> <span class='ocrx_word' id='word_1_260' title='bbox 315 1838 492 1884; x_wconf 87' lang='lat' dir='ltr'><strong>utrosque</strong></span> <span class='ocrx_word' id='word_1_261' title='bbox 519 1833 679 1871; x_wconf 89' lang='lat' dir='ltr'><strong>invicem</strong></span> <span class='ocrx_word' id='word_1_262' title='bbox 708 1833 804 1870; x_wconf 89' lang='lat' dir='ltr'><strong>odiis</strong></span> <span class='ocrx_word' id='word_1_263' title='bbox 832 1833 1015 1879; x_wconf 86' lang='lat' dir='ltr'><strong>laborare,</strong></span> <span class='ocrx_word' id='word_1_264' title='bbox 1042 1837 1083 1870; x_wconf 87' lang='lat' dir='ltr'><strong>ut</strong></span> <span class='ocrx_word' id='word_1_265' title='bbox 1111 1846 1180 1871; x_wconf 86' lang='lat' dir='ltr'><strong>nos</strong></span> <span class='ocrx_word' id='word_1_266' title='bbox 1207 1833 1385 1884; x_wconf 90' lang='lat' dir='ltr'><strong>utrinque</strong></span> <span class='ocrx_word' id='word_1_267' title='bbox 1413 1834 1459 1871; x_wconf 90' lang='lat' dir='ltr'><strong>ab</strong></span> <span class='ocrx_word' id='word_1_268' title='bbox 1488 1834 1561 1871; x_wconf 87' lang='lat' dir='ltr'><strong>aris</strong></span> <span class='ocrx_word' id='word_1_269' title='bbox 1588 1847 1630 1871; x_wconf 88' lang='lat' dir='ltr'><strong>ae</strong></span> <span class='ocrx_word' id='word_1_270' title='bbox 1649 1834 1744 1871; x_wconf 86' lang='lat' dir='ltr'><strong>focis</strong></span> 
     </span>
     <span class='ocr_line' id='line_1_28' title="bbox 215 1898 1745 1949; baseline 0 -13"><span class='ocrx_word' id='word_1_271' title='bbox 215 1899 356 1937; x_wconf 88' lang='lat' dir='ltr'><strong>nostris</strong></span> <span class='ocrx_word' id='word_1_272' title='bbox 391 1911 595 1936; x_wconf 83' lang='lat' dir='ltr'><strong>arceamus.</strong></span> <span class='ocrx_word' id='word_1_273' title='bbox 649 1898 694 1936; x_wconf 89' lang='lat' dir='ltr'><strong>Id</strong></span> <span class='ocrx_word' id='word_1_274' title='bbox 733 1898 881 1949; x_wconf 90' lang='lat' dir='ltr'><strong>quidem</strong></span> <span class='ocrx_word' id='word_1_275' title='bbox 918 1898 997 1948; x_wconf 81' lang='lat' dir='ltr'><strong>agit</strong></span> <span class='ocrx_word' id='word_1_276' title='bbox 1031 1898 1174 1935; x_wconf 84' lang='lat' dir='ltr'><strong>Hosius</strong></span> <span class='ocrx_word' id='word_1_277' title='bbox 1211 1898 1413 1936; x_wconf 84' lang='lat' dir='ltr'><strong>rhetorices</strong></span> <span class='ocrx_word' id='word_1_278' title='bbox 1450 1912 1537 1937; x_wconf 86' lang='lat' dir='ltr'><strong>suae</strong></span> <span class='ocrx_word' id='word_1_279' title='bbox 1572 1899 1745 1945; x_wconf 85' lang='lat' dir='ltr'><strong>artificio,</strong></span> 
     </span>
     <span class='ocr_line' id='line_1_29' title="bbox 216 1963 1744 2015; baseline 0 -14"><span class='ocrx_word' id='word_1_280' title='bbox 216 1964 325 2014; x_wconf 84' lang='lat' dir='ltr'><strong>quasi</strong></span> <span class='ocrx_word' id='word_1_281' title='bbox 361 1964 470 2001; x_wconf 88' lang='lat' dir='ltr'><strong>fucus</strong></span> <span class='ocrx_word' id='word_1_282' title='bbox 506 1963 609 2001; x_wconf 88' lang='lat' dir='ltr'><strong>illius</strong></span> <span class='ocrx_word' id='word_1_283' title='bbox 645 1963 918 2015; x_wconf 88' lang='lat' dir='ltr'><strong>impudensque</strong></span> <span class='ocrx_word' id='word_1_284' title='bbox 957 1963 1213 2001; x_wconf 85' lang='lat' dir='ltr'><strong>calumniandi</strong></span> <span class='ocrx_word' id='word_1_285' title='bbox 1248 1967 1377 2001; x_wconf 85' lang='lat' dir='ltr'><strong>nostra</strong></span> <span class='ocrx_word' id='word_1_286' title='bbox 1416 1964 1541 2002; x_wconf 86' lang='lat' dir='ltr'><strong>omnia</strong></span> <span class='ocrx_word' id='word_1_287' title='bbox 1575 1964 1695 2002; x_wconf 90' lang='lat' dir='ltr'><strong>libido</strong></span> <span class='ocrx_word' id='word_1_288' title='bbox 1723 1977 1744 2001; x_wconf 89' lang='lat' dir='ltr'><strong>a</strong></span> 
     </span>
     <span class='ocr_line' id='line_1_30' title="bbox 214 2027 1745 2079; baseline 0.001 -15"><span class='ocrx_word' id='word_1_289' title='bbox 214 2027 287 2079; x_wconf 90' lang='lat' dir='ltr'><strong>piis</strong></span> <span class='ocrx_word' id='word_1_290' title='bbox 324 2027 504 2076; x_wconf 83' lang='lat' dir='ltr'><strong>gravibus</strong></span> <span class='ocrx_word' id='word_1_291' title='bbox 541 2031 577 2065; x_wconf 89' lang='lat' dir='ltr'><strong>et</strong></span> <span class='ocrx_word' id='word_1_292' title='bbox 606 2027 768 2065; x_wconf 87' lang='lat' dir='ltr'><strong>cordatis</strong></span> <span class='ocrx_word' id='word_1_293' title='bbox 795 2028 885 2065; x_wconf 89' lang='lat' dir='ltr'><strong>viris</strong></span> <span class='ocrx_word' id='word_1_294' title='bbox 914 2028 1070 2077; x_wconf 83' lang='lat' dir='ltr'><strong>agnosci</strong></span> <span class='ocrx_word' id='word_1_295' title='bbox 1098 2027 1159 2065; x_wconf 89' lang='lat' dir='ltr'><strong>hic</strong></span> <span class='ocrx_word' id='word_1_296' title='bbox 1185 2040 1264 2066; x_wconf 89' lang='lat' dir='ltr'><strong>non</strong></span> <span class='ocrx_word' id='word_1_297' title='bbox 1290 2027 1423 2079; x_wconf 89' lang='lat' dir='ltr'><strong>possit.</strong></span> <span class='ocrx_word' id='word_1_298' title='bbox 1491 2028 1594 2066; x_wconf 88' lang='lat' dir='ltr'><strong>Duas</strong></span> <span class='ocrx_word' id='word_1_299' title='bbox 1622 2032 1745 2066; x_wconf 87' lang='lat' dir='ltr'><strong>autem</strong></span> 
     </span>
     <span class='ocr_line' id='line_1_31' title="bbox 217 2091 1745 2143; baseline 0 -14"><span class='ocrx_word' id='word_1_300' title='bbox 217 2104 348 2129; x_wconf 84' lang='lat' dir='ltr'><strong>causas</strong></span> <span class='ocrx_word' id='word_1_301' title='bbox 385 2091 603 2143; x_wconf 84' lang='lat' dir='ltr'><strong>praecipuas</strong></span> <span class='ocrx_word' id='word_1_302' title='bbox 631 2091 753 2129; x_wconf 83' lang='lat' dir='ltr'><strong>adfert</strong></span> <span class='ocrx_word' id='word_1_303' title='bbox 785 2092 906 2129; x_wconf 86' lang='lat' dir='ltr'><strong>nostri</strong></span> <span class='ocrx_word' id='word_1_304' title='bbox 944 2092 1053 2130; x_wconf 86' lang='lat' dir='ltr'><strong>huius</strong></span> <span class='ocrx_word' id='word_1_305' title='bbox 1089 2092 1185 2130; x_wconf 88' lang='lat' dir='ltr'><strong>tanti</strong></span> <span class='ocrx_word' id='word_1_306' title='bbox 1220 2092 1317 2130; x_wconf 88' lang='lat' dir='ltr'><strong>inter</strong></span> <span class='ocrx_word' id='word_1_307' title='bbox 1353 2105 1422 2130; x_wconf 87' lang='lat' dir='ltr'><strong>nos</strong></span> <span class='ocrx_word' id='word_1_308' title='bbox 1458 2092 1546 2138; x_wconf 87' lang='lat' dir='ltr'><strong>odii,</strong></span> <span class='ocrx_word' id='word_1_309' title='bbox 1580 2092 1745 2137; x_wconf 89' lang='lat' dir='ltr'><strong>alteram,</strong></span> 
     </span>
     <span class='ocr_line' id='line_1_32' title="bbox 218 2156 1744 2208; baseline 0.001 -14"><span class='ocrx_word' id='word_1_310' title='bbox 218 2156 461 2194; x_wconf 84' lang='lat' dir='ltr'><strong>coniunctam</strong></span> <span class='ocrx_word' id='word_1_311' title='bbox 499 2169 582 2194; x_wconf 90' lang='lat' dir='ltr'><strong>cum</strong></span> <span class='ocrx_word' id='word_1_312' title='bbox 611 2157 819 2195; x_wconf 83' lang='lat' dir='ltr'><strong>invidentia</strong></span> <span class='ocrx_word' id='word_1_313' title='bbox 847 2156 1090 2195; x_wconf 87' lang='lat' dir='ltr'><strong>ambitionem</strong></span> <span class='ocrx_word' id='word_1_314' title='bbox 1128 2157 1328 2208; x_wconf 89' lang='lat' dir='ltr'><strong>quandam,</strong></span> <span class='ocrx_word' id='word_1_315' title='bbox 1362 2158 1513 2195; x_wconf 84' lang='lat' dir='ltr'><strong>alteram</strong></span> <span class='ocrx_word' id='word_1_316' title='bbox 1548 2170 1648 2203; x_wconf 88' lang='lat' dir='ltr'><strong>vero,</strong></span> <span class='ocrx_word' id='word_1_317' title='bbox 1677 2158 1744 2195; x_wconf 87' lang='lat' dir='ltr'><strong>Sa-</strong></span> 
     </span>
     <span class='ocr_line' id='line_1_33' title="bbox 216 2221 1746 2273; baseline 0.001 -15"><span class='ocrx_word' id='word_1_318' title='bbox 216 2222 485 2260; x_wconf 84' lang='lat' dir='ltr'><strong>cramentariae</strong></span> <span class='ocrx_word' id='word_1_319' title='bbox 520 2221 758 2273; x_wconf 90' lang='lat' dir='ltr'><strong>potissimum</strong></span> <span class='ocrx_word' id='word_1_320' title='bbox 797 2235 929 2260; x_wconf 88' lang='lat' dir='ltr'><strong>causae</strong></span> <span class='ocrx_word' id='word_1_321' title='bbox 966 2222 1270 2260; x_wconf 86' lang='lat' dir='ltr'><strong>controversiam.</strong></span> <span class='ocrx_word' id='word_1_322' title='bbox 1335 2222 1443 2260; x_wconf 72' lang='lat' dir='ltr'><strong>Quae</strong></span> <span class='ocrx_word' id='word_1_323' title='bbox 1470 2222 1515 2260; x_wconf 91' lang='lat' dir='ltr'><strong>de</strong></span> <span class='ocrx_word' id='word_1_324' title='bbox 1541 2222 1746 2260; x_wconf 89' lang='lat' dir='ltr'><strong>ambitione</strong></span> 
     </span>
     <span class='ocr_line' id='line_1_34' title="bbox 214 2286 1746 2338; baseline 0.001 -14"><span class='ocrx_word' id='word_1_325' title='bbox 214 2290 250 2324; x_wconf 87' lang='lat' dir='ltr'><strong>et</strong></span> <span class='ocrx_word' id='word_1_326' title='bbox 286 2287 496 2325; x_wconf 85' lang='lat' dir='ltr'><strong>invidentia</strong></span> <span class='ocrx_word' id='word_1_327' title='bbox 531 2287 665 2334; x_wconf 86' lang='lat' dir='ltr'><strong>adfert,</strong></span> <span class='ocrx_word' id='word_1_328' title='bbox 701 2301 742 2324; x_wconf 89' lang='lat' dir='ltr'><strong>ea</strong></span> <span class='ocrx_word' id='word_1_329' title='bbox 777 2287 937 2325; x_wconf 77' lang='lat' dir='ltr'><strong>maxime</strong></span> <span class='ocrx_word' id='word_1_330' title='bbox 965 2287 1010 2324; x_wconf 89' lang='lat' dir='ltr'><strong>ad</strong></span> <span class='ocrx_word' id='word_1_331' title='bbox 1038 2286 1248 2325; x_wconf 85' lang='lat' dir='ltr'><strong>Lutherum</strong></span> <span class='ocrx_word' id='word_1_332' title='bbox 1275 2290 1310 2325; x_wconf 90' lang='lat' dir='ltr'><strong>et</strong></span> <span class='ocrx_word' id='word_1_333' title='bbox 1339 2288 1534 2325; x_wconf 78' lang='lat' dir='ltr'><strong>Calvinum</strong></span> <span class='ocrx_word' id='word_1_334' title='bbox 1563 2287 1746 2338; x_wconf 85' lang='lat' dir='ltr'><strong>pertinere</strong></span> 
     </span>
     <span class='ocr_line' id='line_1_35' title="bbox 213 2351 1744 2403; baseline -0.001 -13"><span class='ocrx_word' id='word_1_335' title='bbox 213 2351 400 2399; x_wconf 89' lang='lat' dir='ltr'><strong>videntur,</strong></span> <span class='ocrx_word' id='word_1_336' title='bbox 444 2352 542 2403; x_wconf 88' lang='lat' dir='ltr'><strong>quod</strong></span> <span class='ocrx_word' id='word_1_337' title='bbox 581 2353 673 2390; x_wconf 87' lang='lat' dir='ltr'><strong>alter</strong></span> <span class='ocrx_word' id='word_1_338' title='bbox 711 2352 784 2390; x_wconf 88' lang='lat' dir='ltr'><strong>sibi</strong></span> <span class='ocrx_word' id='word_1_339' title='bbox 818 2366 956 2403; x_wconf 88' lang='lat' dir='ltr'><strong>parem,</strong></span> <span class='ocrx_word' id='word_1_340' title='bbox 993 2353 1085 2390; x_wconf 85' lang='lat' dir='ltr'><strong>alter</strong></span> <span class='ocrx_word' id='word_1_341' title='bbox 1123 2366 1210 2391; x_wconf 89' lang='lat' dir='ltr'><strong>vero</strong></span> <span class='ocrx_word' id='word_1_342' title='bbox 1249 2366 1285 2391; x_wconf 87' lang='lat' dir='ltr'><strong>se</strong></span> <span class='ocrx_word' id='word_1_343' title='bbox 1321 2353 1502 2390; x_wconf 87' lang='lat' dir='ltr'><strong>maiorem</strong></span> <span class='ocrx_word' id='word_1_344' title='bbox 1537 2353 1633 2390; x_wconf 89' lang='lat' dir='ltr'><strong>ferre</strong></span> <span class='ocrx_word' id='word_1_345' title='bbox 1667 2364 1744 2390; x_wconf 91' lang='lat' dir='ltr'><strong>non</strong></span> 
     </span>
     <span class='ocr_line' id='line_1_36' title="bbox 213 2417 1746 2468; baseline 0 -14"><span class='ocrx_word' id='word_1_346' title='bbox 213 2421 351 2467; x_wconf 89' lang='lat' dir='ltr'><strong>posset,</strong></span> <span class='ocrx_word' id='word_1_347' title='bbox 378 2417 696 2468; x_wconf 87' lang='lat' dir='ltr'><strong>quemadmodum</strong></span> <span class='ocrx_word' id='word_1_348' title='bbox 724 2417 769 2455; x_wconf 92' lang='lat' dir='ltr'><strong>de</strong></span> <span class='ocrx_word' id='word_1_349' title='bbox 795 2417 973 2468; x_wconf 86' lang='lat' dir='ltr'><strong>Pompeio</strong></span> <span class='ocrx_word' id='word_1_350' title='bbox 1002 2422 1037 2455; x_wconf 88' lang='lat' dir='ltr'><strong>et</strong></span> <span class='ocrx_word' id='word_1_351' title='bbox 1059 2418 1214 2455; x_wconf 83' lang='lat' dir='ltr'><strong>Caesare</strong></span> <span class='ocrx_word' id='word_1_352' title='bbox 1229 2417 1405 2455; x_wconf 89' lang='lat' dir='ltr'><strong>Lucanus</strong></span> <span class='ocrx_word' id='word_1_353' title='bbox 1425 2418 1746 2466; x_wconf 82' lang='lat' dir='ltr'><strong>elegan—(ll7)ter</strong></span> 
     </span>
     <span class='ocr_line' id='line_1_37' title="bbox 215 2481 1746 2532; baseline 0.001 -14"><span class='ocrx_word' id='word_1_354' title='bbox 215 2481 358 2519; x_wconf 87' lang='lat' dir='ltr'><strong>scribit.</strong></span> <span class='ocrx_word' id='word_1_355' title='bbox 422 2481 488 2519; x_wconf 90' lang='lat' dir='ltr'><strong>Ait</strong></span> <span class='ocrx_word' id='word_1_356' title='bbox 532 2482 650 2531; x_wconf 81' lang='lat' dir='ltr'><strong>igitur</strong></span> <span class='ocrx_word' id='word_1_357' title='bbox 696 2481 893 2520; x_wconf 87' lang='lat' dir='ltr'><strong>Calvinum</strong></span> <span class='ocrx_word' id='word_1_358' title='bbox 937 2482 1104 2520; x_wconf 89' lang='lat' dir='ltr'><strong>invidere</strong></span> <span class='ocrx_word' id='word_1_359' title='bbox 1153 2481 1320 2520; x_wconf 84' lang='lat' dir='ltr'><strong>Luthero</strong></span> <span class='ocrx_word' id='word_1_360' title='bbox 1358 2482 1516 2520; x_wconf 84' lang='lat' dir='ltr'><strong>Joannis</strong></span> <span class='ocrx_word' id='word_1_361' title='bbox 1553 2481 1746 2532; x_wconf 88' lang='lat' dir='ltr'><strong>Baptistae</strong></span> 
     </span>
     <span class='ocr_line' id='line_1_38' title="bbox 213 2545 1744 2596; baseline -0.001 -13"><span class='ocrx_word' id='word_1_362' title='bbox 213 2545 378 2591; x_wconf 86' lang='lat' dir='ltr'><strong>exuvias,</strong></span> <span class='ocrx_word' id='word_1_363' title='bbox 414 2546 486 2583; x_wconf 91' lang='lat' dir='ltr'><strong>hoc</strong></span> <span class='ocrx_word' id='word_1_364' title='bbox 522 2551 590 2591; x_wconf 88' lang='lat' dir='ltr'><strong>est,</strong></span> <span class='ocrx_word' id='word_1_365' title='bbox 627 2546 717 2584; x_wconf 87' lang='lat' dir='ltr'><strong>novi</strong></span> <span class='ocrx_word' id='word_1_366' title='bbox 753 2550 884 2584; x_wconf 79' lang='lat' dir='ltr'><strong>nostro</strong></span> <span class='ocrx_word' id='word_1_367' title='bbox 922 2546 995 2584; x_wconf 88' lang='lat' dir='ltr'><strong>hoc</strong></span> <span class='ocrx_word' id='word_1_368' title='bbox 1030 2547 1155 2584; x_wconf 87' lang='lat' dir='ltr'><strong>seculo</strong></span> <span class='ocrx_word' id='word_1_369' title='bbox 1194 2546 1328 2585; x_wconf 86' lang='lat' dir='ltr'><strong>Heliae</strong></span> <span class='ocrx_word' id='word_1_370' title='bbox 1363 2546 1528 2590; x_wconf 86' lang='lat' dir='ltr'><strong>titulum,</strong></span> <span class='ocrx_word' id='word_1_371' title='bbox 1572 2545 1744 2596; x_wconf 88' lang='lat' dir='ltr'><strong>quando-</strong></span> 
     </span>
     <span class='ocr_line' id='line_1_39' title="bbox 213 2610 1745 2662; baseline -0.001 -14"><span class='ocrx_word' id='word_1_372' title='bbox 213 2610 363 2662; x_wconf 89' lang='lat' dir='ltr'><strong>quidem</strong></span> <span class='ocrx_word' id='word_1_373' title='bbox 401 2611 435 2648; x_wconf 88' lang='lat' dir='ltr'><strong>ei</strong></span> <span class='ocrx_word' id='word_1_374' title='bbox 469 2625 534 2662; x_wconf 88' lang='lat' dir='ltr'><strong>par</strong></span> <span class='ocrx_word' id='word_1_375' title='bbox 571 2615 634 2649; x_wconf 86' lang='lat' dir='ltr'><strong>aut</strong></span> <span class='ocrx_word' id='word_1_376' title='bbox 667 2611 748 2662; x_wconf 89' lang='lat' dir='ltr'><strong>ipso</strong></span> <span class='ocrx_word' id='word_1_377' title='bbox 787 2611 906 2649; x_wconf 89' lang='lat' dir='ltr'><strong>maior</strong></span> <span class='ocrx_word' id='word_1_378' title='bbox 948 2611 1058 2649; x_wconf 90' lang='lat' dir='ltr'><strong>etiam</strong></span> <span class='ocrx_word' id='word_1_379' title='bbox 1096 2612 1226 2649; x_wconf 86' lang='lat' dir='ltr'><strong>haberi</strong></span> <span class='ocrx_word' id='word_1_380' title='bbox 1263 2612 1363 2650; x_wconf 87' lang='lat' dir='ltr'><strong>velit.</strong></span> <span class='ocrx_word' id='word_1_381' title='bbox 1419 2611 1613 2648; x_wconf 87' lang='lat' dir='ltr'><strong>Caeterum</strong></span> <span class='ocrx_word' id='word_1_382' title='bbox 1651 2610 1682 2648; x_wconf 86' lang='lat' dir='ltr'><strong>si</strong></span> <span class='ocrx_word' id='word_1_383' title='bbox 1709 2614 1745 2647; x_wconf 91' lang='lat' dir='ltr'><strong>et</strong></span> 
     </span>
     <span class='ocr_line' id='line_1_40' title="bbox 213 2675 1744 2727; baseline -0.001 -13"><span class='ocrx_word' id='word_1_384' title='bbox 213 2688 258 2714; x_wconf 86' lang='lat' dir='ltr'><strong>ex</strong></span> <span class='ocrx_word' id='word_1_385' title='bbox 286 2675 396 2714; x_wconf 86' lang='lat' dir='ltr'><strong>editis</strong></span> <span class='ocrx_word' id='word_1_386' title='bbox 425 2676 616 2727; x_wconf 85' lang='lat' dir='ltr'><strong>utriusque</strong></span> <span class='ocrx_word' id='word_1_387' title='bbox 643 2676 750 2714; x_wconf 86' lang='lat' dir='ltr'><strong>libris</strong></span> <span class='ocrx_word' id='word_1_388' title='bbox 787 2681 822 2714; x_wconf 89' lang='lat' dir='ltr'><strong>et</strong></span> <span class='ocrx_word' id='word_1_389' title='bbox 858 2676 1108 2715; x_wconf 84' lang='lat' dir='ltr'><strong>familiaribus</strong></span> <span class='ocrx_word' id='word_1_390' title='bbox 1144 2676 1230 2715; x_wconf 87' lang='lat' dir='ltr'><strong>item</strong></span> <span class='ocrx_word' id='word_1_391' title='bbox 1261 2675 1409 2727; x_wconf 86' lang='lat' dir='ltr'><strong>seriptis</strong></span> <span class='ocrx_word' id='word_1_392' title='bbox 1437 2688 1550 2713; x_wconf 89' lang='lat' dir='ltr'><strong>manu</strong></span> <span class='ocrx_word' id='word_1_393' title='bbox 1577 2675 1744 2726; x_wconf 85' lang='lat' dir='ltr'><strong>ipsorum</strong></span> 
     </span>
     <span class='ocr_line' id='line_1_41' title="bbox 214 2739 1744 2793; baseline 0.001 -16"><span class='ocrx_word' id='word_1_394' title='bbox 214 2741 261 2778; x_wconf 87' lang='lat' dir='ltr'><strong>ad</strong></span> <span class='ocrx_word' id='word_1_395' title='bbox 298 2739 437 2778; x_wconf 88' lang='lat' dir='ltr'><strong>amicos</strong></span> <span class='ocrx_word' id='word_1_396' title='bbox 473 2740 654 2791; x_wconf 86' lang='lat' dir='ltr'><strong>Epistolis</strong></span> <span class='ocrx_word' id='word_1_397' title='bbox 698 2742 885 2788; x_wconf 88' lang='lat' dir='ltr'><strong>doceatur,</strong></span> <span class='ocrx_word' id='word_1_398' title='bbox 920 2746 1199 2793; x_wconf 87' lang='lat' dir='ltr'><strong>praeposterum</strong></span> <span class='ocrx_word' id='word_1_399' title='bbox 1238 2742 1310 2779; x_wconf 89' lang='lat' dir='ltr'><strong>hoe</strong></span> <span class='ocrx_word' id='word_1_400' title='bbox 1342 2741 1464 2779; x_wconf 82' lang='lat' dir='ltr'><strong>laudis</strong></span> <span class='ocrx_word' id='word_1_401' title='bbox 1504 2755 1623 2791; x_wconf 83' lang='lat' dir='ltr'><strong>genus</strong></span> <span class='ocrx_word' id='word_1_402' title='bbox 1669 2745 1744 2780; x_wconf 88' lang='lat' dir='ltr'><strong>tam</strong></span> 
     </span>
     <span class='ocr_line' id='line_1_42' title="bbox 212 2804 1745 2858; baseline 0.001 -16"><span class='ocrx_word' id='word_1_403' title='bbox 212 2804 286 2856; x_wconf 90' lang='lat' dir='ltr'><strong>ipsi</strong></span> <span class='ocrx_word' id='word_1_404' title='bbox 313 2804 491 2851; x_wconf 87' lang='lat' dir='ltr'><strong>Luthero,</strong></span> <span class='ocrx_word' id='word_1_405' title='bbox 519 2818 630 2856; x_wconf 90' lang='lat' dir='ltr'><strong>quam</strong></span> <span class='ocrx_word' id='word_1_406' title='bbox 658 2806 768 2844; x_wconf 85' lang='lat' dir='ltr'><strong>etiam</strong></span> <span class='ocrx_word' id='word_1_407' title='bbox 798 2807 955 2845; x_wconf 89' lang='lat' dir='ltr'><strong>Calvino</strong></span> <span class='ocrx_word' id='word_1_408' title='bbox 985 2820 1128 2858; x_wconf 88' lang='lat' dir='ltr'><strong>semper</strong></span> <span class='ocrx_word' id='word_1_409' title='bbox 1155 2806 1401 2858; x_wconf 87' lang='lat' dir='ltr'><strong>displicuisse,</strong></span> <span class='ocrx_word' id='word_1_410' title='bbox 1431 2819 1505 2857; x_wconf 92' lang='lat' dir='ltr'><strong>quo</strong></span> <span class='ocrx_word' id='word_1_411' title='bbox 1523 2806 1614 2858; x_wconf 90' lang='lat' dir='ltr'><strong>ipsis</strong></span> <span class='ocrx_word' id='word_1_412' title='bbox 1634 2819 1745 2857; x_wconf 85' lang='lat' dir='ltr'><strong>supra</strong></span> 
     </span>
     <span class='ocr_line' id='line_1_43' title="bbox 213 2870 1746 2923; baseline 0 -15"><span class='ocrx_word' id='word_1_413' title='bbox 213 2870 415 2923; x_wconf 78' lang='lat' dir='ltr'><strong>legitimam</strong></span> <span class='ocrx_word' id='word_1_414' title='bbox 460 2882 589 2907; x_wconf 84' lang='lat' dir='ltr'><strong>eorum</strong></span> <span class='ocrx_word' id='word_1_415' title='bbox 628 2871 858 2909; x_wconf 82' lang='lat' dir='ltr'><strong>vocationem</strong></span> <span class='ocrx_word' id='word_1_416' title='bbox 904 2871 1103 2909; x_wconf 85' lang='lat' dir='ltr'><strong>sublimius</strong></span> <span class='ocrx_word' id='word_1_417' title='bbox 1149 2871 1325 2922; x_wconf 88' lang='lat' dir='ltr'><strong>quiddam</strong></span> <span class='ocrx_word' id='word_1_418' title='bbox 1373 2871 1547 2908; x_wconf 88' lang='lat' dir='ltr'><strong>nonnulli</strong></span> <span class='ocrx_word' id='word_1_419' title='bbox 1582 2871 1746 2909; x_wconf 85' lang='lat' dir='ltr'><strong>tribuere</strong></span> 
     </span>
    </p>
   </div>
  </div>
 </body>
</html>
