1818 3178
647 131 696 157 DE
725 131 810 158 FUG.
843 132 991 158 PAPIST.
1022 131 1170 157 SACRIS.

196 231 255 270 Ne
268 231 382 281 igitur
400 231 441 269 in
459 231 625 269 animum
647 232 879 279 inducamus,

142 296 311 333 confiteri
356 308 437 340 nOS‚
483 295 584 345 quod
628 309 753 334 revera
798 310 876 335 non

141 372 400 408 agnoscamus,
435 372 553 410 neque
581 360 734 398 consilio
762 362 877 399 ratio-

141 423 200 461 nis
235 427 385 460 nostrae
413 423 469 460 vel
496 423 686 474 quidpiam
712 425 752 462 in
781 425 876 462 divi-

141 487 199 524 nis
235 487 455 532 tribuamus,
491 487 643 524 firmiter
669 490 767 538 apud
795 489 876 526 ani-

139 563 242 587 mum
287 555 458 588 nostrum
495 554 655 589 statuere
692 553 879 599 debemus,

140 627 208 651 nos
236 627 364 652 omnes
392 615 512 660 simul,
539 617 638 666 quod
659 617 704 653 ad
724 617 879 654 rationis

140 682 288 715 nostrae
340 679 548 724 consilium,
595 693 724 718 coecos
769 681 878 731 plane

138 755 230 788 esse,
257 747 366 793 atque
392 743 433 780 in
461 743 596 781 divinis
624 757 743 795 neque
763 744 875 781 intel-

138 807 253 856 ligere
277 820 396 858 neque
413 809 629 859 perspicere,
647 809 783 846 nedum
801 809 876 846 (lis-

140 884 288 909 cernere
304 872 507 923 quidquam
524 886 633 923 posse
644 889 653 919 3
674 873 748 910 nisi
768 873 878 910 nobis

140 936 324 974 Dominus
346 938 515 975 Christus
535 937 616 988 (qui
630 950 877 987 unumquem-

140 1014 210 1051 que
238 1001 426 1038 hominem
451 1001 633 1048 illustrat)
653 1001 787 1038 mentis
808 1014 877 1038 110-

140 1069 237 1103 strae
264 1065 392 1102 oculos
419 1066 459 1102 in
486 1065 599 1102 verbo
621 1077 686 1101 suo
707 1078 771 1115 per
792 1065 876 1115 Spi-

139 1130 253 1167 ritum
291 1133 462 1167 sanctum
488 1129 628 1180 aperiat
655 1133 766 1179 atque
792 1129 879 1166 illu-

138 1195 265 1232 minet.
310 1194 428 1231 Docet
456 1207 616 1244 namque
641 1193 740 1231 idem
769 1193 876 1230 Chri-

140 1261 219 1295 stus
248 1257 430 1294 Dominus
458 1260 585 1294 noster
605 1257 688 1307 (qni
709 1269 775 1294 nos
795 1270 876 1294 0111-

139 1335 204 1359 nes
242 1321 451 1368 collustrat)
487 1321 699 1357 illuminare
727 1334 765 1358 se
792 1322 877 1358 nul-

137 1387 194 1424 los
230 1386 334 1431 alios,
372 1385 445 1422 nisi
486 1385 562 1436 qui,
600 1398 684 1422 cum
719 1386 890 1436 propriae

137 1464 224 1489 suae
251 1450 439 1488 coecitatis
469 1449 716 1496 confessione,
751 1451 879 1488 lumen

137 1528 245 1553 suum
273 1515 445 1565 nuspiam
472 1514 574 1560 alibi,
602 1514 675 1552 nisi
701 1515 742 1552 in
762 1515 875 1552 lumi-

138 1593 184 1617 ne
209 1579 326 1630 ipsius
354 1583 533 1630 quaerant
555 1581 597 1626 ¹).
637 1580 776 1617 Contra
802 1585 877 1617 tes·

135 1649 249 1688 tatur,
276 1657 339 1682 eos
366 1656 492 1681 omnes
521 1644 721 1686 occaecari,
747 1644 812 1694 qui
837 1644 877 1681 in

137 1708 273 1745 divinis
313 1708 471 1745 rationis
516 1721 602 1746 suae
633 1708 778 1756 judicio
815 1710 874 1756 (5)

139 1773 230 1810 citra
255 1773 465 1810 doctrinam
489 1786 592 1810 snam
613 1786 651 1810 se
671 1773 879 1811 discernere

137 1849 245 1887 posse
272 1837 475 1887 quidquam
502 1837 741 1876 arbitrentur.
776 1838 875 1875 Rur-

139 1914 233 1944 sum,
271 1913 316 1937 ne
352 1901 462 1938 nobis
498 1902 684 1950 fingamus
721 1902 877 1947 nescire,

138 1964 239 2015 quod
254 1968 377 2001 tamen
396 1965 571 2002 veraciter
591 1965 762 2010 sciamus,
783 1979 875 2016 opus

138 2033 206 2075 est,
250 2036 288 2066 ut
330 2029 583 2066 testimonium
627 2031 876 2069 conscientiae

138 2101 288 2131 nostrae
331 2094 618 2142 interrogemus,
653 2108 722 2132 nos
757 2109 804 2133 ne
839 2096 879 2133 in

139 2158 315 2195 cordibus
353 2157 489 2195 nostris
525 2162 684 2205 accuset,
711 2173 759 2196 an
787 2173 873 2197 vero

137 2222 306 2260 absolvat
353 2235 478 2259 coram
519 2222 662 2271 judicio
704 2222 786 2267 Dei,
815 2224 873 2261 cui

137 2288 238 2325 nulla
275 2301 332 2324 res
367 2287 590 2324 abscondita
624 2301 702 2325 esse
736 2292 871 2338 potest.

136 2352 237 2389 Nam
264 2353 302 2389 in
329 2351 376 2388 iis
406 2365 640 2402 nequaqnam
658 2352 744 2390 licet
765 2354 873 2403 (qua-

136 2421 244 2454 tenus
279 2415 450 2466 equidem
486 2415 689 2453 Christiani
726 2419 870 2465 sumus)

134 2493 257 2518 coram
297 2479 510 2517 hominibus
538 2492 607 2517 nos
636 2480 869 2518 dissimulare

137 2546 195 2594 (in
249 2545 484 2583 confessione
524 2545 739 2595 pracsertim
781 2545 869 2583 fidei

137 2611 319 2657 nostrae),
345 2622 505 2660 quorum
526 2621 593 2646 nos
611 2608 649 2645 in
672 2611 871 2647 certamine

138 2674 389 2712 conscientiae
418 2677 567 2711 nostrae
586 2685 667 2710 reos
687 2686 765 2710 csse
785 2686 868 2711 scn-

182 2883 206 2921 ¹)
230 2882 321 2915 Jo‘an.
345 2882 373 2914 9.

1623 120 1667 158 71

982 232 1042 284 Op
1077 233 1140 270 dat
1174 246 1229 283 wy
1265 244 1333 269 ons
1361 231 1433 269 dan
1460 230 1538 268 niet
1565 231 1665 269 laten

929 297 1114 339 duncken,
1141 310 1196 346 wy
1224 297 1434 339 bekenncn‚
1462 294 1524 332 dat
1552 308 1605 344 wy
1625 295 1665 331 in

931 361 994 399 der
1029 361 1200 399 waerheit
1236 361 1312 399 niet
1340 361 1546 406 bekennen,
1573 360 1668 398 ende

929 425 1001 463 den
1028 425 1137 463 raade
1156 438 1267 463 onzes
1289 425 1480 462 vcrstands
1500 425 1578 462 niet
1595 424 1664 462 mit

929 490 1027 526 allen
1063 489 1284 538 toeschrijue
1312 490 1351 527 in
1377 489 1576 538 godlicken
1604 501 1665 526 za-

932 553 1016 598 ken,
1052 566 1094 590 zo
1131 558 1278 591 moeten
1314 567 1368 603 wy
1405 557 1485 591 vast
1520 554 1570 603 by
1597 566 1666 590 ons

933 617 1139 667 besluyten,
1185 618 1248 655 dat
1283 631 1338 667 wy
1373 618 1444 655 alle
1477 618 1545 655 mit
1580 631 1666 655 6611-

931 680 1038 718 adare
1057 681 1125 718 mit
1147 681 1219 721 den
1237 682 1325 719 rade
1345 695 1456 719 onzes
1473 682 1667 719 verstands

928 749 1011 793 gatz
1040 743 1164 782 blindt
1191 747 1276 793 zijn,
1295 745 1390 783 ende
1408 746 1448 782 in
1466 746 1666 794 godlicken

931 809 1097 857 dinghen
1125 809 1223 846 noch
1252 815 1421 847 verstaen
1448 811 1546 847 noch
1574 811 1669 856 zien,

930 872 991 909 ick
1026 874 1179 921 zwijghe
1215 873 1301 910 (laer
1330 887 1398 910 van
1428 879 1496 911 wat
1523 873 1668 912 richten

931 937 1072 974 konne:
1110 942 1173 975 ten
1209 950 1254 987 zy
1292 938 1353 975 dat
1390 951 1459 976 ons
1496 938 1540 975 de
1569 939 1670 976 Here

931 1001 1103 1038 Christus
1131 1001 1210 1049 (die
1231 1002 1301 1038 alle
1320 1002 1472 1038 mensch
1493 1002 1668 1049 verlicht)

930 1064 975 1101 de
1010 1064 1131 1113 ooghe
1159 1077 1268 1103 onzes
1297 1065 1511 1103 vcrstandes
1539 1067 1579 1103 in
1606 1079 1670 1115 zy-

932 1142 1005 1166 nen
1017 1129 1138 1166 worde
1150 1129 1243 1166 door
1254 1142 1374 1179 zyuen
1386 1130 1519 1178 heiligo
1531 1130 1671 1168 Gheest

930 1207 1046 1243 opcne
1057 1197 1151 1231 ende
1171 1194 1362 1232 vcrlichte.
1394 1194 1507 1231 Want
1517 1195 1560 1232 de
1570 1195 1673 1232 zeluc

931 1257 1054 1294 Heere
1083 1257 1255 1294 Christus
1282 1257 1360 1305 (die
1383 1271 1452 1295 ons
1470 1258 1567 1296 aHen
1592 1272 1674 1296 ver-

929 1321 1041 1368 licht)
1075 1321 1167 1359 leert
1195 1321 1258 1359 dat
1286 1322 1335 1371 hy
1362 1322 1506 1370 gheene
1534 1322 1671 1360 andere

944 1385 1114 1432 verlicht,
1151 1386 1224 1423 dan
1262 1386 1320 1423 die
1346 1387 1414 1424 mit
1443 1386 1674 1425 beketenisse

933 1451 1040 1488 116161·
1068 1451 1244 1500 eighener
1264 1451 1472 1502 blffldheyt,
1495 1452 1562 1489 1101·
1580 1453 1676 1490 116111

928 1519 1058 1564 nerget
1085 1516 1232 1562 anders,
1260 1515 1334 1553 dan
1359 1517 1400 1553 in
1420 1517 1670 1566 zynenlichte

930 1579 1098 1617 zoucken
1122 1581 1164 1627 ¹).
1193 1579 1459 1629 Darenteghen
1487 1581 1671 1631 bctuyght

931 1643 979 1694 hy
1019 1644 1081 1681 dat
1118 1657 1163 1694 zy
1191 1645 1261 1682 alle
1290 1644 1487 1683 verblendt
1513 1646 1671 1692 werden,

930 1708 988 1746 die
1024 1709 1063 1746 in
1098 1708 1300 1758 godlicken
1336 1710 1454 1747 zaken
1488 1710 1581 1748 door
1610 1712 1673 1750 het

933 1774 1059 1811 ordeel
1096 1776 1155 1822 (5)
1190 1774 1277 1811 hors
1315 1774 1521 1821 verstands,
1558 1776 1671 1826 buyte

928 1851 1042 1889 zyner
1073 1839 1275 1888 leeringhe‚
1311 1839 1394 1876 zick
1430 1840 1565 1878 achtcn
1600 1846 1669 1879 wat

927 1907 963 1940 te
990 1903 1071 1940 zien
1099 1904 1275 1952 moghen.
1306 1903 1505 1941 Wedcrom
1531 1918 1578 1956 op
1608 1905 1670 1942 dat

927 1980 982 2016 wy
1004 1979 1072 2004 ons
1092 1968 1169 2005 niet
1189 1980 1366 2017 veynzen,
1386 1981 1439 2018 wy
1460 1974 1574 2006 weten
1593 1969 1671 2007 niet

928 2031 992 2069 dat
1019 2045 1070 2082 wy
1101 2032 1285 2070 nochtans
1313 2033 1569 2070 waerachtlick
1597 2047 1667 2071 we-

931 2102 1005 2142 ten,
1032 2110 1075 2134 zo
1103 2097 1135 2135 is
1164 2111 1234 2134 van
1262 2097 1424 2142 noodcn,
1452 2097 1515 2135 dat
1533 2112 1585 2148 wy
1606 2099 1669 2137 het

925 2160 1173 2210 ghetuygnisz
1222 2174 1334 2199 onzer
1371 2162 1563 2212 cosciency
1600 2163 1664 2201 be-

927 2225 1077 2274 uragh'e,
1104 2226 1148 2262 of
1171 2238 1214 2275 zy
1242 2238 1311 2262 ons
1339 2226 1377 2263 in
1399 2239 1517 2264 onzen
1537 2227 1666 2266 herten

926 2289 1192 2339 beschuldight
1219 2291 1262 2327 of
1285 2291 1552 2341 onschuldight
1574 2306 1666 2330 voor

928 2353 972 2391 (16
1000 2354 1195 2403 gherichte
1224 2354 1361 2401 Godes,
1390 2369 1481 2393 voor
1499 2357 1661 2396 welcken

923 2418 1041 2467 ἒ9,·116611
1081 2418 1199 2467 dingk
1231 2418 1438 2468 heymelick
1465 2422 1538 2468 zijn
1568 2421 1664 2460 kant

923 2481 1037 2519 Want
1073 2482 1201 2520 daerin
1229 2483 1390 2532 moghen
1419 2498 1472 2534 wy
1500 2498 1568 2523 ons
1597 2488 1657 2534 (zo

920 2559 1024 2584 verre
1052 2560 1105 2596 wy
1132 2561 1293 2597 ymmers
1322 2548 1540 2587 Christenen
1569 2552 1661 2598 zijn)

922 2610 1145 2659 gheenszins
1175 2624 1266 2649 voor
1284 2612 1355 2650 den
1374 2613 1576 2652 menschen
1599 2615 1660 2652 be-

922 2687 1089 2725 ucynzcn
1117 2675 1174 2724 (in
1202 2676 1418 2715 zonderheit
1445 2677 1484 2714 in
1513 2677 1576 2716 der
1597 2678 1661 2716 be-
