1818 3178
515 118 565 145 nn
595 117 878 146 sAanMimms
910 115 1122 145 Ecctssmr:
1150 116 1327 145 CHRISTI.
1612 108 1681 146 141

159 220 302 270 partem
345 219 384 256 id
428 231 508 256 esse
553 219 818 269 intelligamus,
862 219 963 270 quod
999 219 1109 257 nobis
1146 220 1253 269 sign‘a
1289 220 1626 265 Sacramentorum,
1662 231 1682 256 a

160 283 308 321 Christo
344 282 507 320 Domino
544 283 730 327 instituta,
767 283 963 333 designant
999 287 1220 321 attestantur
1254 287 1291 321 et
1317 287 1606 335 repraesentant.
1633 283 1682 320 si-

160 361 203 384 ve
239 347 276 384 id
316 347 516 396 signatum,
544 348 620 385 sive
647 348 876 398 mysterium,
905 348 981 385 sive
1009 361 1087 385 rem
1115 348 1376 397 significatam,
1403 353 1467 386 aut
1493 347 1682 398 significa·

161 411 272 448 bilem
302 423 487 450 vocemuS.
523 411 606 449 Nos
633 417 756 449 tamen
783 417 930 462 recepta
956 412 1243 462 mysteriivoce
1269 412 1429 449 libenter
1456 411 1606 449 utimur.

210 476 401 513 Caeterum
437 475 477 512 in
505 489 544 513 re
571 477 650 527 ipsa
679 476 844 525 mysterii
874 477 1199 513 Sacramentorum
1231 476 1491 525 cognoscenda
1518 477 1600 527 plus
1627 480 1683 514 est

158 539 312 588 negotii,
341 539 410 576 hoc
437 543 504 585 est,
531 540 708 590 quidnam
737 540 806 577 sub
834 539 1001 589 mysterii
1027 552 1117 576 voce
1144 540 1182 577 in
1211 540 1460 577 Sacramentis
1477 540 1684 589 intelligere

158 603 376 650 debeamus;
407 618 493 641 nam
521 605 687 642 omnium
716 605 790 642 fere
818 604 1056 641 dissidiorum
1085 605 1170 641 fons
1198 606 1238 642 in
1267 618 1305 642 re
1322 605 1617 642 sacramentaria
1636 618 1681 643 ex

159 667 257 705 varie
284 668 450 718 exposita
478 668 646 718 mysterii
675 669 999 705 Sacramentorum
1027 667 1172 705 ratione
1199 668 1420 718 profluxisse
1447 669 1681 719 potissimum

158 732 323 778 videtur3
353 745 446 783 quae
474 733 631 771 varietas
658 731 903 783 expositionis
931 732 963 768 si
989 736 1087 769 recte
1113 732 1318 782 explicetur
1344 737 1380 770 et
1407 733 1568 771 maxime
1594 745 1680 784 pro-

158 796 238 847 pria
275 797 440 846 mysterii
477 796 570 834 ratio
608 796 788 842 tradatur,
823 795 932 832 facile
968 795 1116 833 demum
1153 795 1198 832 de
1238 796 1377 833 exortis
1417 796 1552 834 bacin
1579 801 1682 848 parte

159 859 324 898 dissidiis
359 860 494 910 poterit
529 859 697 905 iudicari,
732 859 897 910 adeoque
923 862 959 896 et
985 859 1157 908 intelligi,
1183 858 1336 897 ubinam
1366 860 1546 898 hactenus
1573 861 1680 898 aber-

157 929 276 963 ratum
306 925 354 962 sit
381 938 401 962 a
428 937 554 975 scope.

210 990 339 1041 Neque
375 1002 461 1027 vero
497 993 641 1027 tantum
670 992 724 1026 est
751 987 848 1026 inter
875 987 1094 1038 interpretes
1124 988 1320 1026 dissidium
1349 989 1393 1026 de
1421 990 1680 1027 Sacramento-

157 1068 239 1092 rum
275 1054 463 1104 mysterio,
500 1058 539 1090 ut
575 1053 659 1100 (fol.
689 1052 774 1099 alb)
812 1065 888 1089 non
928 1065 1061 1101 magna
1088 1052 1229 1103 alioqui
1255 1066 1300 1090 ex
1328 1058 1430 1103 parte
1458 1054 1554 1091 inter
1579 1053 1681 1104 ipsos

159 1119 367 1157 conveniat.
397 1118 584 1156 Nimirum
613 1117 747 1155 veritas
775 1117 984 1167 oppugnari
1011 1116 1159 1167 quidem
1187 1121 1323 1168 potest,
1350 1118 1556 1168 expugnari
1573 1131 1679 1168 pror-

158 1198 220 1222 sus
257 1197 332 1222 non
366 1187 507 1234 potest3
542 1187 669 1232 estque
705 1181 805 1219 Deus
843 1182 982 1219 Satana
1017 1182 1134 1219 multo
1163 1182 1364 1232 potentior,
1403 1187 1443 1220 ut
1479 1182 1683 1228 veritatem,

158 1249 261 1286 miris
287 1247 436 1299 quidem
464 1246 585 1284 modis
612 1250 723 1297 atque
750 1246 892 1284 artibus
920 1246 1141 1297 impetitam,
1168 1246 1278 1284 obrui
1299 1246 1542 1285 nihilominus
1564 1245 1681 1284 haud-

157 1326 341 1364 quaquam
378 1311 551 1362 patiatur.
606 1309 827 1347 Videbimus
854 1309 981 1358 igitur,
1008 1322 1079 1360 qua
1108 1316 1209 1359 parte
1235 1309 1333 1346 inter
1361 1322 1440 1346 sese
1464 1308 1682 1360 interpretes

156 1376 231 1413 fere
257 1388 385 1412 omnes
413 1374 457 1411 de
484 1373 660 1423 mysterio
691 1373 1014 1410 Sacramentorum
1044 1372 1290 1410 consentiant.
1320 1371 1463 1410 Deinde
1492 1385 1590 1418 vem,
1609 1386 1682 1423 qua

155 1444 258 1490 parte
294 1438 392 1476 inter
425 1450 504 1475 sese
540 1436 756 1481 dissideant,
784 1435 1078 1480 observabimus,
1106 1435 1326 1487 dissidiique
1353 1435 1470 1486 ipsius
1500 1436 1680 1474 rationem

153 1517 197 1541 ac
223 1515 462 1554 progressum
488 1502 541 1539 ita
568 1502 716 1550 demum
742 1514 982 1552 exponemus.

206 1567 388 1605 Fatentur
431 1579 560 1604 omnes
603 1565 730 1615 igitur,
775 1565 992 1615 mysterium
1031 1565 1356 1602 Sacramentorum
1393 1578 1471 1602 esse
1509 1569 1676 1603 nostram

156 1644 239 1668 cum
280 1630 429 1668 Christo
466 1629 630 1667 Domino
668 1629 981 1673 communionem,
1008 1641 1136 1681 ,neque
1171 1628 1231 1687 hic
1258 1628 1462 1679 quidquam
1489 1633 1545 1666 est
1572 1629 1681 1666 dissi-

156 1695 220 1734 dii.
274 1695 367 1732 Cum
403 1694 501 1731 enim
530 1693 567 1731 in
597 1693 746 1731 Christo
777 1693 825 1732 D.
855 1706 994 1737 sumus,
1021 1681 1203 1743 quidquid
1232 1693 1385 1730 omnino
1415 1706 1553 1739 sumus,
1580 1693 1681 1744 quod

155 1761 202 1798 ad
239 1759 392 1797 salutem
428 1763 594 1797 nostram
631 1759 775 1804 attinet,
811 1762 921 1809 atque
956 1757 996 1795 in
1034 1757 1182 1795 Christo
1211 1756 1257 1795 D.
1287 1757 1476 1802 habemus,
1502 1757 1680 1808 quicquid

158 1824 312 1861 omnino
339 1823 531 1868 habemus,
556 1843 606 1850 —
634 1835 754 1873 neque
782 1834 870 1859 sane
895 1821 932 1859 in
964 1821 1113 1859 Christo
1142 1833 1232 1865 esse,
1261 1834 1379 1871 neque
1398 1820 1437 1858 in
1459 1820 1523 1857 illo
1545 1820 1680 1858 habere

156 1888 358 1940 quidquam
394 1900 599 1938 possemuS,
627 1886 658 1923 si
684 1899 761 1924 non
787 1885 950 1936 aliquam
979 1898 1062 1922 cum
1089 1885 1169 1935 ipso
1199 1884 1496 1922 communionem
1526 1884 1679 1922 habere·

156 1966 251 1991 mus.
289 1951 373 1989 Hac
400 1951 498 1989 enim
526 1951 603 1988 sola
630 1951 685 1994 fit.
711 1954 753 1988 ut
780 1955 906 1987 nostra
934 1948 982 1986 ad
1007 1949 1112 1986 illum
1139 1948 1360 1999 pertineant,
1386 1953 1434 1992 et,
1460 1961 1553 1999 quae
1580 1948 1680 1986 illius

157 2020 255 2062 sunt,
292 2020 418 2054 nostra
454 2014 617 2052 vicissim
653 2027 732 2052 esse
760 2018 990 2052 censeantur.
1046 2013 1161 2051 Quod
1189 2026 1270 2050 cum
1299 2012 1446 2050 unicum
1476 2011 1523 2049 sit
1551 2012 1680 2049 salutis

156 2085 305 2118 nostrae
349 2079 512 2117 medium
560 2078 669 2116 simul
705 2091 748 2116 ac
783 2077 998 2124 remedium,
1035 2076 1201 2127 adeoque
1235 2079 1271 2113 et
1307 2075 1422 2114 totius
1460 2074 1679 2123 Euangelici

155 2143 352 2182 ministerii
387 2156 563 2182 arcanum
599 2143 681 2187 (fol.
719 2144 816 2190 32³),
841 2145 949 2180 antea
976 2141 1115 2179 mundo
1144 2141 1214 2179 toti
1239 2140 1488 2189 incognitum,
1513 2161 1564 2168 —
1592 2153 1679 2177 sane

156 2213 337 2260 quatenus
375 2212 689 2246 sacramentorum
723 2207 972 2245 ministerium
1009 2211 1064 2244 est
1100 2219 1185 2256 pars
1222 2205 1442 2254 Euangelici
1469 2204 1680 2248 ministerii,

156 2286 220 2324 per
256 2272 356 2323 quod
393 2285 570 2310 arcanum
609 2271 680 2309 hoc
709 2276 857 2309 nostrae
894 2284 977 2309 cum
1006 2270 1153 2308 Christo
1183 2269 1455 2307 communionis
1484 2269 1678 2315 revelatur,

157 2337 334 2375 hactenus
370 2349 488 2387 neque
524 2340 838 2374 sacramentorum
873 2335 974 2373 aliud
1011 2335 1124 2372 ullum
1162 2333 1377 2384 mysterium
1407 2333 1583 2371 constitui
1609 2347 1676 2384 po·

155 2406 239 2447 test,
266 2401 339 2440 nisi
367 2401 398 2439 si
423 2406 527 2439 extra
556 2401 747 2439 Christum
775 2401 931 2439 salutem
960 2405 1126 2438 nostram
1154 2399 1282 2450 quaeri
1309 2398 1543 2449 obtinerique
1569 2411 1677 2449 posse

154 2467 230 2504 ullo
258 2466 370 2504 modo
398 2470 583 2517 putamus.

207 2531 351 2570 Deinde
375 2531 415 2569 in
444 2531 515 2568 hoc
541 2543 686 2581 quoque
712 2542 840 2568 omnes
868 2529 1117 2574 consentiunt,
1143 2527 1245 2579 quod
1271 2527 1370 2565 hanc
1397 2531 1563 2565 nostram
1591 2540 1674 2564 cum

157 2596 306 2634 Christo
335 2595 498 2634 Domino
528 2594 824 2633 communionem
855 2598 1022 2632 statuunt
1049 2594 1087 2631 in
1116 2593 1226 2630 unius
1254 2592 1491 2643 eiusdemque
1511 2591 1675 2642 corporis

157 2668 193 2700 et
238 2662 430 2712 sanguinis
476 2662 651 2699 societate
696 2673 759 2698 seu
797 2659 1092 2710 participatione,
1138 2658 1242 2696 iuxta
1287 2670 1397 2708 quam
1434 2656 1604 2694 videlicet
1639 2659 1675 2693 et

157 2727 328 2764 Christus
365 2726 549 2764 Dominus
585 2734 640 2763 est
677 2737 760 2761 caro
797 2737 841 2761 cx
879 2737 988 2761 carne
1014 2728 1153 2769 nostra,
1181 2723 1331 2772 sangnis
1359 2735 1403 2759 ex
1433 2724 1559 2758 nostro
1588 2732 1673 2757 san·

156 2791 282 2839 guine,
316 2804 357 2829 os
393 2804 436 2829 ex
475 2790 621 2828 ossibus
650 2789 801 2833 nostris,
828 2809 877 2816 —
904 2793 938 2826 ct
967 2800 1035 2825 nos
1064 2786 1225 2824 vicissim
1255 2799 1339 2824 caro
1367 2798 1411 2823 ex
1440 2796 1560 2829 carne,
1588 2797 1674 2822 san·

157 2854 240 2905 guis
267 2868 311 2894 ex
339 2856 532 2905 sanguine,
558 2858 593 2892 et
621 2866 705 2891 ossa
732 2866 777 2891 ex
805 2852 953 2890 ossibus
983 2852 1110 2906 ipsius.
