1818 3178
543 112 596 138 An
625 111 725 139 PmM
752 108 964 138 LECTOREM
991 106 1232 135 PRAEFATIO.
1577 94 1648 130 111

129 219 165 253 et
203 215 283 253 sine
320 225 430 251 eausa
458 213 635 251 scindunt
662 212 862 259 Ecclesias,
890 225 982 263 quas
1011 210 1062 259 (B
1089 211 1149 257 4³)
1177 207 1338 247 maxime
1366 206 1585 244 coniunctas
1611 205 1652 242 in

129 280 232 318 omni
265 279 418 318 lenitate
453 278 651 315 tolerantia
688 291 730 316 ac
758 276 1046 316 mansuetudine
1073 288 1152 314 esse
1179 273 1388 325 oportebat.
1441 271 1562 308 Taceo
1591 269 1653 306 hic

126 346 265 396 probra
302 343 469 383 convicia
504 344 770 389 execrationes,
806 342 917 381 etiam
952 342 992 379 in
1028 353 1103 387 eos,
1140 339 1204 391 qui
1239 352 1286 377 ne
1320 337 1474 377 verbulo
1502 335 1653 388 quidem

127 410 312 448 admoniti
337 422 504 460 unquam
532 409 692 447 fuerunt.
723 410 874 446 Possem
903 407 963 444 hic
990 407 1157 457 proferre
1184 405 1344 455 aliquos,
1371 403 1412 441 in
1440 415 1533 454 quos
1554 404 1653 446 mea,

128 475 224 512 levia
260 473 412 525 quidem
446 473 510 510 illa
545 486 612 524 pro
649 476 778 511 nostra
812 472 1005 516 tenuitate,
1043 470 1106 508 sed
1133 470 1269 518 {tamen
1307 468 1425 505 amica
1453 466 1655 504 extiterunt

129 539 259 585 officia,
284 561 336 568 —
357 542 393 576 et
414 539 478 590 qui
496 538 688 577 vinculum
707 537 952 577 fraternitatis
973 536 1205 574 Christianae
1224 534 1422 572 nobiseum
1440 533 1656 570 dextrarum

131 603 396 642 coniunctione
424 606 510 641 sunt
540 603 750 648 contestati,
778 602 840 653 qui
867 605 991 640 tamen
1019 600 1091 638 sibi
1113 613 1131 636 a
1151 598 1382 636 traducendo
1403 597 1540 647 ubique
1560 595 1657 647 apud

128 667 234 714 alios,
261 667 425 718 adeoque
452 670 488 705 et
514 667 789 718 proscindendo
816 678 898 717 meo
927 663 1078 702 nomine
1106 664 1243 711 (solam
1271 663 1454 699 duntaxat
1481 661 1579 698 hanc
1606 659 1654 697 ob

131 743 280 768 causam
317 731 668 777 Sacramentariam)
704 716 918 779 temperare*
936 740 1009 765 non
1039 730 1251 777 potuerunt,
1280 739 1363 762 cum
1392 724 1532 774 alioqui
1559 722 1657 774 apud

128 808 198 841 me,
234 794 333 846 quod
372 795 548 840 dicerent,
585 794 680 832 nihil
717 793 870 830 omnino
908 791 1100 828 haberent.
1156 790 1229 827 Sed
1266 790 1358 827 bene
1396 789 1520 831 habet,
1557 787 1658 838 quod

128 859 319 897 Christum
363 859 562 909 ipsummet
597 858 759 895 iudicem
795 855 1011 897 habeamus,
1047 867 1124 891 non
1162 853 1345 898 homines,
1381 853 1556 903 quodque
1590 851 1656 888 illo

127 924 327 975 aperiente,
371 937 479 961 nemo
526 923 619 960 alius
666 922 776 959 nobis
820 920 965 958 aditum
1001 919 1048 956 ad
1084 919 1206 970 ipsum
1241 917 1490 955 intercludere
1524 920 1659 967 potest.

128 989 287 1026 Interim
324 1001 410 1026 vero
446 1000 575 1039 pacem
612 999 695 1024 eum
734 985 909 1023 omnibus
938 987 1121 1035 optamus,
1149 987 1184 1020 et
1212 982 1358 1020 veniam
1385 982 1557 1032 petimus,
1586 981 1658 1018 sic-

129 1055 193 1092 ubi
221 1067 329 1104 quem
364 1054 460 1091 forte
498 1052 730 1095 offendimus,
758 1050 996 1100 vicissimque
1029 1048 1217 1093 omnibus,
1253 1047 1316 1098 qui
1345 1060 1412 1084 nos
1439 1047 1518 1083 ullo
1545 1045 1658 1083 modo

129 1119 374 1164 offenderunt,
415 1117 455 1155 in
492 1116 656 1154 Domino
686 1114 967 1160 condonamus3
994 1117 1029 1151 et
1056 1112 1230 1163 petimus,
1259 1124 1305 1148 ne
1332 1111 1372 1148 id
1398 1110 1509 1148 nobis
1537 1114 1660 1147 verta-

127 1189 188 1221 tur
215 1183 319 1227 vitio,
346 1181 447 1232 quod
474 1181 513 1218 in
543 1193 652 1217 eausa
679 1179 750 1216 hac
778 1177 1075 1216 Sacramentaria
1103 1189 1123 1213 a
1151 1175 1345 1213 nonnullis
1374 1175 1494 1212 nostri
1523 1174 1660 1211 saeculi

127 1247 356 1290 doctoribus,
392 1257 485 1295 quos
522 1242 768 1280 nihilominus
808 1246 848 1280 ut
884 1241 1077 1278 columnas
1114 1239 1305 1277 Ecclesiae
1335 1238 1477 1276 Christi
1505 1251 1659 1276 venera-

126 1325 221 1358 mur,
248 1311 371 1361 aliqua
398 1321 444 1347 ex
471 1311 574 1359 parte
601 1307 855 1351 dissentimus,
882 1305 1056 1356 quod-(B
1083 1305 1220 1355 4¹³)que
1248 1304 1335 1341 item
1362 1306 1528 1354 receptas
1548 1316 1659 1354 quas-

126 1377 212 1414 dam
246 1375 285 1412 in
323 1386 432 1411 causa
468 1372 538 1410 hae
574 1372 723 1410 dicendi
758 1371 952 1415 formulas,
990 1383 1063 1420 quo
1101 1382 1158 1407 res
1185 1368 1334 1419 planius
1363 1368 1500 1418 exponi
1525 1367 1660 1419 possit,

125 1453 200 1478 non
238 1438 340 1476 omni
375 1450 420 1475 ex
455 1443 560 1488 parte
587 1437 802 1481 retinemus,
829 1435 1049 1486 praesertim
1077 1447 1173 1480 cum,
1199 1432 1382 1471 ineolumi
1410 1432 1551 1470 Christi
1578 1431 1659 1469 Do-

124 1503 216 1541 mini
254 1502 434 1553 dignitate
462 1506 498 1539 et
523 1501 657 1550 gloria,
684 1500 901 1538 unanimem
928 1499 1044 1537 totius
1074 1498 1281 1549 scripturae
1307 1499 1466 1534 mentem
1497 1508 1540 1533 ac
1567 1508 1658 1533 0011-

124 1580 274 1606 sensum
319 1579 528 1618 sequamur,
573 1569 607 1603 et
653 1569 759 1603 extra
806 1565 907 1602 illius
954 1564 1077 1601 fontes
1122 1562 1219 1600 nihil
1255 1561 1410 1599 omnino
1447 1561 1658 1599 doceamus.

125 1633 247 1670 Nemo
283 1645 371 1669 sane
407 1644 426 1669 e
461 1631 648 1668 veteribus
685 1629 876 1667 Ecclesiae
911 1632 997 1679 post
1033 1627 1237 1679 Apostolos
1267 1625 1484 1664 doctoribus
1510 1628 1658 1663 tantum

124 1697 197 1734 sibi
233 1695 436 1745 arrogavit,
471 1698 514 1732 ut
549 1707 626 1732 non
662 1694 817 1731 liberam
854 1693 1029 1730 omnibus
1058 1696 1142 1743 post
1171 1704 1208 1729 se
1233 1693 1457 1742 potestatem
1484 1702 1563 1727 esse
1590 1701 1658 1726 vo·

122 1762 247 1802 luerit,
283 1773 368 1797 eum
394 1759 574 1797 formulas
603 1772 751 1796 suarum
779 1758 1049 1808 loquutionum
1075 1755 1261 1801 mutandi,
1287 1758 1368 1792 tum
1397 1767 1417 1791 a
1446 1766 1483 1791 se
1512 1753 1658 1790 dissen-

123 1824 242 1863 tiendi
285 1824 409 1869 etiam,
446 1823 568 1861 sicubi
605 1836 670 1860 sua
705 1822 810 1860 verbi
847 1821 975 1860 Divini
1013 1820 1213 1858 autoritate
1249 1832 1325 1857 non
1362 1818 1452 1856 satis
1486 1829 1659 1869 quoquo-

124 1889 237 1926 modo
265 1887 469 1938 approbata
496 1900 575 1925 esse
601 1887 828 1925 viderentur.
864 1887 1030 1924 Tantum
1066 1885 1183 1929 abest,
1208 1888 1251 1923 ut
1278 1888 1314 1922 et
1341 1897 1443 1923 nunc
1471 1884 1528 1921 sui
1555 1883 1660 1934 quis-

125 1966 238 2005 quam
274 1951 438 1989 nominis
474 1951 674 1989 autoritate
708 1963 874 2002 premere
912 1951 1017 1995 alios,
1053 1950 1164 1987 etiam
1192 1953 1377 1987 extremos
1413 1949 1453 1985 in
1479 1948 1661 1991 Ecclesia,

126 2018 258 2069 possit,
295 2016 395 2068 quod
436 2016 483 2053 ad
520 2015 732 2053 doctrinam
768 2015 918 2065 quidem
953 2014 1135 2064 imprimis
1172 2015 1320 2059 attinet,
1346 2013 1421 2050 nisi
1449 2013 1480 2050 si
1508 2011 1592 2062 quis
1619 2012 1660 2049 in

127 2096 193 2121 sua
229 2082 428 2119 vocatione
463 2093 591 2132 parem
629 2080 702 2118 sibi
732 2093 815 2117 eum
843 2080 1034 2130 prophetis
1061 2083 1173 2129 atque
1200 2077 1394 2128 Apostolis
1423 2078 1660 2114 autoritatem

127 2160 304 2196 arrogare
329 2145 382 2183 ita
408 2148 633 2197 praesumat,
660 2148 702 2182 ut
728 2144 901 2195 protinus
931 2144 1006 2180 suis
1035 2142 1210 2180 omnibus
1228 2140 1522 2191 Pythagoricum
1543 2139 1660 2177 illud:

130 2215 251 2259 αὐτὸς
281 2213 374 2262 ἔφα,
401 2209 600 2248 acclamari
627 2208 728 2246 velit.
768 2210 818 2246 At
846 2220 932 2246 vero
962 2220 1030 2245 nos
1059 2207 1160 2244 hune
1188 2206 1368 2243 honorem
1397 2205 1468 2242 soli
1487 2214 1660 2241 OHa1s'ro

125 2276 289 2314 Domino
334 2275 373 2313 in
409 2273 638 2325 propheticis
675 2273 857 2311 duntaxat
893 2276 929 2310 et
966 2270 1197 2323 Apostolicis
1234 2270 1365 2316 literis,
1406 2268 1661 2318 Augustinum

128 2340 287 2392 sequuti,
324 2339 537 2383 deferimus,
574 2351 666 2388 quas
704 2337 939 2375 fundamenti
976 2335 1118 2386 alioqui
1146 2335 1228 2372 loco
1256 2334 1295 2372 in
1325 2334 1465 2372 Christi
1493 2332 1662 2370 Ecclesia

127 2406 231 2443 iuxta
264 2404 370 2442 Pauli
407 2402 602 2451 doctri-(B
640 2403 787 2449 5³)nam
824 2401 1015 2439 habemus.
1071 2400 1244 2437 Aliorum
1280 2403 1403 2437 autem
1431 2398 1599 2436 omnium
1627 2400 1663 2435 et

130 2467 266 2517 scripta
303 2470 337 2503 et
375 2465 547 2513 dogmata
585 2463 711 2500 omnia
747 2463 794 2500 ad
830 2463 928 2508 illos,
964 2462 1063 2499 velut
1091 2461 1138 2499 ad
1166 2461 1328 2511 Lydium
1355 2460 1528 2511 lapidem,
1554 2472 1663 2497 revo-

132 2530 248 2568 canda
277 2543 354 2568 esse
381 2529 650 2567 existimamus.
704 2528 830 2578 Atque
858 2540 945 2565 sane
971 2526 1161 2577 praeclare
1188 2526 1329 2563 dictum
1358 2529 1414 2563 est
1440 2539 1461 2562 a
1488 2525 1661 2575 Philippo

131 2595 361 2639 Melantone,
388 2593 596 2631 Doctorum
625 2604 725 2629 nunc
753 2592 921 2629 omnium
951 2590 1164 2628 hauddubie
1192 2590 1301 2628 facile
1329 2589 1513 2640 Principe,
1531 2589 1661 2626 Eccle-

133 2659 226 2697 siam
253 2659 356 2696 verbi
385 2658 513 2695 Divini
542 2657 655 2694 veluti
685 2655 977 2693 Grammatieam
1005 2655 1194 2705 quandam
1221 2668 1312 2701 esse,
1332 2655 1386 2692 sic
1404 2658 1445 2691 ut
1465 2653 1662 2702 magnifice

134 2723 223 2761 satis
252 2723 296 2761 de
333 2723 483 2760 summis
512 2721 721 2772 quibusque
747 2720 786 2757 in
814 2719 982 2757 Ecclesia
1009 2719 1130 2757 nostri
1157 2719 1294 2757 saeculi
1321 2718 1549 2756 Doctoribus
1578 2730 1661 2755 sen-

128 2786 197 2825 tire
236 2800 305 2825 1105
342 2787 576 2832 arbitremur,
615 2785 645 2823 si
682 2797 744 2822 005
781 2783 908 2821 fideles
937 2796 980 2821 ac
1005 2787 1236 2834 praestantes
1264 2783 1374 2821 etiarn
1404 2782 1508 2820 verbi
1535 2782 1662 2821 Divini

129 2851 353 2903 interpretes
391 2855 426 2890 et
465 2849 739 2889 Grammaticos
767 2862 846 2887 esse
873 2848 1054 2896 dicamus,
1081 2848 1225 2887 etiamsi
1253 2848 1457 2887 humanum
1484 2846 1662 2899 quiddam
