1818 3178
195 100 267 136 522
840 109 900 137 ΕΡ.
930 109 1074 136 DOCTR.

190 218 284 259 'quae
322 208 434 246 verbo
464 207 592 245 divino
620 206 781 246 stabiliri
809 208 928 259 possit
955 209 1208 248 amantissime
1243 210 1498 250 sollicitandos
1526 224 1606 249 esse
1632 215 1706 250 sta-

188 272 380 317 tuerimus,
413 271 489 308 imo
527 284 614 309 vero
650 285 727 309 non
763 272 864 309 aliud
895 272 1015 321 magis
1044 286 1144 310 nunc
1171 274 1280 312 etiam
1310 276 1502 327 cupiamus
1530 287 1640 326 quam
1671 279 1709 312 ut

188 337 251 388 qui
287 337 385 373 inter
419 335 505 373 illos
539 340 626 373 sunt
661 336 829 374 veritatis
857 336 1031 383 studiosi,
1066 338 1184 375 amice
1221 339 1382 377 fraterne
1409 344 1445 377 et
1471 339 1706 376 familiariter

185 404 270 452 (29)
307 402 502 440 nobiscum
539 403 815 453 colloquantur,
853 403 1060 441 doctrinam
1099 417 1203 441 suam
1241 417 1324 442 cum
1353 412 1480 443 nostra
1507 405 1707 454 diligenter

185 481 229 504 ae
258 468 356 504 bona
383 467 455 504 fide
484 467 681 505 conferant
710 471 744 504 et
770 471 834 505 aut
864 480 929 505 sua
957 468 1069 505 nobis
1098 468 1318 518 approbent,
1346 475 1410 507 aut
1438 474 1566 507 nostra
1588 469 1706 507 susci·

185 533 302 583 piant.
357 532 541 583 Equidem
579 531 669 569 haec
706 545 842 580 negare
877 532 1026 583 ipsimet
1063 532 1107 570 de
1143 533 1254 571 nobis
1292 547 1366 571 non
1401 538 1588 584 poterunt,
1615 547 1710 585 quae

183 601 309 634 tamen
337 610 414 634 non
441 596 526 634 ideo
556 609 846 634 commemorare
875 597 1075 640 voluimus,
1102 602 1141 635 ut
1170 598 1226 635 vel
1248 611 1315 635 nos
1331 597 1434 649 ipsos
1451 598 1709 636 commendare

184 661 257 699 hoc
291 661 444 699 nomine
478 661 629 712 popuIO,
667 661 724 698 vel
759 661 847 698 illos
882 674 1036 710 gravare
1071 652 1214 698 invidia
1249 662 1513 712 quoquomodo
1542 663 1712 707 velimus,

184 726 248 763 sed
285 730 326 763 ut
362 725 528 763 animum
562 731 733 762 nostrum
771 738 859 775 ergo
897 738 959 762 eos
987 729 1221 769 testaremur,
1257 725 1321 776 qui
1347 730 1539 776 tantopere
1565 726 1707 763 Paedo-

185 790 370 840 baptismo
407 794 536 827 nostro
574 789 826 835 offenduntur,
855 802 964 839 quem
991 794 1117 826 tamen
1145 789 1352 826 convellere
1381 789 1561 827 hactenus
1589 790 1706 839 scrip-

182 860 287 893 turae
322 854 549 892 testimoniis
588 866 791 904 numquam
828 858 1031 904 potuerunt
1067 858 1109 891 ut
1137 858 1286 904 propter
1312 854 1418 891 illum
1447 858 1574 891 nostra
1602 854 1706 891 dam-

182 923 272 957 nent
299 919 423 956 omnia
450 921 691 968 nostramque
719 917 928 954 Ecclesiam
957 922 1185 961 aversentur,
1212 922 1326 968 utque
1345 931 1474 955 omnes
1494 918 1707 967 intelligant

182 996 251 1021 nos
280 983 382 1020 nullo
412 982 451 1020 in
480 983 566 1019 illos
595 982 681 1018 odio
711 982 814 1026 ferri,
843 982 1010 1032 adeoque
1036 981 1122 1018 illos
1150 995 1226 1019 non
1256 986 1504 1028 contemnere,
1530 988 1568 1019 ut
1586 982 1708 1020 modis

180 1049 289 1100 plane
317 1047 505 1093 omnibus,
532 1051 713 1097 quatenus
740 1046 777 1083 id
806 1046 917 1083 modo
947 1060 1013 1097 per
1040 1046 1141 1084 verbi
1171 1046 1290 1084 divini
1323 1047 1561 1084 autoritatem
1589 1046 1711 1091 liceat,

181 1112 386 1151 concordes
425 1125 508 1149 cum
545 1112 620 1150 illis
657 1125 702 1149 ex
739 1111 864 1148 animo
901 1124 980 1149 esse
1009 1111 1214 1162 cupiamus.
1268 1111 1527 1149 Infirmitatem
1556 1124 1706 1148 omnem

178 1180 338 1216 feremus
375 1177 495 1214 multo
531 1176 782 1214 libentissime
819 1181 854 1213 et
887 1182 1055 1214 nostram
1092 1175 1256 1213 vicissim
1295 1176 1415 1214 sicubi
1444 1176 1708 1213 convincamur

179 1252 255 1282 non
289 1243 399 1280 inviti
434 1255 691 1291 agnoscemus.
748 1242 921 1278 Ceterum
948 1241 1195 1278 temeritatem
1232 1245 1268 1278 et
1295 1241 1551 1291 pertinaciam,
1579 1254 1705 1291 quem-

175 1307 378 1345 admodum
407 1320 427 1344 a
456 1305 566 1343 nobis
594 1305 665 1355 ipsi
694 1305 945 1355 deprecamur,
972 1305 1024 1342 ita
1052 1305 1091 1342 in
1119 1305 1202 1342 aliis
1230 1318 1379 1356 quoque
1405 1305 1510 1342 illam
1530 1305 1704 1356 deinceps

177 1373 274 1409 alere
301 1371 463 1408 alienum
494 1370 539 1407 ab
570 1369 689 1407 officio
721 1372 851 1406 nostro
880 1382 960 1406 esse
987 1374 1173 1419 putamus.

228 1436 310 1473 Iam
339 1448 423 1472 vero
452 1435 544 1472 haec
571 1435 623 1472 ita
651 1433 810 1485 praefati
836 1434 1074 1472 ostendemus
1103 1435 1244 1472 nullam
1271 1447 1424 1485 prorsus
1451 1434 1704 1472 idololatriam

176 1500 482 1552 pacdobaptismo
513 1506 642 1537 nostro
671 1498 799 1536 induci
828 1511 970 1549 nosque
996 1499 1037 1536 in
1065 1512 1106 1536 eo
1134 1499 1371 1536 observando
1400 1498 1502 1536 aliud
1530 1498 1624 1536 nihil
1649 1512 1706 1536 se-

176 1565 239 1616 qui
268 1577 379 1615 quam
405 1564 524 1615 ipsius
552 1563 686 1614 optimi
715 1562 868 1600 maximi
898 1562 967 1600 Dei
995 1567 1273 1601 sacrosanctam
1291 1563 1535 1602 voluntatem.
1565 1565 1704 1603 Quod-

174 1644 248 1681 que
284 1629 329 1667 ad
365 1629 620 1666 idololatriam
649 1628 811 1678 primum
839 1628 985 1672 attinet,
1012 1628 1153 1665 idolum
1182 1628 1220 1665 id
1248 1629 1398 1678 proprie
1427 1641 1507 1666 esse
1535 1629 1706 1676 dicimus,

173 1695 213 1732 in
242 1694 343 1745 quod
372 1693 537 1731 divinam
566 1692 737 1731 servandi
765 1693 884 1730 nostri
912 1698 1133 1743 potestatem
1164 1706 1388 1744 quoeunque
1417 1693 1565 1731 tandem
1594 1695 1705 1731 modo

174 1759 448 1804 transferimus,
493 1771 565 1809 qua
611 1758 758 1795 sublata
804 1763 840 1795 et
885 1758 1029 1795 idolum
1071 1771 1149 1795 non
1187 1757 1348 1808 amplius
1386 1757 1527 1795 idolum
1565 1758 1635 1796 erit
1672 1764 1706 1796 e't

173 1836 302 1861 omnes
349 1823 448 1860 illius
486 1823 608 1860 cultus
645 1835 709 1859 seu
747 1821 1001 1860 idolololatria,
1035 1822 1187 1872 peribit.
1243 1821 1572 1859 Quemadmodum
1610 1822 1707 1860 enim

179 1888 329 1926 sublato
357 1887 450 1932 Deo,
486 1887 609 1924 nullus
644 1885 745 1923 illius
781 1886 906 1923 cultus
944 1886 1073 1923 haberi
1109 1886 1270 1936 amplius
1306 1889 1442 1936 potest,
1477 1886 1530 1923 ita
1560 1886 1708 1924 sublato

178 1953 281 1990 idolo
318 1965 393 1989 non
431 1956 488 1989 est
523 1951 635 1989 etiam
672 1951 773 2001 quod
810 1950 921 1988 nobis
958 1951 1005 1987 ab
1043 1950 1256 1988 idololatria
1295 1950 1455 2000 amplius
1482 1960 1706 1989 metuamus.

179 2017 296 2054 Porro
333 2015 403 2053 etsi
431 2015 561 2052 demus
589 2014 793 2052 nonnullos
821 2014 874 2051 ita
903 2014 947 2052 de
977 2013 1163 2064 baptismo
1193 2013 1368 2058 sensisse,
1397 2018 1437 2051 ut
1466 2014 1584 2052 videri
1613 2015 1708 2052 forte

178 2081 323 2133 possint
365 2080 511 2118 idolum
547 2093 591 2117 ex
627 2080 694 2116 illo
732 2079 859 2116 nescio
896 2091 969 2129 quo
1005 2082 1115 2129 pacto
1153 2079 1274 2116 facere
1310 2092 1375 2129 per
1416 2079 1707 2130 imprudentiam

178 2146 340 2183 voluisse
365 2163 416 2174 ·—
444 2145 580 2182 docent
600 2144 699 2182 enim
722 2143 907 2194 baptismo
926 2142 1066 2180 remitti
1085 2147 1289 2193 peccatum,
1312 2143 1464 2181 liberari
1485 2157 1553 2181 nos
1572 2157 1593 2182 a
1608 2151 1708 2181 m'or-

178 2216 225 2258 te,
263 2211 428 2248 Sathana
464 2215 500 2247 et
535 2209 719 2258 gehenna,
756 2207 918 2245 conferri
955 2207 1136 2257 Spiritum
1173 2208 1354 2244 Sanctum
1383 2212 1417 2245 et
1447 2207 1562 2245 vitam
1591 2212 1708 2245 aeter-

175 2281 262 2313 nam
293 2275 437 2321 donari,
465 2279 501 2312 et
527 2273 579 2311 ita
607 2272 646 2310 id
675 2273 811 2310 docent
841 2276 882 2309 ut
910 2271 1125 2322 quicunque
1153 2270 1334 2322 baptizati
1361 2284 1437 2308 non
1466 2271 1542 2309 sint
1569 2285 1588 2308 a
1608 2272 1709 2309 salu·-

175 2344 212 2377 te
239 2353 368 2376 omnes
398 2338 477 2376 sine
504 2337 724 2388 exceptione
750 2341 815 2374 aut
843 2335 1059 2373 discrimine
1087 2335 1164 2372 ullo
1193 2335 1395 2373 excludant
1421 2357 1472 2365 —
1498 2349 1566 2374 nos
1585 2342 1707 2374 tamen

172 2403 387 2441 istiusmodi
434 2402 645 2440 doctrinam
673 2401 826 2451 partim
865 2400 1095 2438 resecuimus
1132 2413 1153 2437 a
1187 2406 1316 2437 nostra
1355 2400 1535 2446 Ecclesia,
1572 2400 1707 2450 partim

177 2480 262 2505 vero
302 2467 483 2505 moderati
520 2467 570 2503 ita
610 2479 751 2509 sumus,
787 2470 828 2502 ut
865 2465 1008 2502 nullam
1045 2463 1206 2514 amplius
1242 2463 1479 2501 idololatriae
1515 2464 1611 2515 apud
1641 2475 1709 2502 nos

176 2532 336 2583 speciem
366 2531 576 2581 baptismus
606 2535 731 2568 noster
759 2543 845 2580 prae
871 2542 910 2566 sc
937 2530 1045 2567 ferat.
1083 2529 1218 2579 Neque
1245 2528 1344 2566 enim
1373 2529 1597 2566 assentimur
1621 2526 1711 2574 illis,

175 2596 239 2648 qui
267 2599 401 2647 putant
431 2595 623 2632 Christum
654 2594 859 2631 Dominum
889 2593 963 2630 vim
992 2606 1093 2630 suam
1125 2605 1271 2630 omnem
1301 2593 1484 2643 baptismo
1503 2593 1554 2629 ita
1572 2592 1711 2630 astrin-

174 2663 287 2707 xisse,
325 2666 364 2699 ut
403 2661 458 2698 vel
498 2664 585 2698 ante
622 2660 730 2697 illum
768 2659 824 2696 vel
860 2658 941 2696 sine
968 2658 1034 2695 illo
1065 2657 1159 2695 nihil
1189 2670 1351 2708 unquam
1387 2656 1562 2707 prodesse
1588 2661 1712 2706 queat,

174 2733 211 2766 et
238 2727 427 2778 baptismo
457 2729 593 2762 nostro
623 2737 700 2762 non
728 2723 891 2774 amplius
919 2723 1073 2760 omnino
1101 2722 1313 2764 tribuimus,
1339 2733 1450 2772 quam
1476 2721 1616 2758 Paulus
1642 2721 1710 2758 tri-

176 2793 265 2831 buat
304 2789 595 2832 circumcisioni,
632 2788 708 2826 nisi
746 2787 851 2839 quod
883 2788 1069 2838 baptismo
1099 2800 1162 2837 per
1190 2785 1349 2836 symboli
1377 2786 1595 2822 commutati
1623 2799 1713 2823 ana·

170 2857 313 2907 logiam
352 2855 478 2894 doceri
518 2854 696 2898 dicimus,
724 2854 934 2892 exhibitum
972 2853 1010 2890 id
1046 2852 1121 2890 iam
1150 2851 1259 2889 nobis
1285 2864 1364 2889 esse
1389 2850 1429 2887 in
1458 2850 1606 2889 Christo
1636 2851 1713 2889 Do-
