1818 3178
479 110 530 136 niz
560 109 842 135 sAaniuex'ris
875 107 1087 134 neccasrffl
1116 106 1295 133 CHRJs'rJ.
1578 96 1649 131 183

116 217 326 257 arceantur,
353 212 419 262 qui
445 211 594 248 illorum
622 210 799 261 mysteria
826 223 888 261 per
916 210 1092 247 adnatam
1120 215 1274 247 naturae
1301 207 1556 245 infirmitatem
1584 219 1640 243 re-

115 282 244 328 putare
272 290 347 314 non
369 279 541 327 possunt,
568 288 645 312 non
673 280 794 312 autem
823 288 887 325 per
915 278 1169 325 contemptum
1198 277 1366 324 reputare
1395 285 1470 309 non
1498 272 1640 309 volunt.

166 342 207 379 Si
234 355 275 379 ea
304 341 374 378 Dei
401 353 504 377 inens
532 344 626 377 esset
654 352 697 376 ac
725 339 896 376 voluntas
924 340 1130 386 aeter-(fol.
1161 340 1309 385 emona,
1335 341 1389 379 ut,
1417 336 1480 386 qui
1509 336 1640 372 Sacra-

114 410 326 443 mentorum
354 404 528 453 mysteria
557 409 725 454 reputare
754 417 830 441 non
856 408 1025 454 possunt,
1059 418 1079 441 a
1117 403 1218 441 verbi
1246 407 1281 441 et
1317 404 1642 439 Sacramentorum

114 470 321 507 ministerio
368 474 601 513 arcerentur,
646 482 765 520 neque
802 469 974 506 Christus
1012 482 1100 506 saue
1137 468 1319 505 Dominus
1359 467 1567 504 infantibus
1603 466 1641 503 in

111 535 220 571 ulnas
249 547 334 571 suas
361 534 522 583 acceptis
551 533 814 579 benedixisset,
844 547 928 570 cum
956 533 1051 570 nihil
1079 534 1231 588 omnino
1252 532 1501 581 intelligerent
1523 532 1565 578 ¹),
1590 551 1641 558 —-

113 612 233 648 neque
260 595 423 635 infantes
451 598 539 636 olim
567 599 659 636 iussi
687 599 846 636 fuissent
874 598 1051 635 mandato
1081 597 1217 634 Divino
1247 596 1464 634 circumcidi
1484 596 1530 643 2).

164 662 316 705 Dicunt,
362 662 578 700 mandatum
624 662 696 700 Dei
741 675 821 700 esse
857 662 897 699 in
936 661 1218 698 circumcisione
1256 661 1300 698 de
1335 660 1557 705 infantibus,
1599 659 1639 696 in

112 728 306 778 Baptismo
354 741 431 765 non
476 728 578 766 item.
633 729 684 765 At
721 740 806 765 vero
848 728 917 764 hoc
953 728 1033 777 ipso
1071 726 1246 764 mandato
1283 727 1323 763 in
1361 724 1642 762 circumcisione

111 793 198 830 dato
237 797 393 830 testatur
421 792 535 837 Deus,
574 793 736 829 alienum
764 792 801 828 id
830 805 850 828 a
879 805 945 828 sua
973 796 1094 828 mente
1121 804 1164 827 ac
1191 791 1380 827 voluntate
1408 793 1554 826 aeterna
1582 802 1639 825 cs-

111 870 160 900 se,
199 862 239 894 ut
274 857 436 894 infantes
471 862 664 906 propterea
701 857 748 893 ab
776 869 845 892 usu
876 856 1201 892 Sacramentorum
1229 858 1436 898 arceantur,
1463 853 1563 903 quod
1592 852 1638 889 il·

109 921 230 958 lorum
259 921 434 969 mysteria
464 933 587 957 secum
614 924 783 970 reputare
810 932 887 957 non
913 919 1070 970 possint.

160 985 259 1022 Dum
287 985 402 1034 igitur
430 984 467 1021 et
497 985 678 1029 Christus,
705 984 848 1034 prolata
878 997 944 1021 sua
971 984 1017 1021 ad
1046 984 1209 1020 infantes
1239 981 1509 1026 benedictione,
1528 994 1639 1031 quam

108 1050 164 1087 illi
200 1050 408 1098 intellig-erc
437 1062 510 1086 non
539 1053 730 1099 poterant,
764 1049 800 1086 et
828 1049 929 1086 Deus
958 1049 1065 1086 Pater
1092 1049 1179 1085 olim
1208 1047 1385 1084 mandato
1414 1059 1479 1083 suo
1509 1046 1553 1082 dc
1580 1046 1639 1082 in-

110 1114 276 1151 fantibus
316 1114 411 1150 circa
443 1114 767 1150 circumcisionem
796 1114 992 1150 manifeste
1018 1116 1212 1154 testentur,
1249 1116 1285 1148 et
1313 1110 1416 1148 verbi
1442 1117 1478 1147 et
1507 1111 1639 1146 Sacra-

108 1182 319 1215 mentorum
358 1178 601 1214 ministerium
641 1177 687 1214 ad
724 1178 888 1214 infantes
922 1178 1045 1220 etiam,
1082 1176 1168 1213 licet
1206 1175 1301 1212 nihil
1329 1175 1461 1211 horum
1498 1174 1636 1210 intelli-

106 1248 210 1290 gant,
237 1242 431 1292 pertinere,
450 1262 500 1268 -—
519 1247 663 1293 praeter
690 1245 852 1279 mentem
879 1255 922 1279 ac
951 1243 1178 1279 voluntatem
1208 1240 1276 1277 Dei
1304 1240 1459 1283 faciunt,
1487 1240 1550 1289 qui
1577 1239 1636 1275 in-

107 1309 228 1345 fantes
264 1307 302 1344 in
341 1306 507 1344 Ecclesia
544 1310 670 1343 arcent
704 1320 725 1343 a
761 1306 927 1355 legitimo
965 1307 1292 1343 Sacramentorum
1328 1317 1408 1350 usu,
1443 1307 1637 1354 propterea

108 1371 194 1419 (fol.
224 1371 308 1418 82³)
338 1370 437 1420 quod
466 1383 596 1411 eorum
623 1371 798 1420 mysteria
827 1383 950 1408 seeum
979 1370 1091 1420 digne
1118 1373 1288 1420 reputare
1315 1382 1393 1406 non
1418 1368 1594 1418 possint„

156 1434 358 1472 Proferunt
394 1438 431 1472 et
466 1434 578 1472 illud:
618 1434 695 1472 Qui
733 1435 931 1473 crediderit
957 1440 992 1472 et
1020 1435 1228 1485 baptizatus
1256 1434 1378 1478 fuerit,
1405 1434 1528 1470 salvus
1555 1432 1636 1473 erit,

106 1503 218 1550 atque
244 1499 332 1536 inde
361 1500 553 1548 colligunt,
581 1513 656 1543 θος,
684 1500 749 1550 qui
768 1513 843 1538 non
869 1501 1035 1544 credunt,
1063 1513 1138 1537 non
1154 1513 1232 1537 esse
1247 1499 1360 1536 etiam
1379 1497 1636 1548 baptizandos,

105 1569 142 1602 et
178 1577 262 1601 cum
294 1564 458 1601 infantes
493 1577 569 1601 non
611 1564 765 1602 credunt
801 1578 844 1601 ac
880 1578 926 1602 ne
961 1565 1108 1615 possint
1152 1564 1302 1615 quidem
1347 1562 1512 1607 credere,
1557 1574 1632 1598 non

102 1628 218 1678 igitur
253 1629 363 1665 etiam
404 1629 646 1678 baptizandos
674 1642 774 1675 esse;
813 1629 951 1666 servari
978 1630 1063 1666 illos
1090 1632 1216 1666 tamen
1245 1628 1356 1665 etiam
1383 1627 1462 1664 sine
1490 1626 1630 1676 baptis-

105 1706 165 1730 mo
203 1700 352 1743 propter
386 1693 499 1730 latam
535 1694 573 1730 in
603 1694 750 1731 foedere
776 1694 1074 1744 promissionem,
1101 1692 1415 1744 quemadmodum
1442 1691 1634 1728 foeiuellac

106 1758 194 1794 olim
230 1758 270 1795 in
307 1762 426 1796 vetere
464 1759 632 1796 Ecalesia
677 1760 932 1805 servabantur,
968 1759 1113 1797 etiamsi
1150 1772 1227 1796 non
1265 1757 1632 1800 circumciderentur,

104 1826 310 1873 putantque
337 1823 515 1860 invictam
541 1825 651 1874 plane
679 1837 758 1861 esse
784 1825 881 1862 hanc
909 1838 1013 1862 suam
1040 1824 1379 1862 ratiocinationem.

159 1889 210 1924 At
248 1900 331 1924 vero
371 1901 492 1924 seeum
520 1888 675 1938 ipsemet
702 1894 872 1939 pugnant
899 1890 938 1926 in
968 1903 1034 1927 sua
1061 1889 1198 1927 invicta
1224 1889 1308 1933 ista,
1336 1891 1376 1925 ut
1402 1891 1547 1937 putant,
1575 1899 1629 1923 ar-

106 1951 397 2000 gumentatione,
433 1951 463 1988 si
499 1952 717 1989 adiunctum
753 1966 773 1989 a
805 1953 954 1990 Christo
985 1953 1146 1990 Domino
1175 1952 1303 1990 eodem
1332 1952 1413 2001 ipso
1441 1951 1523 1987 loeo
1552 1962 1633 1986 ver-

108 2016 251 2060 borum,
287 2029 380 2066 quae
415 2030 481 2067 pro
520 2030 558 2054 se
585 2017 745 2068 rapiunt,
779 2018 991 2055 antitheton
1019 2019 1268 2066 coniungant:
1298 2030 1438 2067 nempe,
1466 2015 1527 2065 qui
1558 2028 1632 2051 non

107 2080 317 2123 crediderit,
346 2081 832 2126 condemnabitur‚—dum
858 2083 1021 2120 infantes
1048 2096 1126 2120 non
1155 2083 1299 2119 credere
1326 2085 1362 2117 et
1390 2079 1632 2117 nihilominus

107 2146 246 2183 servari
284 2145 431 2189 docent,
467 2151 597 2184 contra
625 2148 839 2185 adiunctum
868 2162 932 2199 per
972 2148 1163 2185 Christum
1192 2147 1394 2184 Dominum
1423 2144 1634 2182 antitheton

106 2210 200 2247 illud
229 2210 275 2247 de
306 2210 600 2247 condemnandis
628 2211 814 2256 omnibus,
842 2212 905 2262 qui
934 2226 1008 2250 non
1040 2212 1207 2248 credunt.

161 2275 310 2313 Quodsi
346 2275 558 2313 antitheton
605 2276 696 2313 illud
743 2277 790 2314 ad
837 2281 1108 2327 contemptores
1155 2276 1338 2313 duntaxat
1374 2275 1555 2317 referant,
1594 2279 1633 2308 ut

107 2352 171 2376 eos
198 2344 344 2376 tantuin
375 2340 615 2377 condemnari
642 2341 906 2389 intelligamus,
943 2341 1006 2391 qui
1035 2354 1117 2378 cum
1145 2340 1304 2390 possint,
1336 2338 1483 2376 credere
1508 2342 1631 2375 tamen

88 2417 186 2449 ‚non
217 2405 357 2447 volunt,
376 2426 424 2431 —-
454 2418 541 2441 sanc
570 2405 678 2442 fateri
707 2410 887 2453 cogentur
915 2405 1037 2450 etiam,
1064 2405 1147 2452 (fol.
1178 2404 1263 2448 82¹»)
1292 2402 1392 2440 aliud
1423 2415 1498 2439 non
1526 2414 1634 2451 posse

110 2468 236 2515 colligi
271 2482 315 2504 ex
351 2468 539 2518 prioribus
576 2470 647 2506 illis
686 2470 822 2507 Christi
861 2470 999 2507 verbis:
1031 2470 1107 2507 Qui
1136 2467 1332 2505 crediderit
1360 2471 1395 2504 et
1426 2466 1633 2516 baptizatus

109 2533 221 2569 fuerit
248 2537 332 2577 ete.,
359 2546 469 2583 quam
498 2538 552 2576 ut,
585 2534 894 2582 quemadmodum
934 2534 972 2571 hi
1009 2534 1157 2571 deinum
1195 2532 1407 2583 baptizandi
1446 2535 1544 2572 sunt,
1572 2529 1633 2579 qui

110 2597 258 2634 credere
294 2598 425 2634 volunt
464 2611 544 2635 cum
582 2603 750 2648 possunt,
786 2599 836 2636 ita
874 2599 985 2635 etiam
1012 2612 1075 2636 eos
1103 2598 1285 2635 duntaxat
1313 2611 1333 2634 a
1363 2597 1546 2646 baptismo
1575 2608 1632 2630 ar-

110 2661 247 2698 cendos
284 2675 374 2704 esse,
411 2663 488 2712 qui,
527 2676 608 2699 cum
645 2663 792 2700 eredere
818 2664 976 2713 possint,
1005 2663 1043 2700 id
1070 2667 1194 2701 tamen
1226 2663 1359 2699 nolunt
1395 2662 1533 2706 faccre3
1556 2672 1631 2696 non

109 2730 229 2763 autem
272 2740 347 2771 cos,
392 2727 454 2777 qui
499 2741 561 2777 per
608 2734 758 2765 naturae
797 2728 1054 2765 infirmitatem
1092 2728 1250 2777 credere,
1286 2727 1431 2765 etiamsi
1469 2724 1628 2762 maxime

157 2867 180 2906 ¹)
203 2866 303 2898 Marc.
329 2866 376 2898 10.
422 2870 448 2906 2)
475 2868 551 2898 Gen.
580 2868 625 2901 17.
