1818 3178
330 136 1589 150 »mmmmmwmmmmmsffl

251 563 1402 661 BREVIS

365 754 433 795 ΕΤ
465 755 742 797 DILUCIDA
774 755 849 796 DE
881 755 1277 799 SACRAMENTIS

62 901 261 942 Ecclesiae
306 901 452 942 Christi
491 902 690 951 tractatio,
733 902 774 942 in
815 917 892 957 qua
933 907 970 944 et
986 904 1090 959 fons
1130 903 1224 956 ipse,
1267 908 1304 944 et
1333 905 1438 945 ratio
1469 905 1589 945 totius

91 973 429 1015 Sacramentariae
467 975 592 1016 nostri
633 974 811 1028 temporis
852 975 1134 1016 controversiae
1154 966 1301 1028 pauez's
1331 977 1560 1029 avpomttur:

119 1050 339 1100 naturaque
389 1061 435 1087 ae
483 1046 542 1087 vis
592 1046 927 1086 Sacramentorum
977 1047 1197 1099 compendio
1247 1051 1284 1087 et
1320 1049 1528 1100 perspicue

381 1117 613 1170 emplieaztur,
649 1132 724 1170 per
754 1117 938 1158 Ioannem
969 1116 994 1157 ὰ
1025 1117 1163 1167 Laseo,
1196 1123 1266 1159 etc.

108 1385 278 1422 CAUSA
314 1384 394 1434 ipsa
431 1383 726 1421 Sacramentaria
760 1383 801 1421 in
838 1397 916 1422 sese
952 1396 1029 1422 non
1063 1388 1140 1422 tam
1177 1388 1232 1423 est
1268 1386 1437 1431 difficilis,
1471 1381 1583 1438 quam

57 1450 158 1487 illam
188 1449 371 1486 humanae
398 1448 578 1499 quaedam
605 1448 785 1497 argutiae,
811 1449 870 1486 vel
895 1449 1065 1487 invectae
1091 1455 1236 1500 praeter
1264 1456 1424 1489 mentem
1447 1453 1586 1490 Christi

59 1513 212 1551 Domini
247 1511 584 1564 interpretationes,
622 1512 803 1549 difficilem
840 1512 1094 1552 reddiderunt.
1143 1514 1236 1551 Cum
1273 1515 1373 1552 enim
1400 1515 1585 1554 Dominus

55 1578 210 1629 ipsemet
246 1590 291 1614 ex
327 1577 493 1614 omnium
529 1577 689 1614 maxime
725 1577 870 1626 vulgari
897 1577 1092 1616 hominum
1121 1592 1224 1617 more
1251 1580 1357 1629 signa
1386 1581 1458 1618 sibi
1487 1582 1585 1619 dele-

56 1642 153 1691 gerit
188 1654 339 1679 suorum
375 1642 715 1685 sacramentorum,
743 1640 898 1678 dubium
926 1655 1014 1679 sane
1041 1656 1121 1680 esse
1147 1656 1223 1681 non
1251 1649 1386 1694 potest,
1422 1646 1585 1695 vulgari-

56 1711 112 1744 ter
146 1707 264 1750 illum,
300 1710 336 1744 et
368 1705 527 1756 proinde
562 1706 672 1756 plane
708 1705 818 1743 etiam
855 1718 897 1743 ac
931 1707 1125 1757 perspicue
1153 1708 1315 1746 volu‘isse
1343 1709 1453 1747 nobis
1481 1714 1584 1761 pate-

58 1772 190 1814 facere,
225 1783 270 1807 ac
306 1771 404 1808 velut
441 1770 490 1807 ob
527 1770 656 1807 oeulos
693 1775 842 1807 nostros
878 1783 1027 1820 ponere,
1063 1771 1234 1809 caelestia
1273 1773 1415 1822 gratiae
1448 1774 1488 1811 in
1517 1787 1585 1811 nos

58 1849 145 1873 suae
171 1835 360 1885 mysteria,
387 1835 471 1883 (fol.
492 1837 546 1881 1⁵1)
573 1847 648 1872 non
677 1838 798 1872 autem
825 1834 877 1872 ita
903 1835 1105 1880 involvere,
1135 1841 1174 1874 ut
1201 1850 1221 1874 a
1250 1838 1396 1875 nemine
1423 1838 1584 1886 intelligi

56 1905 220 1951 possent.
261 1899 332 1937 Sed
361 1912 442 1936 cum
473 1911 513 1936 ea
541 1898 589 1936 sit
617 1902 745 1936 nostra
772 1899 940 1936 omnium
969 1900 1189 1950 corruptela,
1217 1905 1267 1944 ut,
1295 1914 1389 1951 quae
1416 1901 1583 1950 vulgaria

56 1965 254 2015 fac-iliaque
294 1968 391 2008 sunt,
425 1976 513 2014 prae
547 1962 594 2000 iis
628 1964 704 2000 fere
741 1967 1036 2008 contemnamus,
1080 1977 1175 2014 quae
1216 1978 1300 2002 rara
1338 1965 1584 2015 sublimiaque

54 2035 90 2068 et
133 2029 286 2077 cognitu
324 2028 484 2066 difficilia
525 2041 605 2065 esse
641 2027 823 2071 videntur,
859 2031 1038 2078 putarunt
1071 2029 1250 2079 plerique,
1287 2029 1339 2080 pii
1379 2030 1519 2079 alioqui
1547 2034 1583 2067 et

55 2093 192 2131 eruditi
235 2092 417 2134 homiues,
462 2090 507 2128 ad
545 2090 721 2128 tuendam
760 2092 1086 2129 Sacramentorum
1124 2091 1344 2140 dignitatem
1378 2092 1580 2142 plurimum

57 2156 236 2194 momenti
279 2155 492 2193 habiturum
535 2168 635 2200 esse,
680 2155 710 2191 si
755 2155 917 2192 externis
954 2155 1065 2193 etiam
1101 2157 1426 2193 Saeramentorum
1464 2157 1581 2206 signis

55 2234 228 2259 eorumve
272 2219 484 2259 elementis.
529 2232 623 2269 quae
667 2219 836 2256 sensibus
882 2220 1021 2256 uostris
1057 2220 1223 2270 exposita
1260 2225 1403 2265 essent,
1439 2221 1580 2271 aliquid

54 2285 238 2324 eiusmodi
274 2284 492 2329 tribuerent,
529 2283 626 2333 quod
664 2297 788 2321 rarum
826 2284 984 2321 sublime
1020 2285 1245 2335 cognitoque
1274 2285 1420 2322 difficile
1447 2290 1483 2323 et
1509 2286 1582 2323 mi-

54 2350 264 2388 raculosum
317 2348 407 2385 adeo
454 2347 569 2385 videri
613 2352 750 2398 posset,
787 2347 1077 2398 cogitabantque
1111 2362 1152 2386 ea
1189 2349 1229 2386 in
1265 2349 1384 2399 pretio
1432 2363 1575 2401 semper

55 2416 145 2460 fore,
190 2428 282 2465 quae
320 2413 370 2451 rei
407 2412 634 2450 sublimitate
661 2412 806 2449 animos
834 2412 1000 2450 omnium
1029 2413 1305 2463 quodammodo
1333 2419 1505 2464 raperent
1540 2414 1579 2452 in

55 2481 111 2519 sui
137 2479 433 2518 admirationem.

105 2546 166 2582 Ita
202 2558 290 2582 sane
326 2557 345 2581 e
384 2542 553 2594 patribus
588 2541 740 2592 quidam
775 2541 1021 2579 mutationem
1059 2541 1169 2579 nobis
1205 2542 1392 2592 quandam
1427 2543 1467 2580 in
1504 2543 1577 2581 ele-

53 2609 190 2647 mentis
235 2610 559 2646 Saeramentorum
602 2605 892 2650 constituebant,
926 2618 1002 2643 non
1049 2605 1198 2656 quidem
1243 2620 1335 2652 eam,
1379 2621 1490 2657 quam
1538 2607 1578 2645 in

54 2673 198 2723 Papatu
235 2677 369 2710 vocant
402 2669 857 2713 transubstantiationem,
896 2668 971 2713 sed,
1005 2683 1077 2719 qua
1112 2670 1362 2708 accessionem
1391 2671 1576 2721 quandam

54 2739 93 2776 in
121 2738 325 2781 elementis,
353 2749 478 2774 sacrae
505 2740 582 2773 tam
610 2733 748 2772 actioni
776 2733 969 2779 adhibitis,
995 2733 1190 2783 designare
1217 2735 1414 2782 volebant;
1444 2748 1575 2785 nempe

51 2804 170 2854 ipsam
206 2801 467 2852 mysteriorum
504 2799 715 2837 caelestium
754 2797 1066 2847 significationem
1101 2802 1213 2849 atque
1241 2799 1579 2845 adumbrationem,

56 2881 139 2906 eum
166 2867 257 2906 alias
285 2866 384 2905 nuda
413 2878 635 2917 prorsusque
664 2862 830 2912 vulgaria
858 2862 1037 2904 elementa
1064 2867 1198 2901 essent.

1380 2926 1428 2969 8*
