1818 3178
611 134 661 164 m)
690 134 776 167 FUG.
806 135 956 166 PAms'r.
983 134 1133 165 SACRIS.

107 235 209 276 tione
237 237 377 283 habita,
405 237 506 288 quod
535 251 660 277 omnes
679 242 849 279 homines

107 302 212 339 omni
248 301 370 340 studio
405 314 448 339 eo
485 302 635 341 tendere
672 305 843 351 debeant,

109 368 162 410 ut,
183 369 364 415 quantum
385 363 601 403 brevissime
618 368 698 405 fieri
722 368 851 418 possit,

107 428 364 479 unusquisque
399 428 571 475 lucrifiat,
608 431 661 468 sic
696 444 844 482 quoque

107 491 349 530 metuendum
377 491 437 529 hic
464 493 574 531 nobis
602 508 679 532 non
706 500 772 543 est,
799 508 846 533 ne

108 556 206 607 apud
241 557 378 594 eleetos
415 557 622 596 videremur
651 560 851 610 intempes-

107 620 182 657 tive
216 619 357 670 aliquid
393 621 523 669 egisse,
567 623 655 659 dum
692 623 847 660 Domini

109 684 199 721 Jesu
228 684 367 722 Christi
394 685 640 736 Euangelium
668 688 850 738 interpre-

109 753 253 796 tamur3
299 751 430 800 procul
465 751 575 797 absit,
613 756 650 789 ut
687 751 848 801 aliquam

108 813 245 851 exinde
272 814 470 864 impietatis
503 815 750 866 suspicionem
767 817 851 862 (12)

111 877 222 916 nobis
258 879 484 918 timeremus.
538 880 658 917 Nemo
695 883 762 924 est,
788 878 853 929 qui

113 942 234 979 dicere
277 944 405 993 possit,
449 957 486 981 se
522 944 561 981 in
605 942 858 994 promovenda

113 1007 312 1056 Euangelii
339 1008 419 1046 luce
447 1008 572 1045 omnia
598 1008 742 1052 fecisse,
759 1019 853 1057 quae

112 1071 261 1121 quidem
289 1073 409 1109 facere
430 1071 639 1118 debeamus,
659 1071 722 1108 sed
745 1070 848 1119 eogi-

111 1149 193 1173 mur
230 1136 339 1173 simul
375 1149 502 1173 omnes
540 1140 705 1173 nostram
742 1135 782 1172 in
809 1148 850 1172 ea

112 1212 151 1236 re
177 1199 431 1237 infirmitatem
451 1204 561 1249 atque
581 1198 847 1248 negligentiam

113 1278 325 1313 agnoscere,
377 1264 523 1302 etiamsi
575 1265 653 1302 veri
707 1263 847 1314 alioqui

115 1328 318 1365 Christiani
347 1341 485 1366 sumuS.
516 1327 664 1365 Quodsi
692 1340 769 1365 non
796 1328 856 1364 in-

113 1392 201 1429 fima
244 1391 442 1440 Euangelii
487 1391 733 1430 confessionis
769 1404 854 1442 pars

113 1459 180 1501 est,
214 1460 254 1493 ut
287 1455 417 1493 relicto
454 1455 635 1506 Papismo
655 1455 701 1493 ad
727 1455 853 1507 publi-

116 1532 199 1556 cum
234 1519 395 1570 aliquem
433 1519 572 1571 Christi
610 1524 756 1558 coetum
783 1533 852 1557 nos

114 1583 374 1633 adjungamus,
401 1585 503 1622 nulla
530 1584 570 1622 in
597 1597 639 1622 eo
660 1589 854 1634 tegumen-

114 1652 151 1684 ta
188 1661 362 1698 quaerere
396 1648 483 1685 licet
519 1648 564 1685 ad
602 1649 855 1686 infirmitatem

115 1718 282 1750 nostram
309 1718 419 1764 atque
447 1714 715 1763 negligentiam
743 1727 853 1752 excu-

119 1777 285 1823 sandam,
329 1792 420 1828 quas
466 1779 581 1816 multo
618 1779 737 1828 magis
777 1792 859 1816 cum

117 1843 223 1890 gravi
250 1847 359 1892 atque
386 1849 561 1894 perpetua
589 1843 706 1881 divini
725 1845 852 1882 auxilii

1589 118 1632 159 77

900 240 1040 290 uighen
1084 236 1261 287 zaligheit
1304 232 1456 272 zoucke.
1512 230 1637 268 Godes

896 305 1048 348 Gheest,
1093 303 1124 340 is
1160 300 1243 339 zich
1278 299 1406 337 zeluen
1442 297 1480 334 in
1517 308 1639 346 zynen

905 367 1181 405 wtuerkorenen
1235 363 1312 401 niet
1354 360 1552 410 enteghen,
1595 372 1640 409 zy

896 433 970 480 zijn
1005 430 1128 468 zwack
1163 428 1206 466 of
1238 426 1375 471 starem
1410 426 1574 475 gheleert
1602 423 1644 461 of

898 494 1126 544 ongheleert,
1152 506 1197 542 zy
1225 491 1372 529 hebben
1393 490 1456 528 het
1476 490 1640 526 Pauwst-

905 559 950 596 do
988 561 1183 608 verworpfi,
1218 557 1260 594 of
1286 556 1425 604 blijuen
1453 554 1546 591 door
1573 566 1643 591 on-

898 621 1067 659 wetEheit
1102 620 1199 658 noch
1238 620 1378 657 daerin.
1431 618 1489 656 En
1527 618 1644 666 dewijl

905 686 950 723 de
977 685 1228 723 wtuerkorenc·
1254 687 1314 732 (zo
1334 697 1378 734 zy
1397 696 1557 733 ymmers
1577 687 1643 720 wt-

903 750 1131 787 uerkorenen
1159 751 1250 797 zijn)
1278 762 1350 786 van
1377 748 1490 785 dezen
1517 747 1644 785 zeluen

907 814 1045 851 Gheest
1073 813 1150 850 niet
1176 813 1366 862 gantzliek
1387 812 1538 850 konnen
1558 815 1645 848 ont-

905 882 978 915 zett
1014 878 1058 914 of
1089 877 1217 926 ledigh
1251 877 1411 926 ghestelt
1445 876 1573 920 werdE,
1601 888 1643 912 zo

913 942 986 979 kan
1022 941 1117 979 ooek
1155 941 1200 978 de
1234 954 1300 978 een
1336 942 1375 978 in
1413 941 1484 978 den
1510 940 1647 978 andere

904 1006 981 1043 niet
1007 1005 1129 1054 altijdt
1156 1005 1357 1054 veruolghe
1384 1005 1427 1042 of
1443 1005 1566 1049 haten,
1584 1005 1646 1042 ick

899 1069 1053 1119 zwijghe
1081 1069 1230 1107 schelde
1257 1074 1302 1106 esi
1329 1069 1474 1114 lastere,
1502 1070 1565 1106 dat
1591 1073 1647 1106 ter

904 1134 1179 1183 voorderinghe
1207 1134 1270 1171 des
1297 1133 1429 1171 lichtes
1457 1134 1520 1171 des
1546 1133 1646 1170 Eua-

900 1198 989 1247 gelii
1017 1198 1168 1242 Christi,
1193 1198 1284 1234 door
1304 1201 1391 1235 eene
1410 1197 1540 1246 gheest
1556 1197 1646 1246 ghe-

901 1263 1035 1314 sproke
1064 1263 1188 1302 werdt.
1233 1263 1514 1312 Anghemarekt
1541 1263 1650 1304 ooek,

909 1327 972 1365 dat
1000 1328 1071 1365 alle
1098 1327 1299 1365 menschen
1336 1328 1404 1365 mit
1429 1332 1556 1377 gatzer
1583 1327 1647 1364 be-

906 1393 1011 1440 gfirte
1047 1391 1164 1429 darna
1192 1391 1354 1429 behoore
1381 1396 1416 1429 te
1444 1396 1559 1437 staen,
1588 1391 1651 1428 dat

905 1468 972 1493 een
1000 1455 1184 1505 ieghelick
1209 1455 1441 1505 ghewonnen
1461 1455 1589 1500 werde,
1606 1468 1650 1492 zo

906 1519 1070 1557 kortlick
1107 1520 1161 1558 als
1197 1520 1260 1558 het
1287 1520 1498 1569 moghelick,
1525 1520 1576 1558 is:
1605 1533 1648 1557 zo

907 1585 1056 1622 hebben
1092 1598 1145 1635 wy
1183 1598 1252 1623 ons
1280 1586 1359 1623 hier
1388 1585 1483 1622 oock
1511 1586 1588 1623 niet
1615 1590 1651 1623 te

911 1653 1048 1694 vreeze,
1076 1649 1140 1687 dat
1166 1663 1220 1699 wy
1250 1649 1297 1699 by
1327 1649 1398 1687 den
1427 1649 1651 1687 wtuerkore·

909 1727 982 1752 nen
1017 1715 1123 1752 zolde
1159 1715 1298 1764 schyne
1336 1718 1405 1752 wat
1443 1715 1652 1764 ontijdigh-

912 1779 988 1816 liek
1015 1779 1157 1828 ghedae
1186 1784 1222 1817 te
1251 1780 1391 1817 hebbe:
1430 1781 1479 1817 Zo
1507 1794 1562 1830 wy
1590 1781 1653 1818 het

908 1844 1120 1894 Euangelisi
1139 1845 1202 1883 des
1226 1845 1373 1883 Heeren
1386 1845 1409 1882 J
1415 1846 1501 1883 hesu
1514 1846 1654 1883 Christi

120 1906 393 1957 imploratione,
445 1920 617 1945 accusare
669 1908 708 1945 in
754 1909 863 1946 nobis
919 1909 1124 1954 verklaren,
1151 1923 1254 1947 verre
1281 1914 1379 1947 moet
1407 1910 1469 1947 het
1487 1912 1572 1959 zijn,
1590 1910 1654 1948 dat

119 1976 230 2021 atque
259 1970 452 2020 deplorare
479 1971 667 2010 debemus.

914 1986 968 2022 wy
996 1986 1064 2010 ons
1093 1974 1276 2011 daerdoor
1303 1987 1369 2011 vor
1396 1974 1551 2022 eenighe‘
1567 1976 1654 2023 arg-

912 2050 1036 2075 waane
1057 2038 1120 2075 der
1140 2038 1655 2087 god·(l2)looszheitzolden

915 2115 1078 2140 vreezen.
1117 2101 1194 2138 Dar
1220 2101 1253 2139 is
1282 2102 1455 2139 niemand
1485 2102 1543 2139 die
1570 2116 1654 2152 zeg-

912 2165 1010 2214 ghen
1038 2165 1125 2209 kan,
1146 2164 1195 2214 hy
1215 2164 1335 2202 hebbe
1353 2165 1393 2203 in
1414 2165 1477 2203 der
1498 2166 1654 2203 voorde-

916 2229 1050 2278 ringhe
1086 2230 1149 2267 des
1186 2229 1320 2268 lichtes
1358 2230 1420 2268 des
1458 2231 1657 2281 Euangelii

915 2293 1098 2342 ghedaen,
1133 2294 1223 2331 alles
1260 2298 1329 2332 wat
1357 2308 1410 2345 wy
1439 2297 1504 2333 wel
1531 2296 1655 2335 schul-

917 2358 1007 2407 digh
1035 2360 1107 2407 zijn
1136 2362 1171 2396 te
1200 2358 1315 2397 doen:
1337 2372 1415 2397 mer
1434 2361 1578 2399 werden
1602 2363 1657 2400 al-

914 2422 1048 2460 ternael
1095 2422 1353 2472 bedwonghen
1400 2425 1519 2463 hierin
1564 2439 1656 2466 onze

916 2485 1119 2524 zwaekheit
1139 2487 1233 2524 ende
1253 2489 1603 2538 verzuymelickheit
1620 2495 1659 2529 te

922 2550 1104 2597 bekennE,
1124 2551 1164 2600 ja
1184 2551 1285 2589 zelue
1301 2556 1337 2590 te
1352 2552 1659 2604 besebuldighen,

919 2627 962 2652 zo
983 2627 1036 2665 wy
1055 2616 1188 2654 anders
1208 2630 1324 2655 waare
1342 2618 1561 2657 Christenen
1571 2622 1657 2669 zijn.

919 2680 1027 2717 Ende
1054 2693 1096 2718 zo
1126 2681 1180 2719 dit
1209 2682 1285 2720 niet
1312 2682 1374 2720 het
1395 2684 1527 2722 minste
1550 2685 1657 2723 stuck

923 2743 987 2781 der
1016 2743 1197 2794 belijding
1224 2746 1287 2783 des
1316 2746 1513 2796 Euangelii
1532 2749 1576 2793 is,
1595 2749 1659 2788 dat

923 2821 976 2858 wy
996 2821 1064 2846 ons
1085 2809 1151 2847 mit
1173 2811 1308 2848 verlatss
1320 2810 1382 2849 des
1394 2811 1658 2860 Pauwstdoms,

924 2874 980 2911 tot
1016 2885 1123 2912 eener
1159 2874 1389 2926 opentlicker
1427 2875 1657 2930 Ghemeynte
