1818 3178
737 136 812 163 PRA
821 135 979 164 EFATIO.
1555 135 1626 163 LXI

101 264 123 290 ῃ
147 241 346 284 admitted
390 246 543 283 master
591 255 613 281 a
660 240 798 283 Lasco
843 247 884 283 to
922 255 946 283 a
977 240 1139 296 private
1169 239 1386 291 audience,
1419 246 1461 282 at
1492 239 1627 282 which

100 333 122 359 n
145 314 263 356 there
308 328 417 355 were
465 327 591 368 many
631 327 803 368 persons
835 318 1017 368 present,
1051 311 1124 354 but
1154 318 1226 354 not
1258 311 1399 354 within
1432 311 1647 368 hearing.‘

100 405 123 431 n
146 384 197 427 In
245 385 324 427 this
370 384 421 426 he
467 383 652 426 rebuked
701 385 770 426 the
812 384 916 441 king
963 383 1027 425 for
1075 384 1139 425 his
1169 384 1231 426 sin
1266 385 1306 426 in
1340 383 1527 441 denying
1558 382 1630 424 the

102 480 123 505 η
148 456 265 499 Lord
309 456 465 507 Christ,
510 471 553 497 as
595 455 645 497 he
686 455 766 497 had
808 456 916 497 done
947 461 1028 497 two
1059 455 1161 512 days
1192 455 1361 498 before:
1391 456 1557 509 plaeinq
1587 455 1632 496 in

102 552 123 577 ῃ
147 530 211 571 lais
250 531 377 571 hands
407 544 432 569 a
467 529 621 570 certain
652 530 847 570 excellent
879 528 1047 569 treatz‘se
1078 527 1229 584 (which
1262 528 1312 569 he
1344 527 1425 570 had
1458 542 1628 583 compo-

103 623 124 649 ῃ
149 599 219 642 sed
266 607 306 642 at
348 599 496 642 Wilna
543 615 566 641 a
607 599 724 641 short
764 599 864 641 time
895 599 1023 655 since)
1059 600 1291 654 eoozeernz‘ny
1326 602 1391 642 tlce
1421 600 1635 653 obliqatz‘oa

105 693 127 719 η
152 674 210 728 of
249 688 274 713 a
319 673 410 725 kiny
444 677 481 713 to
513 674 668 728 destroy
699 672 876 727 iclolatry
907 670 988 712 and
1021 678 1062 712 to
1094 679 1284 727 promote
1316 677 1409 713 true
1441 671 1635 727 religion,

103 767 125 792 ῃ
149 744 232 786 and
277 742 364 785 also
410 745 642 797 eoncernz'ny
682 745 746 785 mae
775 743 983 785 subtleties
1012 743 1062 799 of
1090 744 1154 784 the
1174 744 1324 796 papissa
1355 744 1522 797 bislaops,
1552 742 1635 785 and

103 838 124 863 η
149 816 218 858 the
266 815 450 873 dangers
496 816 584 858 that
631 817 754 857 await
798 815 867 856 the
917 815 1020 870 king
1073 814 1155 856 and
1190 814 1258 856 the
1290 814 1492 872 kingdom
1526 814 1643 856 itself

103 909 125 935 ῃ
151 887 336 944 through
380 887 488 929 their
520 902 676 938 means,
710 885 852 927 unless
884 885 1032 943 timely
1064 886 1332 942 precautions
1364 885 1414 928 be
1445 887 1638 944 adopted,

105 982 127 1007 ῃ
154 958 236 1001 aud
275 959 509 1012 concerninff
558 960 621 1000 tlae
666 972 874 1014 necessary
902 959 1186 1012 preparation&
1217 962 1254 999 to
1287 959 1329 998 be
1358 960 1472 1000 made
1501 960 1642 1015 before

107 1052 129 1077 n
155 1032 219 1072 che
249 1031 420 1084 meetinq
452 1033 508 1086 of
537 1032 603 1071 tlze
632 1028 761 1072 diezsf'
796 1029 845 1085 ¹).
898 1029 1017 1071 Nihil
1047 1030 1171 1072 huius
1200 1044 1370 1085 quoque
1400 1031 1544 1087 scripti
1575 1047 1640 1073 su-

105 1116 270 1157 peresse
302 1101 479 1151 videtur,
514 1100 672 1156 quippe
702 1099 814 1155 quod
845 1114 1067 1155 nunquam
1098 1099 1365 1155 divulgatum
1400 1116 1452 1142 ex
1485 1100 1637 1143 Archi-

105 1174 165 1215 vis
208 1171 469 1230 Sigismundi
511 1186 677 1227 quoque
714 1169 954 1213 hauddubie
997 1171 1091 1213 odio
1122 1171 1384 1227 papistarum
1419 1187 1517 1214 mox
1547 1172 1639 1215 sub-

105 1251 273 1301 reptum
304 1243 477 1300 ignique
511 1244 766 1286 exstinctum
797 1245 863 1287 sit.

109 1391 176 1432 14.
239 1389 357 1432 ACTA
390 1403 476 1431 CUM
508 1403 713 1432 EPISCOPIS
744 1402 975 1441 POLONICIS‚
1017 1403 1066 1430 ΕΤ
1095 1403 1194 1431 ALIA
1228 1402 1433 1442 QUAEDAM
1465 1402 1641 1431 MINORIS

774 1475 986 1504 MOMENTI.

171 1606 270 1649 Una
331 1606 461 1649 classe
513 1605 918 1662 comprehendemus
968 1604 1174 1660 quaedam
1224 1606 1398 1647 minoris
1449 1605 1650 1648 momenti

108 1678 276 1735 scripta,
320 1693 503 1734 quorum
551 1679 619 1720 hic
659 1678 746 1720 illic
782 1679 825 1720 in
858 1677 1041 1734 epistolis
1072 1677 1200 1720 Lasci
1234 1679 1390 1719 mentio
1421 1677 1555 1719 obiter
1587 1677 1647 1719 in-

110 1749 269 1792 iicitur.
331 1749 513 1792 Prorsus
545 1749 710 1791 silentio
740 1749 843 1791 haec
876 1750 1107 1806 praeterire
1140 1748 1304 1791 vetabat
1335 1748 1650 1791 commentatio·

113 1822 175 1864 nis
214 1829 382 1864 nostrae
431 1822 553 1866 ratio.
613 1822 719 1865 Tam
772 1822 942 1879 penitus
973 1828 1116 1864 autem
1150 1822 1286 1864 omnis
1317 1836 1466 1864 eorum
1498 1820 1651 1864 excidit

116 1896 332 1946 memoria,
365 1902 449 1937 tam
481 1902 596 1936 certo
628 1910 751 1936 omne
783 1910 931 1936 eorum
962 1894 1087 1950 periit
1103 1895 1144 1936 in
1168 1901 1389 1936 aeternum
1409 1893 1647 1951 vestigium,

115 1973 161 2009 ut
190 1966 451 2023 paucissimis
481 1981 529 2008 ea
560 1967 815 2008 recensuisse
846 1966 943 2023 plus
975 1981 1100 2022 quam
1133 1965 1323 2010 sufficiat.

175 2054 213 2081 a.
275 2042 380 2080 Aeta
425 2055 509 2080 cam
552 2039 687 2092 Episc.
722 2040 925 2081 polonicis
960 2039 1014 2096 (a.
1050 2039 1198 2095 1542),
1229 2038 1280 2080 de
1311 2037 1461 2094 quibus
1492 2038 1551 2080 sic
1581 2053 1653 2080 no-

113 2117 198 2153 ster
238 2110 290 2152 ad
335 2109 736 2167 Hardenbergium:
773 2134 794 2160 u
814 2110 997 2160 Ridebis,
1030 2111 1064 2152 si
1097 2110 1254 2162 audias,
1288 2110 1387 2165 quid
1420 2125 1516 2152 cum
1549 2109 1649 2166 Epi-

120 2204 141 2229 η
167 2182 281 2238 copis
327 2182 479 2224 nostris
519 2182 560 2223 in
593 2183 727 2238 patria
759 2183 935 2239 egerim.
995 2183 1234 2225 Prodibunt
1265 2190 1404 2226 tamen
1437 2184 1477 2225 in
1512 2182 1648 2226 lucem

119 2275 140 2300 u
164 2253 281 2295 brevi
322 2253 492 2296 omnia”
526 2253 558 2310 ²)
622 2253 773 2296 Pressa
814 2254 915 2296 haec
946 2254 1085 2305 fuisse,
1119 2256 1308 2311 quamvis
1339 2272 1361 2297 e
1393 2255 1558 2298 silentio
1589 2255 1651 2300 la·

117 2326 199 2367 bile
231 2333 533 2382 argumentum
566 2327 629 2378 sit,
663 2326 758 2368 satis
789 2333 877 2369 tute
908 2326 1119 2370 affirmare
1151 2329 1300 2370 ausim.

178 2396 218 2442 b.
280 2400 483 2440 Ama-dota
532 2400 724 2453 quaedam
755 2401 802 2440 cle
846 2401 1106 2442 sacramentis
1138 2401 1194 2456 (a.
1231 2402 1372 2457 1547).
1433 2400 1652 2445 Inferioris

166 2587 192 2627 ¹)
218 2586 275 2628 Ep.
297 2587 434 2619 UTENH.
456 2587 500 2618 ad
522 2588 611 2619 Ball.
635 2590 664 2619 et
688 2588 860 2630 Martyrem
886 2588 916 2621 d.
940 2589 979 2621 23
1003 2589 1088 2621 Iunii
1115 2589 1205 2623 1557.
1239 2589 1376 2632 Anglica
1398 2591 1545 2623 versione
1568 2601 1655 2633 repe·

121 2642 205 2674 ritur
235 2643 268 2674 in
301 2643 401 2684 Opera
431 2643 634 2675 Socxss'rArts
662 2644 844 2683 PAnmzu,
884 2644 1030 2686 Oriqz'nal
1053 2645 1175 2678 Letters
1198 2646 1329 2678 relative
1350 2649 1382 2678 to
1405 2647 1456 2678 the
1481 2647 1572 2688 Enyl.
1598 2647 1656 2678 Re-

112 2698 308 2739 formation.
333 2698 524 2741 Cambridge
549 2699 640 2732 1847.
664 2699 734 2732 Vol.
757 2699 800 2732 II.
825 2700 895 2733 598.

166 2754 192 2793 2)
217 2754 275 2796 Ep.
300 2753 329 2786 d.
354 2755 416 2786 XII
440 2755 521 2787 Maii
546 2756 637 2787 1542.
663 2755 712 2787 Cf.
737 2756 839 2788 LASCI
865 2756 977 2797 Opera,
1001 2757 1072 2790 Vol.
1094 2757 1138 2789 II.
1162 2769 1193 2800 p.
1218 2759 1288 2790 556.
1325 2759 1451 2800 Anceps
1476 2758 1530 2789 diu
1554 2758 1651 2797 haesi,

129 2820 205 2840 num
228 2811 337 2852 potius
361 2821 411 2842 res
434 2811 466 2842 in
491 2812 576 2843 facto
600 2812 721 2854 positas
744 2812 899 2844 vocabulo
930 2813 1096 2854 „egerim”
1119 2813 1325 2856 designasset.
1368 2814 1481 2845 Verbis
1504 2814 1564 2845 rite
1587 2826 1656 2857 pcr-

122 2866 230 2906 pensis
265 2868 382 2906 tamen,
405 2868 559 2899 absonum
583 2878 650 2899 esse
673 2868 734 2899 hoc
758 2870 789 2899 et
812 2880 829 2899 a
852 2870 919 2900 toto
943 2868 1113 2901 verborum
1137 2872 1288 2902 contextu
1312 2869 1485 2902 abhorrere
1507 2870 1587 2904 mihi
1612 2871 1655 2905 vi-

123 2921 226 2955 detur.
