<?xml version="1.0" encoding="UTF-8"?>
<!DOCTYPE html PUBLIC "-//W3C//DTD XHTML 1.0 Transitional//EN"
    "http://www.w3.org/TR/xhtml1/DTD/xhtml1-transitional.dtd">
<html xmlns="http://www.w3.org/1999/xhtml" xml:lang="en" lang="en">
 <head>
  <title>
</title>
<meta http-equiv="Content-Type" content="text/html;charset=utf-8" />
  <meta name='ocr-system' content='tesseract 3.04.00' />
  <meta name='ocr-capabilities' content='ocr_page ocr_carea ocr_par ocr_line ocrx_word'/>
</head>
<body>
  <div class='ocr_page' id='page_1' title='image "./operatameditaqua01lask_0123.png"; bbox 0 0 1818 3178; ppageno 0'>
   <div class='ocr_carea' id='block_1_1' title="bbox 760 130 1646 162">
    <p class='ocr_par' dir='ltr' id='par_1_1' title="bbox 760 130 1646 162">
     <span class='ocr_line' id='line_1_1' title="bbox 760 130 1646 162; baseline -0.003 -1"><span class='ocrx_word' id='word_1_1' title='bbox 760 133 1001 162; x_wconf 69' lang='lat' dir='ltr'><strong>PRAEFATIO.</strong></span> <span class='ocrx_word' id='word_1_2' title='bbox 1565 130 1646 160; x_wconf 86' lang='lat' dir='ltr'>CXV</span> 
     </span>
    </p>
   </div>
   <div class='ocr_carea' id='block_1_2' title="bbox 117 234 1646 2232">
    <p class='ocr_par' dir='ltr' id='par_1_2' title="bbox 122 234 1646 866">
     <span class='ocr_line' id='line_1_2' title="bbox 129 234 1645 294; baseline 0.001 -18"><span class='ocrx_word' id='word_1_3' title='bbox 129 234 350 277; x_wconf 85' lang='lat' dir='ltr'>editionem</span> <span class='ocrx_word' id='word_1_4' title='bbox 382 234 433 277; x_wconf 91' lang='lat' dir='ltr'>ad</span> <span class='ocrx_word' id='word_1_5' title='bbox 466 235 579 278; x_wconf 90' lang='lat' dir='ltr'>hunc</span> <span class='ocrx_word' id='word_1_6' title='bbox 610 252 769 279; x_wconf 86' lang='lat' dir='ltr'>annum</span> <span class='ocrx_word' id='word_1_7' title='bbox 802 239 1007 282; x_wconf 81' lang='lat' dir='ltr'>revocavi.</span> <span class='ocrx_word' id='word_1_8' title='bbox 1050 237 1246 294; x_wconf 85' lang='lat' dir='ltr'><strong>Namque</strong></span> <span class='ocrx_word' id='word_1_9' title='bbox 1276 237 1485 280; x_wconf 71' lang='lat' dir='ltr'>terminum</span> <span class='ocrx_word' id='word_1_10' title='bbox 1515 252 1542 278; x_wconf 79' lang='lat' dir='ltr'>a</span> <span class='ocrx_word' id='word_1_11' title='bbox 1571 252 1645 292; x_wconf 83' lang='lat' dir='ltr'>quo</span> 
     </span>
     <span class='ocr_line' id='line_1_3' title="bbox 128 305 1646 363; baseline 0.002 -16"><span class='ocrx_word' id='word_1_12' title='bbox 128 305 251 348; x_wconf 92' lang='lat' dir='ltr'>Hosii</span> <span class='ocrx_word' id='word_1_13' title='bbox 294 305 423 349; x_wconf 88' lang='lat' dir='ltr'>libelli</span> <span class='ocrx_word' id='word_1_14' title='bbox 463 306 694 363; x_wconf 86' lang='lat' dir='ltr'>publicatio</span> <span class='ocrx_word' id='word_1_15' title='bbox 735 311 951 352; x_wconf 89' lang='lat' dir='ltr'>constituit</span> <span class='ocrx_word' id='word_1_16' title='bbox 992 310 1176 352; x_wconf 89' lang='lat' dir='ltr'>medium</span> <span class='ocrx_word' id='word_1_17' title='bbox 1210 324 1367 352; x_wconf 87' lang='lat' dir='ltr'>annum</span> <span class='ocrx_word' id='word_1_18' title='bbox 1402 308 1535 357; x_wconf 87' lang='lat'>1558,</span> <span class='ocrx_word' id='word_1_19' title='bbox 1568 314 1646 350; x_wconf 74' lang='lat' dir='ltr'>ter-</span> 
     </span>
     <span class='ocr_line' id='line_1_4' title="bbox 129 379 1643 437; baseline 0.001 -18"><span class='ocrx_word' id='word_1_20' title='bbox 129 379 274 420; x_wconf 79' lang='lat' dir='ltr'>minum</span> <span class='ocrx_word' id='word_1_21' title='bbox 305 380 362 420; x_wconf 80' lang='lat' dir='ltr'>ad</span> <span class='ocrx_word' id='word_1_22' title='bbox 385 394 498 435; x_wconf 76' lang='lat' dir='ltr'>quem</span> <span class='ocrx_word' id='word_1_23' title='bbox 530 395 714 422; x_wconf 88' lang='lat' dir='ltr'>mensem</span> <span class='ocrx_word' id='word_1_24' title='bbox 745 380 1036 437; x_wconf 80' lang='lat' dir='ltr'>Septembrem</span> <span class='ocrx_word' id='word_1_25' title='bbox 1066 398 1103 426; x_wconf 86' lang='lat' dir='ltr'>a.</span> <span class='ocrx_word' id='word_1_26' title='bbox 1138 383 1248 424; x_wconf 84' lang='grc'><strong>1559</strong></span> <span class='ocrx_word' id='word_1_27' title='bbox 1281 381 1405 423; x_wconf 82' lang='lat' dir='ltr'>fuisse</span> <span class='ocrx_word' id='word_1_28' title='bbox 1436 379 1562 422; x_wconf 86' lang='lat' dir='ltr'>Lasci</span> <span class='ocrx_word' id='word_1_29' title='bbox 1592 379 1643 421; x_wconf 92' lang='lat' dir='ltr'>ad</span> 
     </span>
     <span class='ocr_line' id='line_1_5' title="bbox 127 448 1642 509; baseline 0 -18"><span class='ocrx_word' id='word_1_30' title='bbox 127 448 412 492; x_wconf 81' lang='lat' dir='ltr'>Elisabetham</span> <span class='ocrx_word' id='word_1_31' title='bbox 455 451 632 507; x_wconf 85' lang='lat' dir='ltr'>epistola</span> <span class='ocrx_word' id='word_1_32' title='bbox 673 452 865 494; x_wconf 85' lang='lat' dir='ltr'>ostendit.</span> <span class='ocrx_word' id='word_1_33' title='bbox 925 451 1073 504; x_wconf 79' lang='lat' dir='ltr'>Quum</span> <span class='ocrx_word' id='word_1_34' title='bbox 1115 453 1247 509; x_wconf 86' lang='lat' dir='ltr'>igitur</span> <span class='ocrx_word' id='word_1_35' title='bbox 1276 452 1328 494; x_wconf 84' lang='lat' dir='ltr'>ad</span> <span class='ocrx_word' id='word_1_36' title='bbox 1360 450 1642 494; x_wconf 85' lang='lat' dir='ltr'>Elisabetham</span> 
     </span>
     <span class='ocr_line' id='line_1_6' title="bbox 126 521 1641 580; baseline 0.001 -18"><span class='ocrx_word' id='word_1_37' title='bbox 126 521 184 562; x_wconf 91' lang='lat' dir='ltr'>sic</span> <span class='ocrx_word' id='word_1_38' title='bbox 229 521 394 575; x_wconf 84' lang='lat' dir='ltr'>scribat,</span> <span class='ocrx_word' id='word_1_39' title='bbox 442 530 490 564; x_wconf 90' lang='lat' dir='ltr'>ut</span> <span class='ocrx_word' id='word_1_40' title='bbox 533 524 584 565; x_wconf 89' lang='lat' dir='ltr'>de</span> <span class='ocrx_word' id='word_1_41' title='bbox 614 523 757 566; x_wconf 88' lang='lat' dir='ltr'>libello</span> <span class='ocrx_word' id='word_1_42' title='bbox 788 525 1035 580; x_wconf 84' lang='lat' dir='ltr'>nuperrime</span> <span class='ocrx_word' id='word_1_43' title='bbox 1066 524 1176 567; x_wconf 90' lang='lat' dir='ltr'>edito</span> <span class='ocrx_word' id='word_1_44' title='bbox 1207 540 1249 566; x_wconf 90' lang='lat' dir='ltr'>se</span> <span class='ocrx_word' id='word_1_45' title='bbox 1281 524 1398 580; x_wconf 92' lang='lat' dir='ltr'>loqui</span> <span class='ocrx_word' id='word_1_46' title='bbox 1427 522 1539 565; x_wconf 85' lang='lat' dir='ltr'>haud</span> <span class='ocrx_word' id='word_1_47' title='bbox 1570 521 1641 565; x_wconf 91' lang='lat' dir='ltr'>ob·</span> 
     </span>
     <span class='ocr_line' id='line_1_7' title="bbox 124 594 1645 650; baseline 0.001 -15"><span class='ocrx_word' id='word_1_48' title='bbox 124 608 247 636; x_wconf 89' lang='lat' dir='ltr'>scure</span> <span class='ocrx_word' id='word_1_49' title='bbox 276 594 480 650; x_wconf 80' lang='lat' dir='ltr'>indigitet‚</span> <span class='ocrx_word' id='word_1_50' title='bbox 513 596 657 638; x_wconf 82' lang='lat' dir='ltr'>nullus</span> <span class='ocrx_word' id='word_1_51' title='bbox 687 596 874 638; x_wconf 88' lang='lat' dir='ltr'>dubitem</span> <span class='ocrx_word' id='word_1_52' title='bbox 906 596 956 638; x_wconf 87' lang='lat' dir='ltr'>ad</span> <span class='ocrx_word' id='word_1_53' title='bbox 988 596 1169 638; x_wconf 85' lang='lat' dir='ltr'>medium</span> <span class='ocrx_word' id='word_1_54' title='bbox 1206 611 1364 638; x_wconf 91' lang='lat' dir='ltr'>annum</span> <span class='ocrx_word' id='word_1_55' title='bbox 1388 595 1499 638; x_wconf 84' lang='lat'>1559</span> <span class='ocrx_word' id='word_1_56' title='bbox 1522 594 1645 637; x_wconf 90' lang='lat' dir='ltr'>huius</span> 
     </span>
     <span class='ocr_line' id='line_1_8' title="bbox 123 665 1645 724; baseline 0.001 -17"><span class='ocrx_word' id='word_1_57' title='bbox 123 665 254 708; x_wconf 89' lang='lat' dir='ltr'>libelli</span> <span class='ocrx_word' id='word_1_58' title='bbox 285 667 506 709; x_wconf 86' lang='lat' dir='ltr'>editionem</span> <span class='ocrx_word' id='word_1_59' title='bbox 541 668 726 711; x_wconf 88' lang='lat' dir='ltr'>definire.</span> <span class='ocrx_word' id='word_1_60' title='bbox 778 667 1010 724; x_wconf 81' lang='lat' dir='ltr'>Respondit</span> <span class='ocrx_word' id='word_1_61' title='bbox 1040 668 1165 710; x_wconf 87' lang='lat' dir='ltr'>Lasci</span> <span class='ocrx_word' id='word_1_62' title='bbox 1197 668 1456 724; x_wconf 85' lang='lat' dir='ltr'>responsioni</span> <span class='ocrx_word' id='word_1_63' title='bbox 1485 667 1645 710; x_wconf 86' lang='lat' dir='ltr'>Hosius</span> 
     </span>
     <span class='ocr_line' id='line_1_9' title="bbox 122 738 1638 796; baseline 0.001 -16"><span class='ocrx_word' id='word_1_64' title='bbox 122 738 278 790; x_wconf 89' lang='lat' dir='ltr'>libello,</span> <span class='ocrx_word' id='word_1_65' title='bbox 313 740 382 781; x_wconf 93' lang='lat' dir='ltr'>cui</span> <span class='ocrx_word' id='word_1_66' title='bbox 411 740 560 782; x_wconf 89' lang='lat' dir='ltr'>titulus</span> <span class='ocrx_word' id='word_1_67' title='bbox 593 763 614 788; x_wconf 71' lang='grc' dir='ltr'><em>η</em></span> <span class='ocrx_word' id='word_1_68' title='bbox 634 743 682 782; x_wconf 82' lang='lat' dir='ltr'>de</span> <span class='ocrx_word' id='word_1_69' title='bbox 711 756 888 794; x_wconf 71' lang='lat' dir='ltr'>oppresso</span> <span class='ocrx_word' id='word_1_70' title='bbox 918 742 1030 782; x_wconf 71' lang='lat' dir='ltr'>verbo</span> <span class='ocrx_word' id='word_1_71' title='bbox 1061 741 1191 791; x_wconf 57' lang='lat' dir='ltr'>Der’,</span> <span class='ocrx_word' id='word_1_72' title='bbox 1225 756 1351 796; x_wconf 89' lang='lat' dir='ltr'>quem</span> <span class='ocrx_word' id='word_1_73' title='bbox 1382 755 1494 782; x_wconf 87' lang='lat' dir='ltr'>anno</span> <span class='ocrx_word' id='word_1_74' title='bbox 1527 739 1638 782; x_wconf 83' lang='lat'>1584</span> 
     </span>
     <span class='ocr_line' id='line_1_10' title="bbox 122 807 1498 866; baseline 0.002 -16"><span class='ocrx_word' id='word_1_75' title='bbox 122 807 194 850; x_wconf 90' lang='lat' dir='ltr'>diu</span> <span class='ocrx_word' id='word_1_76' title='bbox 224 817 317 865; x_wconf 90' lang='lat' dir='ltr'>post</span> <span class='ocrx_word' id='word_1_77' title='bbox 349 810 472 852; x_wconf 90' lang='lat' dir='ltr'>Hosii</span> <span class='ocrx_word' id='word_1_78' title='bbox 503 818 678 853; x_wconf 89' lang='lat' dir='ltr'>mortem</span> <span class='ocrx_word' id='word_1_79' title='bbox 713 810 1007 852; x_wconf 86' lang='lat' dir='ltr'>excudendum</span> <span class='ocrx_word' id='word_1_80' title='bbox 1040 812 1205 852; x_wconf 80' lang='lat' dir='ltr'>curavit</span> <span class='ocrx_word' id='word_1_81' title='bbox 1235 811 1418 853; x_wconf 62' lang='lat' dir='ltr'>Rssscms</span> <span class='ocrx_word' id='word_1_82' title='bbox 1450 813 1498 866; x_wconf 90' lang='lat'>¹).</span> 
     </span>
    </p>

    <p class='ocr_par' dir='ltr' id='par_1_3' title="bbox 117 881 1644 2232">
     <span class='ocr_line' id='line_1_11' title="bbox 180 881 1640 939; baseline 0.001 -16"><span class='ocrx_word' id='word_1_83' title='bbox 180 881 402 936; x_wconf 83' lang='lat' dir='ltr'>Nusquam</span> <span class='ocrx_word' id='word_1_84' title='bbox 443 882 635 924; x_wconf 82' lang='lat' dir='ltr'>locorum</span> <span class='ocrx_word' id='word_1_85' title='bbox 669 883 709 924; x_wconf 87' lang='lat' dir='ltr'>in</span> <span class='ocrx_word' id='word_1_86' title='bbox 739 882 866 924; x_wconf 89' lang='lat' dir='ltr'>Lasci</span> <span class='ocrx_word' id='word_1_87' title='bbox 898 882 1159 938; x_wconf 84' lang='lat' dir='ltr'>biographiis</span> <span class='ocrx_word' id='word_1_88' title='bbox 1191 882 1276 923; x_wconf 88' lang='lat' dir='ltr'>sive</span> <span class='ocrx_word' id='word_1_89' title='bbox 1309 897 1486 938; x_wconf 90' lang='lat' dir='ltr'>operum</span> <span class='ocrx_word' id='word_1_90' title='bbox 1517 881 1640 939; x_wconf 80' lang='lat' dir='ltr'>sylla.-</span> 
     </span>
     <span class='ocr_line' id='line_1_12' title="bbox 123 952 1644 1009; baseline 0.001 -16"><span class='ocrx_word' id='word_1_91' title='bbox 123 952 182 995; x_wconf 91' lang='lat' dir='ltr'>bis</span> <span class='ocrx_word' id='word_1_92' title='bbox 228 953 317 995; x_wconf 84' lang='lat' dir='ltr'>ulla</span> <span class='ocrx_word' id='word_1_93' title='bbox 360 953 484 995; x_wconf 88' lang='lat' dir='ltr'>huius</span> <span class='ocrx_word' id='word_1_94' title='bbox 526 953 725 995; x_wconf 87' lang='lat' dir='ltr'>adversus</span> <span class='ocrx_word' id='word_1_95' title='bbox 773 954 956 995; x_wconf 89' lang='lat' dir='ltr'>Hosium</span> <span class='ocrx_word' id='word_1_96' title='bbox 1002 953 1303 1009; x_wconf 84' lang='lat' dir='ltr'>Responsionis</span> <span class='ocrx_word' id='word_1_97' title='bbox 1345 954 1502 995; x_wconf 86' lang='lat' dir='ltr'>mentio</span> <span class='ocrx_word' id='word_1_98' title='bbox 1533 954 1644 995; x_wconf 83' lang='lat' dir='ltr'>facta</span> 
     </span>
     <span class='ocr_line' id='line_1_13' title="bbox 121 1025 1640 1081; baseline -0.001 -14"><span class='ocrx_word' id='word_1_99' title='bbox 121 1033 223 1076; x_wconf 86' lang='lat' dir='ltr'>erat,</span> <span class='ocrx_word' id='word_1_100' title='bbox 256 1031 298 1067; x_wconf 88' lang='lat' dir='ltr'>et</span> <span class='ocrx_word' id='word_1_101' title='bbox 328 1040 460 1081; x_wconf 90' lang='lat' dir='ltr'>quum</span> <span class='ocrx_word' id='word_1_102' title='bbox 491 1025 664 1081; x_wconf 85' lang='lat' dir='ltr'>epistola</span> <span class='ocrx_word' id='word_1_103' title='bbox 694 1026 817 1067; x_wconf 87' lang='lat' dir='ltr'>etiam</span> <span class='ocrx_word' id='word_1_104' title='bbox 850 1025 901 1067; x_wconf 84' lang='lat' dir='ltr'>ad</span> <span class='ocrx_word' id='word_1_105' title='bbox 933 1025 1231 1077; x_wconf 88' lang='lat' dir='ltr'>Elisabetham,</span> <span class='ocrx_word' id='word_1_106' title='bbox 1263 1025 1314 1067; x_wconf 88' lang='lat' dir='ltr'>de</span> <span class='ocrx_word' id='word_1_107' title='bbox 1344 1040 1425 1080; x_wconf 88' lang='lat' dir='ltr'>qua</span> <span class='ocrx_word' id='word_1_108' title='bbox 1446 1025 1640 1076; x_wconf 85' lang='lat' dir='ltr'>diximus,</span> 
     </span>
     <span class='ocr_line' id='line_1_14' title="bbox 121 1096 1640 1155; baseline 0.001 -17"><span class='ocrx_word' id='word_1_109' title='bbox 121 1097 311 1139; x_wconf 91' lang='lat' dir='ltr'>nondum</span> <span class='ocrx_word' id='word_1_110' title='bbox 341 1103 509 1153; x_wconf 87' lang='lat' dir='ltr'>reperta</span> <span class='ocrx_word' id='word_1_111' title='bbox 539 1105 658 1149; x_wconf 85' lang='lat' dir='ltr'>esset,</span> <span class='ocrx_word' id='word_1_112' title='bbox 693 1113 816 1139; x_wconf 91' lang='lat' dir='ltr'>omne</span> <span class='ocrx_word' id='word_1_113' title='bbox 847 1098 936 1140; x_wconf 88' lang='lat' dir='ltr'>eius</span> <span class='ocrx_word' id='word_1_114' title='bbox 967 1099 1193 1155; x_wconf 75' lang='lat' dir='ltr'>vestigium</span> <span class='ocrx_word' id='word_1_115' title='bbox 1224 1113 1299 1139; x_wconf 89' lang='lat' dir='ltr'>nos</span> <span class='ocrx_word' id='word_1_116' title='bbox 1330 1112 1495 1152; x_wconf 88' lang='lat' dir='ltr'>quoque</span> <span class='ocrx_word' id='word_1_117' title='bbox 1528 1096 1640 1140; x_wconf 88' lang='lat' dir='ltr'>haud</span> 
     </span>
     <span class='ocr_line' id='line_1_15' title="bbox 119 1167 1640 1224; baseline 0.001 -15"><span class='ocrx_word' id='word_1_118' title='bbox 119 1167 245 1210; x_wconf 89' lang='lat' dir='ltr'>dubie</span> <span class='ocrx_word' id='word_1_119' title='bbox 278 1167 466 1224; x_wconf 84' lang='lat' dir='ltr'>fugisset,</span> <span class='ocrx_word' id='word_1_120' title='bbox 497 1167 576 1209; x_wconf 88' lang='lat' dir='ltr'>nisi</span> <span class='ocrx_word' id='word_1_121' title='bbox 608 1168 671 1209; x_wconf 89' lang='lat' dir='ltr'>vir</span> <span class='ocrx_word' id='word_1_122' title='bbox 702 1167 965 1210; x_wconf 89' lang='lat' dir='ltr'>doctissimus</span> <span class='ocrx_word' id='word_1_123' title='bbox 996 1168 1239 1211; x_wconf 76' lang='lat' dir='ltr'>EDWARDUS</span> <span class='ocrx_word' id='word_1_124' title='bbox 1269 1182 1297 1210; x_wconf 76' lang='grc' dir='ltr'><strong>Α</strong></span> <span class='ocrx_word' id='word_1_125' title='bbox 1318 1169 1546 1218; x_wconf 75' lang='lat' dir='ltr'>MURAL&#39;ro,</span> <span class='ocrx_word' id='word_1_126' title='bbox 1570 1169 1640 1224; x_wconf 86' lang='lat' dir='ltr'>qui</span> 
     </span>
     <span class='ocr_line' id='line_1_16' title="bbox 120 1239 1639 1297; baseline 0 -16"><span class='ocrx_word' id='word_1_127' title='bbox 120 1239 338 1296; x_wconf 88' lang='lat' dir='ltr'>Imperiali</span> <span class='ocrx_word' id='word_1_128' title='bbox 354 1239 639 1282; x_wconf 81' lang='lat' dir='ltr'>Bibliothecae</span> <span class='ocrx_word' id='word_1_129' title='bbox 660 1240 1003 1296; x_wconf 87' lang='lat' dir='ltr'>Petropolitanae</span> <span class='ocrx_word' id='word_1_130' title='bbox 1027 1247 1202 1297; x_wconf 90' lang='lat' dir='ltr'>praeest,</span> <span class='ocrx_word' id='word_1_131' title='bbox 1226 1240 1523 1283; x_wconf 88' lang='lat' dir='ltr'>officiosissime</span> <span class='ocrx_word' id='word_1_132' title='bbox 1539 1241 1639 1283; x_wconf 86' lang='lat' dir='ltr'>mihi</span> 
     </span>
     <span class='ocr_line' id='line_1_17' title="bbox 120 1312 1639 1370; baseline 0.001 -17"><span class='ocrx_word' id='word_1_133' title='bbox 120 1318 162 1354; x_wconf 89' lang='lat' dir='ltr'>et</span> <span class='ocrx_word' id='word_1_134' title='bbox 191 1312 363 1369; x_wconf 81' lang='lat' dir='ltr'>egregia</span> <span class='ocrx_word' id='word_1_135' title='bbox 393 1327 476 1368; x_wconf 85' lang='lat' dir='ltr'>qua</span> <span class='ocrx_word' id='word_1_136' title='bbox 498 1318 559 1354; x_wconf 86' lang='lat' dir='ltr'>est</span> <span class='ocrx_word' id='word_1_137' title='bbox 579 1312 839 1354; x_wconf 78' lang='lat' dir='ltr'>humanitate</span> <span class='ocrx_word' id='word_1_138' title='bbox 861 1313 950 1354; x_wconf 87' lang='lat' dir='ltr'>eius</span> <span class='ocrx_word' id='word_1_139' title='bbox 972 1312 1141 1354; x_wconf 81' lang='lat' dir='ltr'>titulum</span> <span class='ocrx_word' id='word_1_140' title='bbox 1166 1319 1362 1355; x_wconf 86' lang='lat' dir='ltr'>accurate</span> <span class='ocrx_word' id='word_1_141' title='bbox 1384 1314 1639 1370; x_wconf 86' lang='lat' dir='ltr'>exscriptum</span> 
     </span>
     <span class='ocr_line' id='line_1_18' title="bbox 117 1382 1641 1441; baseline 0.002 -16"><span class='ocrx_word' id='word_1_142' title='bbox 117 1382 402 1426; x_wconf 89' lang='lat' dir='ltr'>indicavisset:</span> <span class='ocrx_word' id='word_1_143' title='bbox 435 1384 555 1425; x_wconf 89' lang='lat' dir='ltr'>cuius</span> <span class='ocrx_word' id='word_1_144' title='bbox 587 1391 808 1440; x_wconf 82' lang='lat' dir='ltr'>promptae</span> <span class='ocrx_word' id='word_1_145' title='bbox 839 1391 1097 1440; x_wconf 80' lang='lat' dir='ltr'>parataeque</span> <span class='ocrx_word' id='word_1_146' title='bbox 1128 1400 1296 1441; x_wconf 87' lang='lat' dir='ltr'>semper</span> <span class='ocrx_word' id='word_1_147' title='bbox 1325 1384 1641 1428; x_wconf 87' lang='lat' dir='ltr'>benevolentiae</span> 
     </span>
     <span class='ocr_line' id='line_1_19' title="bbox 119 1456 1638 1514; baseline 0.002 -17"><span class='ocrx_word' id='word_1_148' title='bbox 119 1470 216 1497; x_wconf 90' lang='lat' dir='ltr'>cum</span> <span class='ocrx_word' id='word_1_149' title='bbox 263 1456 375 1513; x_wconf 84' lang='lat' dir='ltr'>grati</span> <span class='ocrx_word' id='word_1_150' title='bbox 416 1456 543 1498; x_wconf 91' lang='lat' dir='ltr'>animi</span> <span class='ocrx_word' id='word_1_151' title='bbox 589 1456 878 1499; x_wconf 84' lang='lat' dir='ltr'>testificatione</span> <span class='ocrx_word' id='word_1_152' title='bbox 924 1456 964 1498; x_wconf 91' lang='lat' dir='ltr'>id</span> <span class='ocrx_word' id='word_1_153' title='bbox 1016 1472 1184 1513; x_wconf 85' lang='lat' dir='ltr'>quoque</span> <span class='ocrx_word' id='word_1_154' title='bbox 1226 1464 1444 1514; x_wconf 86' lang='lat' dir='ltr'>acceptum</span> <span class='ocrx_word' id='word_1_155' title='bbox 1486 1459 1638 1511; x_wconf 86' lang='lat' dir='ltr'>refero,</span> 
     </span>
     <span class='ocr_line' id='line_1_20' title="bbox 120 1526 1641 1585; baseline 0.002 -16"><span class='ocrx_word' id='word_1_156' title='bbox 120 1526 230 1582; x_wconf 90' lang='lat' dir='ltr'>quod</span> <span class='ocrx_word' id='word_1_157' title='bbox 260 1529 436 1570; x_wconf 86' lang='lat' dir='ltr'>unicum</span> <span class='ocrx_word' id='word_1_158' title='bbox 468 1527 593 1570; x_wconf 89' lang='lat' dir='ltr'>huius</span> <span class='ocrx_word' id='word_1_159' title='bbox 622 1527 754 1570; x_wconf 87' lang='lat' dir='ltr'>libelli</span> <span class='ocrx_word' id='word_1_160' title='bbox 786 1528 944 1570; x_wconf 86' lang='lat' dir='ltr'>editum</span> <span class='ocrx_word' id='word_1_161' title='bbox 977 1528 1207 1585; x_wconf 79' lang='lat' dir='ltr'>exemplar,</span> <span class='ocrx_word' id='word_1_162' title='bbox 1240 1528 1351 1584; x_wconf 83' lang='lat' dir='ltr'>quod</span> <span class='ocrx_word' id='word_1_163' title='bbox 1382 1529 1641 1572; x_wconf 83' lang='lat' dir='ltr'>Bibliotheca</span> 
     </span>
     <span class='ocr_line' id='line_1_21' title="bbox 117 1599 1640 1657; baseline 0.001 -14"><span class='ocrx_word' id='word_1_164' title='bbox 117 1599 437 1656; x_wconf 86' lang='lat' dir='ltr'>Petropolitana</span> <span class='ocrx_word' id='word_1_165' title='bbox 483 1599 678 1657; x_wconf 88' lang='lat' dir='ltr'>possidet,</span> <span class='ocrx_word' id='word_1_166' title='bbox 721 1600 823 1642; x_wconf 86' lang='lat' dir='ltr'>mihi</span> <span class='ocrx_word' id='word_1_167' title='bbox 863 1615 939 1656; x_wconf 89' lang='lat' dir='ltr'>per</span> <span class='ocrx_word' id='word_1_168' title='bbox 979 1607 1063 1642; x_wconf 86' lang='lat' dir='ltr'>tres</span> <span class='ocrx_word' id='word_1_169' title='bbox 1102 1601 1321 1643; x_wconf 87' lang='lat' dir='ltr'>continuos</span> <span class='ocrx_word' id='word_1_170' title='bbox 1352 1616 1514 1643; x_wconf 87' lang='lat' dir='ltr'>menses</span> <span class='ocrx_word' id='word_1_171' title='bbox 1543 1617 1640 1644; x_wconf 86' lang='lat' dir='ltr'>con-</span> 
     </span>
     <span class='ocr_line' id='line_1_22' title="bbox 118 1671 1642 1730; baseline 0.001 -17"><span class='ocrx_word' id='word_1_172' title='bbox 118 1671 325 1714; x_wconf 89' lang='lat' dir='ltr'>creditum</span> <span class='ocrx_word' id='word_1_173' title='bbox 365 1671 456 1715; x_wconf 86' lang='lat' dir='ltr'>fuit.</span> <span class='ocrx_word' id='word_1_174' title='bbox 517 1672 739 1726; x_wconf 83' lang='lat' dir='ltr'>Nusquam</span> <span class='ocrx_word' id='word_1_175' title='bbox 781 1678 1001 1728; x_wconf 88' lang='lat' dir='ltr'>praeterea</span> <span class='ocrx_word' id='word_1_176' title='bbox 1047 1672 1135 1714; x_wconf 91' lang='lat' dir='ltr'>eius</span> <span class='ocrx_word' id='word_1_177' title='bbox 1188 1672 1405 1729; x_wconf 81' lang='lat' dir='ltr'>exemplar</span> <span class='ocrx_word' id='word_1_178' title='bbox 1445 1672 1642 1730; x_wconf 84' lang='lat' dir='ltr'>detegere</span> 
     </span>
     <span class='ocr_line' id='line_1_23' title="bbox 119 1742 1641 1800; baseline 0 -15"><span class='ocrx_word' id='word_1_179' title='bbox 119 1744 237 1800; x_wconf 89' lang='lat' dir='ltr'>potui</span> <span class='ocrx_word' id='word_1_180' title='bbox 291 1750 331 1786; x_wconf 86' lang='lat' dir='ltr'>et</span> <span class='ocrx_word' id='word_1_181' title='bbox 384 1743 426 1785; x_wconf 90' lang='lat' dir='ltr'>in</span> <span class='ocrx_word' id='word_1_182' title='bbox 483 1743 607 1785; x_wconf 89' lang='lat' dir='ltr'>Hosii</span> <span class='ocrx_word' id='word_1_183' title='bbox 658 1758 825 1799; x_wconf 88' lang='lat' dir='ltr'>quoque</span> <span class='ocrx_word' id='word_1_184' title='bbox 875 1742 1136 1800; x_wconf 47' lang='lat' dir='ltr'>biographus,</span> <span class='ocrx_word' id='word_1_185' title='bbox 1186 1759 1314 1800; x_wconf 86' lang='lat' dir='ltr'>quam</span> <span class='ocrx_word' id='word_1_186' title='bbox 1363 1743 1641 1786; x_wconf 84' lang='lat' dir='ltr'>Eichhornius</span> 
     </span>
     <span class='ocr_line' id='line_1_24' title="bbox 121 1814 1641 1871; baseline -0.001 -14"><span class='ocrx_word' id='word_1_187' title='bbox 121 1814 262 1867; x_wconf 86' lang='lat' dir='ltr'>edidit,</span> <span class='ocrx_word' id='word_1_188' title='bbox 303 1815 407 1857; x_wconf 89' lang='lat' dir='ltr'>haec</span> <span class='ocrx_word' id='word_1_189' title='bbox 449 1815 538 1857; x_wconf 89' lang='lat' dir='ltr'>eius</span> <span class='ocrx_word' id='word_1_190' title='bbox 588 1830 684 1857; x_wconf 87' lang='lat' dir='ltr'>cum</span> <span class='ocrx_word' id='word_1_191' title='bbox 732 1814 870 1857; x_wconf 89' lang='lat' dir='ltr'>Lasco</span> <span class='ocrx_word' id='word_1_192' title='bbox 918 1814 1161 1871; x_wconf 83' lang='lat' dir='ltr'>disceptatio</span> <span class='ocrx_word' id='word_1_193' title='bbox 1200 1830 1254 1857; x_wconf 91' lang='lat' dir='ltr'>ne</span> <span class='ocrx_word' id='word_1_194' title='bbox 1300 1815 1428 1856; x_wconf 86' lang='lat' dir='ltr'>verbo</span> <span class='ocrx_word' id='word_1_195' title='bbox 1473 1815 1641 1871; x_wconf 89' lang='lat' dir='ltr'>quidem</span> 
     </span>
     <span class='ocr_line' id='line_1_25' title="bbox 120 1886 1640 1944; baseline 0.001 -16"><span class='ocrx_word' id='word_1_196' title='bbox 120 1893 489 1929; x_wconf 86' lang='lat' dir='ltr'>commemoratur.</span> <span class='ocrx_word' id='word_1_197' title='bbox 551 1886 674 1929; x_wconf 90' lang='lat' dir='ltr'>Hosii</span> <span class='ocrx_word' id='word_1_198' title='bbox 720 1902 897 1943; x_wconf 86' lang='lat' dir='ltr'>operum</span> <span class='ocrx_word' id='word_1_199' title='bbox 937 1886 1128 1928; x_wconf 89' lang='lat' dir='ltr'>editionis</span> <span class='ocrx_word' id='word_1_200' title='bbox 1168 1888 1344 1944; x_wconf 82' lang='lat' dir='ltr'>egregia</span> <span class='ocrx_word' id='word_1_201' title='bbox 1392 1886 1640 1929; x_wconf 84' lang='lat' dir='ltr'>liberalitate</span> 
     </span>
     <span class='ocr_line' id='line_1_26' title="bbox 121 1957 1640 2014; baseline 0.001 -14"><span class='ocrx_word' id='word_1_202' title='bbox 121 1958 224 2001; x_wconf 87' lang='lat' dir='ltr'>mihi</span> <span class='ocrx_word' id='word_1_203' title='bbox 273 1959 434 2014; x_wconf 88' lang='lat' dir='ltr'>copiam</span> <span class='ocrx_word' id='word_1_204' title='bbox 487 1958 680 2001; x_wconf 85' lang='lat' dir='ltr'>fecerunt</span> <span class='ocrx_word' id='word_1_205' title='bbox 729 1959 995 2001; x_wconf 82' lang='lat' dir='ltr'>Professores</span> <span class='ocrx_word' id='word_1_206' title='bbox 1047 1957 1272 2002; x_wconf 87' lang='lat' dir='ltr'>Seminarii</span> <span class='ocrx_word' id='word_1_207' title='bbox 1324 1957 1640 2002; x_wconf 80' lang='lat' dir='ltr'>catholicorum</span> 
     </span>
     <span class='ocr_line' id='line_1_27' title="bbox 121 2031 1641 2088; baseline 0 -14"><span class='ocrx_word' id='word_1_208' title='bbox 121 2031 448 2082; x_wconf 78' lang='lat' dir='ltr'>Warmundani‚</span> <span class='ocrx_word' id='word_1_209' title='bbox 484 2046 568 2086; x_wconf 94' lang='lat' dir='ltr'>quo</span> <span class='ocrx_word' id='word_1_210' title='bbox 598 2031 733 2073; x_wconf 89' lang='lat' dir='ltr'>officio</span> <span class='ocrx_word' id='word_1_211' title='bbox 765 2047 829 2072; x_wconf 91' lang='lat' dir='ltr'>me</span> <span class='ocrx_word' id='word_1_212' title='bbox 861 2031 1087 2073; x_wconf 84' lang='lat' dir='ltr'>admodum</span> <span class='ocrx_word' id='word_1_213' title='bbox 1118 2038 1161 2073; x_wconf 92' lang='lat' dir='ltr'>et</span> <span class='ocrx_word' id='word_1_214' title='bbox 1191 2031 1430 2087; x_wconf 88' lang='lat' dir='ltr'>plusquam</span> <span class='ocrx_word' id='word_1_215' title='bbox 1463 2031 1543 2073; x_wconf 84' lang='lat' dir='ltr'>diei</span> <span class='ocrx_word' id='word_1_216' title='bbox 1572 2047 1641 2088; x_wconf 92' lang='lat' dir='ltr'>po-</span> 
     </span>
     <span class='ocr_line' id='line_1_28' title="bbox 118 2103 1635 2162; baseline 0.001 -16"><span class='ocrx_word' id='word_1_217' title='bbox 118 2111 198 2146; x_wconf 88' lang='lat' dir='ltr'>test</span> <span class='ocrx_word' id='word_1_218' title='bbox 247 2103 323 2146; x_wconf 88' lang='lat' dir='ltr'>sibi</span> <span class='ocrx_word' id='word_1_219' title='bbox 372 2103 651 2146; x_wconf 81' lang='lat' dir='ltr'>devinxerunt</span> <span class='ocrx_word' id='word_1_220' title='bbox 690 2103 978 2145; x_wconf 88' lang='lat' dir='ltr'>humanissimi</span> <span class='ocrx_word' id='word_1_221' title='bbox 1026 2104 1119 2154; x_wconf 85' lang='lat' dir='ltr'>viri,</span> <span class='ocrx_word' id='word_1_222' title='bbox 1167 2119 1348 2160; x_wconf 89' lang='lat' dir='ltr'>quorum</span> <span class='ocrx_word' id='word_1_223' title='bbox 1396 2104 1635 2162; x_wconf 84' lang='lat' dir='ltr'>exemplum</span> 
     </span>
     <span class='ocr_line' id='line_1_29' title="bbox 118 2176 993 2232; baseline -0.001 -13"><span class='ocrx_word' id='word_1_224' title='bbox 118 2177 280 2219; x_wconf 89' lang='lat' dir='ltr'>utinam</span> <span class='ocrx_word' id='word_1_225' title='bbox 312 2177 510 2231; x_wconf 84' lang='lat' dir='ltr'>utrinque</span> <span class='ocrx_word' id='word_1_226' title='bbox 540 2191 706 2232; x_wconf 86' lang='lat' dir='ltr'>semper</span> <span class='ocrx_word' id='word_1_227' title='bbox 735 2176 993 2218; x_wconf 80' lang='lat' dir='ltr'>imitaretur!</span> 
     </span>
    </p>
   </div>
   <div class='ocr_carea' id='block_1_3' title="bbox 122 2318 1638 2377">
    <p class='ocr_par' dir='ltr' id='par_1_4' title="bbox 122 2318 1638 2377">
     <span class='ocr_line' id='line_1_30' title="bbox 122 2318 1638 2377; baseline 0.001 -14"><span class='ocrx_word' id='word_1_228' title='bbox 122 2322 189 2363; x_wconf 81' lang='lat'>29.</span> <span class='ocrx_word' id='word_1_229' title='bbox 224 2320 464 2362; x_wconf 52' lang='lat' dir='ltr'>Rssspmqsm</span> <span class='ocrx_word' id='word_1_230' title='bbox 496 2331 707 2360; x_wconf 77' lang='lat' dir='ltr'>ADVERSUS</span> <span class='ocrx_word' id='word_1_231' title='bbox 738 2332 1024 2361; x_wconf 81' lang='lat' dir='ltr'>WESTPHALUM</span> <span class='ocrx_word' id='word_1_232' title='bbox 1060 2319 1140 2375; x_wconf 86' lang='lat' dir='ltr'>(ed.</span> <span class='ocrx_word' id='word_1_233' title='bbox 1174 2334 1226 2361; x_wconf 84' lang='lat' dir='ltr'>m.</span> <span class='ocrx_word' id='word_1_234' title='bbox 1251 2318 1409 2361; x_wconf 83' lang='lat' dir='ltr'>Martio</span> <span class='ocrx_word' id='word_1_235' title='bbox 1431 2335 1467 2362; x_wconf 85' lang='lat' dir='ltr'>a.</span> <span class='ocrx_word' id='word_1_236' title='bbox 1492 2321 1638 2377; x_wconf 82' lang='lat'>1560).</span> 
     </span>
    </p>
   </div>
   <div class='ocr_carea' id='block_1_4' title="bbox 437 2458 1330 2517">
    <p class='ocr_par' dir='ltr' id='par_1_5' title="bbox 437 2458 1330 2517">
     <span class='ocr_line' id='line_1_31' title="bbox 437 2458 1330 2517; baseline 0 -17"><span class='ocrx_word' id='word_1_237' title='bbox 437 2458 584 2516; x_wconf 78' lang='lat' dir='ltr'>[LAscl</span> <span class='ocrx_word' id='word_1_238' title='bbox 618 2462 760 2511; x_wconf 71' lang='lat' dir='ltr'>Opera,</span> <span class='ocrx_word' id='word_1_239' title='bbox 794 2458 894 2501; x_wconf 91' lang='lat' dir='ltr'>Vol.</span> <span class='ocrx_word' id='word_1_240' title='bbox 925 2459 961 2501; x_wconf 93' lang='grc' dir='ltr'>Ι.</span> <span class='ocrx_word' id='word_1_241' title='bbox 997 2474 1037 2515; x_wconf 88' lang='lat' dir='ltr'>p.</span> <span class='ocrx_word' id='word_1_242' title='bbox 1071 2460 1330 2517; x_wconf 80' lang='lat'>271—344.]</span> 
     </span>
    </p>
   </div>
   <div class='ocr_carea' id='block_1_5' title="bbox 119 2600 1643 2731">
    <p class='ocr_par' dir='ltr' id='par_1_6' title="bbox 119 2600 1643 2731">
     <span class='ocr_line' id='line_1_32' title="bbox 181 2600 1640 2661; baseline 0.001 -16"><span class='ocrx_word' id='word_1_243' title='bbox 181 2603 389 2659; x_wconf 72' lang='lat' dir='ltr'>Legimus</span> <span class='ocrx_word' id='word_1_244' title='bbox 434 2603 474 2643; x_wconf 86' lang='lat' dir='ltr'>in</span> <span class='ocrx_word' id='word_1_245' title='bbox 528 2600 712 2657; x_wconf 84' lang='lat' dir='ltr'>Epistola</span> <span class='ocrx_word' id='word_1_246' title='bbox 764 2601 888 2643; x_wconf 87' lang='lat' dir='ltr'>Lasci</span> <span class='ocrx_word' id='word_1_247' title='bbox 935 2617 972 2645; x_wconf 85' lang='lat' dir='ltr'>a.</span> <span class='ocrx_word' id='word_1_248' title='bbox 1023 2602 1136 2644; x_wconf 84' lang='lat'>1554</span> <span class='ocrx_word' id='word_1_249' title='bbox 1181 2602 1231 2644; x_wconf 87' lang='lat' dir='ltr'>ad</span> <span class='ocrx_word' id='word_1_250' title='bbox 1266 2602 1640 2661; x_wconf 81' lang='lat' dir='ltr'>Hardenbergium</span> 
     </span>
     <span class='ocr_line' id='line_1_33' title="bbox 119 2673 1643 2731; baseline 0.001 -13"><span class='ocrx_word' id='word_1_251' title='bbox 119 2675 237 2718; x_wconf 87' lang='lat' dir='ltr'>data:</span> <span class='ocrx_word' id='word_1_252' title='bbox 293 2697 314 2723; x_wconf 70' lang='grc' dir='ltr'><em>η</em></span> <span class='ocrx_word' id='word_1_253' title='bbox 339 2674 501 2730; x_wconf 86' lang='lat' dir='ltr'>Accepi</span> <span class='ocrx_word' id='word_1_254' title='bbox 646 2674 906 2726; x_wconf 65' lang='lat' dir='ltr'>ffarrayinem</span> <span class='ocrx_word' id='word_1_255' title='bbox 953 2673 1203 2731; x_wconf 88' lang='lat' dir='ltr'>Westphali,</span> <span class='ocrx_word' id='word_1_256' title='bbox 1254 2675 1478 2718; x_wconf 85' lang='lat' dir='ltr'>mendaciis</span> <span class='ocrx_word' id='word_1_257' title='bbox 1509 2684 1549 2719; x_wconf 84' lang='lat' dir='ltr'>et</span> <span class='ocrx_word' id='word_1_258' title='bbox 1579 2693 1643 2720; x_wconf 86' lang='lat' dir='ltr'>ca·</span> 
     </span>
    </p>
   </div>
   <div class='ocr_carea' id='block_1_6' title="bbox 132 2788 350 2796">
    <p class='ocr_par' dir='ltr' id='par_1_7' title="bbox 132 2788 350 2796">
     <span class='ocr_line' id='line_1_34' title="bbox 132 2788 350 2796; baseline 0 382"><span class='ocrx_word' id='word_1_259' title='bbox 132 2788 350 2796; x_wconf 95' lang='lat' dir='ltr'> </span> 
     </span>
    </p>
   </div>
   <div class='ocr_carea' id='block_1_7' title="bbox 123 2847 1643 2945">
    <p class='ocr_par' dir='ltr' id='par_1_8' title="bbox 123 2847 1643 2945">
     <span class='ocr_line' id='line_1_35' title="bbox 167 2847 1643 2892; baseline 0.002 -11"><span class='ocrx_word' id='word_1_260' title='bbox 167 2851 192 2890; x_wconf 89' lang='lat'>¹)</span> <span class='ocrx_word' id='word_1_261' title='bbox 215 2849 357 2892; x_wconf 84' lang='lat' dir='ltr'>Legitur,</span> <span class='ocrx_word' id='word_1_262' title='bbox 381 2848 483 2880; x_wconf 83' lang='lat' dir='ltr'>Hosn</span> <span class='ocrx_word' id='word_1_263' title='bbox 509 2848 620 2889; x_wconf 81' lang='lat' dir='ltr'>Opera,</span> <span class='ocrx_word' id='word_1_264' title='bbox 644 2847 693 2879; x_wconf 84' lang='lat' dir='ltr'>cd.</span> <span class='ocrx_word' id='word_1_265' title='bbox 716 2847 801 2879; x_wconf 87' lang='lat' dir='ltr'>laud.</span> <span class='ocrx_word' id='word_1_266' title='bbox 824 2848 914 2880; x_wconf 80' lang='lat' dir='ltr'>Tom.</span> <span class='ocrx_word' id='word_1_267' title='bbox 932 2848 1020 2890; x_wconf 86' lang='lat' dir='ltr'>ILp.</span> <span class='ocrx_word' id='word_1_268' title='bbox 1037 2849 1149 2881; x_wconf 89' lang='grc'><strong>1-61.</strong></span> <span class='ocrx_word' id='word_1_269' title='bbox 1164 2848 1215 2881; x_wconf 85' lang='lat' dir='ltr'>Cf.</span> <span class='ocrx_word' id='word_1_270' title='bbox 1229 2849 1402 2891; x_wconf 73' lang='lat' dir='ltr'>Epistolam</span> <span class='ocrx_word' id='word_1_271' title='bbox 1417 2850 1643 2884; x_wconf 71' lang='lat' dir='ltr'>dedicatoriam</span> 
     </span>
     <span class='ocr_line' id='line_1_36' title="bbox 123 2904 656 2945; baseline -0.009 -6"><span class='ocrx_word' id='word_1_272' title='bbox 123 2908 252 2940; x_wconf 68' lang='lat' dir='ltr'>Rssscu.</span> <span class='ocrx_word' id='word_1_273' title='bbox 275 2906 324 2937; x_wconf 89' lang='lat' dir='ltr'>lb.</span> <span class='ocrx_word' id='word_1_274' title='bbox 347 2905 438 2937; x_wconf 88' lang='lat' dir='ltr'>Tom.</span> <span class='ocrx_word' id='word_1_275' title='bbox 460 2904 505 2936; x_wconf 84' lang='lat'>11.</span> <span class='ocrx_word' id='word_1_276' title='bbox 527 2914 559 2945; x_wconf 85' lang='lat' dir='ltr'>p.</span> <span class='ocrx_word' id='word_1_277' title='bbox 580 2911 656 2934; x_wconf 82' lang='lat' dir='ltr'>vm.</span> 
     </span>
    </p>
   </div>
  </div>
 </body>
</html>
