1818 3178
1559 79 1631 115 299

114 207 320 259 westphali
356 203 567 243 excaecavit
602 201 767 251 Erinnys
812 199 929 250 ipsius
966 201 1030 235 aut
1066 196 1187 234 verius
1226 191 1463 235 dementavit,
1499 193 1539 227 ut
1567 192 1631 226 aut

112 285 189 311 non
216 277 315 309 recte
343 275 471 307 nostra
499 268 610 316 legat,
638 270 701 303 aut
729 264 852 303 studio
881 262 1071 300 maliciose
1097 260 1143 297 ad
1166 257 1389 296 calumniam
1405 255 1634 304 detorqueat.

112 337 195 386 Ego
231 336 272 372 in
308 338 411 384 parte
448 337 596 369 nostrae
624 343 707 367 cum
739 328 888 366 Christo
919 324 1194 363 communionis
1224 322 1297 359 vim
1325 320 1455 358 merita
1483 331 1526 356 ac
1552 317 1636 367 glo-

113 401 207 438 riam
233 397 398 448 oorporis
428 395 567 433 Christi
593 395 644 431 ita
674 399 809 439 statuo,
838 395 877 428 ut
904 391 968 427 illa
998 389 1076 426 sine
1103 388 1160 425 his
1191 386 1393 423 consistere
1410 396 1485 422 non
1505 381 1637 433 possit.

114 465 164 502 Et
209 466 408 514 postquam
453 460 591 497 Paulus
628 458 832 508 Apostolus
869 467 1004 492 nomen
1041 452 1206 503 corporis
1238 463 1303 502 per
1340 447 1639 486 communionem

115 527 279 578 eorporis
328 524 492 575 exponit,
529 536 616 560 sanc
651 525 713 559 aut
750 520 906 558 Paulum
943 517 1167 569 Apostolum
1205 517 1352 552 accuset
1390 510 1640 562 Westphalus,

114 591 215 642 quod
249 590 361 627 fidem
397 589 595 625 verborum
632 585 772 624 Christi
807 597 873 621 sua
906 581 1213 632 interpretatione
1253 579 1376 623 violet,
1403 581 1467 614 aut
1496 575 1639 613 desinat

116 662 244 694 nostra
282 653 512 697 calumniari,
549 651 613 702 qui
649 651 829 687 hactenus
866 647 912 684 ad
949 659 1085 684 nomen
1123 643 1289 694 corporis
1325 655 1367 679 ea
1401 642 1535 684 refero,
1563 641 1642 678 sine

115 720 253 770 quibus
296 716 507 755 communio
557 713 722 764 corporis
760 711 963 748 consistere
999 721 1076 746 non
1114 711 1248 758 potest,
1285 709 1468 755 quatenus
1505 703 1641 740 Paulus

115 796 252 822 nomen
288 780 453 832 corporis
489 791 556 830 pro
595 775 856 814 communione
892 772 1058 823 corporis
1095 769 1381 819 intelligendum
1417 781 1495 806 esse
1524 767 1642 805 docet.

117 848 242 898 Atque
279 846 368 883 haee
407 856 495 882 sane
530 843 569 879 in
603 839 811 892 praesentia
848 837 895 875 ad
923 835 1160 887 depellendas
1187 833 1418 883 Paragraphi
1445 832 1554 869 huius
1583 844 1642 868 ca-

117 913 279 949 lumnias
316 911 480 947 sufficere
515 910 620 958 put0.
674 904 776 942 Illud
812 906 958 940 tantum
995 900 1141 945 addam,
1182 898 1438 949 Westphalum
1466 897 1537 934 hoc
1564 900 1643 933 toto

118 975 354 1026 Paragrapho
391 973 485 1011 nihil
522 970 625 1008 aliud
660 970 812 1011 efficere,
846 980 959 1017 quam
987 964 1088 1015 quod
1116 964 1309 1001 ostendere
1337 966 1503 1005 conatur,
1530 974 1598 998 nos
1626 972 1646 997 a

119 1056 184 1079 sua
221 1047 257 1078 et
293 1051 447 1078 suorum
484 1035 653 1073 doctrina
690 1032 899 1075 dissentire,
936 1030 974 1067 id
1020 1028 1121 1079 quod
1162 1041 1229 1065 nos
1263 1026 1336 1077 ipsi
1378 1025 1519 1076 alioqui
1552 1024 1646 1061 iam-

120 1106 261 1144 dudum
306 1104 537 1155 profitemm,
580 1099 732 1138 etiamsi*
762 1098 841 1148 ipse
879 1100 1012 1133 taceat.
1068 1092 1140 1130 Sed
1175 1091 1325 1129 interim
1361 1103 1436 1127 non
1474 1088 1648 1132 ostendit,

120 1171 333 1210 doctrinam
361 1181 465 1205 suam
491 1165 648 1204 eandem
674 1176 753 1201 esse
780 1175 865 1204 cum
894 1158 1120 1206 doctri-(fol.
1148 1160 1264 1202 48)na
1290 1157 1533 1204 Augustanae
1549 1154 1648 1190 Con-

119 1234 307 1279 fessionis,
344 1245 451 1283 quam
484 1243 551 1267 nos
580 1243 600 1266 a
637 1229 747 1266 nobis
786 1227 845 1263 hic
873 1231 970 1263 stare
997 1223 1150 1261 omnino
1179 1226 1215 1260 et
1241 1221 1298 1258 illi
1323 1233 1542 1271 repugnare,
1570 1232 1650 1256 ver-

121 1299 178 1337 bis
204 1297 323 1348 ipsius
352 1294 609 1333 confessionis
638 1296 674 1330 et
702 1292 781 1329 eius
811 1289 1018 1341 Apologiae
1046 1287 1241 1325 manifeste
1271 1285 1458 1322 docemus.

1268 1349 1404 1387 Ioan.
1432 1347 1454 1386 ὲ,
1481 1347 1649 1385 Lasco.

631 1423 691 1459 20.
1280 1414 1507 1463 Quanquam
1534 1425 1652 1462 neque

506 1486 549 1523 W
565 1485 702 1536 estph
715 1485 759 1522 al
773 1497 834 1522 us.
1260 1478 1321 1516 hic
1332 1476 1588 1528 Paragraphus
1607 1477 1654 1514 ad

173 1557 220 1593 In
256 1556 323 1592 laeoc
363 1567 471 1590 sensu
509 1553 661 1600 lcyisnus
691 1552 799 1587 etiam
827 1556 974 1592 reseres,
1005 1546 1201 1584 Tertullia-
1255 1542 1653 1580 causamhicnostram

123 1635 220 1662 num,
287 1619 528 1668 Cyprianum,
575 1615 835 1663 Auquslz'num,
880 1620 946 1649 etc.
996 1623 1200 1659 usurpasse
1253 1607 1456 1658 quidquam
1501 1606 1653 1643 omnino

121 1688 189 1723 hoc
228 1697 342 1733 yemcs
379 1682 615 1731 loqnnlz'onis‚
642 1688 673 1717 el
702 1680 858 1716 dixisse:
896 1679 941 1715 In
969 1685 999 1714 e!
1030 1676 1104 1713 snb
1127 1688 1202 1724 pa·
1254 1672 1436 1724 pertineat
1448 1674 1534 1719 (nos
1555 1671 1654 1708 enim

124 1764 167 1787 ne
214 1763 259 1786 uc
304 1750 386 1785 vino
432 1747 563 1783 adesse
600 1752 632 1782 et
666 1745 763 1781 sumi
803 1743 959 1779 Domini
1002 1754 1136 1789 corpus
1175 1747 1205 1777 et
1257 1738 1298 1775 in
1348 1741 1477 1774 nostra
1514 1736 1656 1784 Purga-

123 1815 354 1863 sanquinem.
1253 1802 1367 1847 tione,
1428 1814 1537 1851 quam
1591 1800 1650 1837 hic

126 1877 363 1931 Westphalus
399 1873 695 1925 impugnandam
732 1870 904 1921 suscepit,
941 1882 1060 1919 neque
1097 1868 1140 1905 de
1168 1880 1280 1904 sensu
1307 1865 1498 1902 doctrinae
1526 1864 1649 1902 West-

122 1943 302 1996 phalicae,
329 1953 448 1991 neque
477 1939 521 1976 de
548 1938 727 1975 Veterum
754 1935 938 1973 sententia
965 1934 1121 1983 egimus,
1148 1932 1212 1969 sed
1241 1931 1284 1968 de
1312 1933 1532 1980 Augustana
1555 1930 1652 1967 dun-

122 2011 227 2046 taxat
255 2004 510 2047 Confessione‚
536 2002 576 2039 in
604 2014 677 2052 qua
705 2001 828 2037 fontes
857 1998 1049 2036 doctrinae
1082 1995 1350 2046 Westplialicae
1377 2006 1558 2044 nusquam
1585 1993 1651 2030 ad-

125 2073 199 2110 huc
235 2071 546 2108 commonstratos
584 2066 783 2111 videmus),
818 2068 944 2102 tamen
980 2062 1026 2099 ad
1055 2061 1144 2098 istas
1176 2059 1385 2109 Westphali
1413 2059 1457 2096 de
1486 2062 1652 2096 veterum

127 2134 312 2174 sententia
351 2131 593 2182 gloriationes
632 2130 702 2166 hoc
740 2128 869 2166 saltem
899 2125 1146 2177 respondebO.
1198 2124 1277 2161 Ubi
1308 2123 1544 2173 Westphalus
1571 2123 1654 2159 loca

125 2203 166 2239 in
203 2199 376 2237 Patribus
414 2193 776 2238 commonstraverit,
819 2192 885 2243 qui
922 2190 1131 2228 doctrinam
1165 2189 1282 2239 ipsius
1319 2188 1539 2238 approbent,
1573 2191 1653 2224 tum

126 2278 184 2302 me
221 2263 260 2300 in
296 2261 427 2299 iisdem
466 2259 557 2310 ipsis
585 2257 759 2295 Patribus
788 2255 996 2293 doctrinam
1025 2253 1242 2305 Westpbalo
1270 2252 1379 2303 plane
1406 2251 1654 2288 adversariam

128 2329 509 2365 commonstraturum
545 2335 645 2359 esse:
681 2324 829 2358 tantum
865 2319 983 2363 abest,
1018 2323 1060 2355 ut
1093 2318 1130 2354 in
1169 2316 1280 2354 sensu
1318 2315 1569 2366 Wcstphalico
1600 2315 1655 2350 lo-

129 2391 235 2444 quuti
264 2390 339 2428 sint
378 2400 540 2438 unquam
570 2391 812 2435 nostramque
841 2383 1050 2420 doctrinam
1077 2382 1154 2418 ullo
1185 2380 1294 2417 modo
1322 2380 1554 2430 impugnent.
1585 2379 1656 2416 Sed

130 2453 366 2505 Westphalus
401 2451 596 2500 ingeniose
636 2449 738 2493 facit,
766 2447 866 2498 quod
896 2447 1021 2483 Patres
1051 2446 1140 2482 citat
1170 2458 1244 2481 non
1271 2443 1462 2494 productis
1491 2444 1654 2494 ipsorum

130 2520 235 2564 locis,
263 2532 321 2561 ne,
346 2515 539 2568 productis
568 2513 672 2556 locis,
700 2513 808 2549 fucus
836 2511 937 2548 illius
965 2513 1240 2559 agnosceretur.
1280 2507 1432 2558 Alioqui
1461 2508 1554 2544 clam
1582 2520 1657 2544 non

130 2590 199 2630 cst,
225 2597 297 2634 qua
325 2581 397 2619 fide
425 2584 565 2617 veteres
593 2592 612 2616 a
643 2576 858 2627 Westphalo
887 2580 922 2613 ct
951 2575 1025 2612 suis
1057 2574 1230 2611 citentur.

1289 2638 1421 2675 Ioan.
1450 2635 1471 2673 Ξι
1501 2636 1661 2675 Laseo.

644 2709 705 2746 21.
1287 2700 1660 2751 Dignacstprqffol.

514 2774 551 2809 W
567 2771 705 2822 estph
719 2771 837 2808 alus.
1261 2768 1427 2813 49)feet0
1447 2769 1552 2803 tanto
1572 2765 1661 2801 Pro-

197 2845 375 2882 Violenler
411 2853 498 2890 erqo
535 2841 770 2886 detorquetur
803 2835 994 2884 particula
1026 2831 1191 2870 ncam''
1220 2846 1242 2869 ιι
1298 2832 1407 2881 pheta
1437 2830 1526 2866 haec
1552 2841 1661 2878 argu-
