1818 3178
579 102 796 132 ansroNsm
824 105 918 134 Anv.
950 104 1116 133 nosmM.
1539 97 1612 134 405

84 204 267 256 simplicia
295 206 366 244 iam
398 218 475 243 non
503 210 620 252 erant,
640 206 705 244 sed
727 206 900 257 Mystica,
918 210 1005 245 ante
1024 206 1417 253 consecrationem,—
1436 205 1511 244 iam
1532 219 1610 244 esse

82 270 332 312 manifestum.
348 270 682 308 sanctificationem
698 271 976 310 Elementorum
994 272 1140 309 Coenae
1156 271 1317 322 priorem
1334 284 1413 308 esse
1428 270 1508 321 ipsa
1519 283 1609 307 con-

83 335 300 372 secratione.
341 335 488 372 Certum
527 340 582 372 est
619 340 742 374 autem
781 337 997 387 Apostolos,
1026 349 1101 374 non
1131 336 1328 387 simplicia,
1355 336 1418 373 sed
1449 335 1610 385 Mystica

81 397 155 435 iam
192 399 337 436 Coenae
363 399 654 446 ele-(33)menta
692 401 896 451 sumpsisse
924 401 1108 451 simulque
1135 404 1170 438 et
1199 399 1346 451 corpori
1372 405 1408 437 et
1435 399 1610 449 sanguini

84 462 225 500 Christi
252 463 559 502 communicasse.
590 465 738 502 Certum
770 479 852 502 csse
879 465 995 514 igitur
1023 465 1147 509 etiam,
1173 465 1440 502 elementorum
1467 464 1613 501 Coenae

82 527 403 565 consecrationem
440 541 516 566 non
552 541 632 566 esse
668 529 828 579 positam
864 529 904 566 in
943 529 1143 567 verborum
1184 529 1258 566 ulla
1299 541 1363 579 per
1394 527 1611 566 Ministrum

79 586 355 626 enunciatione.
386 587 498 625 Quod
528 589 558 625 si
589 601 715 625 verum
744 593 813 634 est,
840 588 964 626 videat
993 588 1138 625 Hosius
1157 593 1199 626 ut
1221 602 1327 626 suum
1349 588 1460 626 nobis
1480 588 1611 626 Sacer-

80 650 223 689 dotium
244 652 354 689 simul
373 656 409 689 et
433 652 667 690 Sacrificium
686 653 766 701 (cui
786 665 898 703 supra
917 652 1068 690 modum
1089 653 1238 702 metuit)
1257 653 1466 704 approbare
1479 653 1610 704 possit.

678 779 924 818 Articulus
953 782 1014 820 12.

132 927 150 944 u
164 910 250 948 Filii
278 910 395 948 Israel
422 910 600 948 biberunt
627 909 672 948 de
700 909 886 962 spirituali
913 913 1030 961 petra,
1055 908 1140 947 ideo
1169 922 1239 948 nos
1266 922 1413 961 quoque
1433 911 1606 962 spiritua-

79 992 96 1010 ο
108 975 195 1013 liter
221 975 387 1026 accipere
415 974 603 1026 oportet.”

699 1038 733 1077 R
744 1051 764 1077 e
775 1052 790 1077 s
801 1052 824 1090 p
836 1051 857 1077 0
867 1052 892 1077 n
905 1052 920 1077 s
933 1039 946 1076 i
957 1052 991 1078 0.

129 1169 262 1208 Fateor
303 1184 383 1208 eam
419 1169 782 1219 argumentationem
819 1181 898 1206 esse
933 1181 1067 1212 meam,
1104 1167 1169 1206 sed
1205 1168 1253 1206 ab
1290 1168 1431 1206 Albero
1461 1170 1610 1207 concise

77 1236 235 1273 nimium
271 1239 308 1273 et
342 1239 512 1273 truncate
548 1234 711 1280 recitari,
746 1237 789 1271 ut
817 1232 1026 1270 calumniae
1051 1232 1171 1283 ipsius
1197 1236 1324 1284 patere
1350 1234 1483 1284 possit.
1536 1235 1610 1272 Ar·

74 1299 308 1348 gumentatio
344 1312 432 1337 vero
468 1302 597 1336 nostra
631 1302 687 1336 est
726 1297 924 1335 eiusmodi.
978 1296 1039 1334 Ad
1068 1309 1179 1347 quem
1206 1296 1359 1335 modum
1388 1310 1486 1336 unus
1512 1298 1609 1336 ‹lun-

74 1366 178 1401 taxat
213 1367 268 1401 est
309 1362 423 1407 Deus,
460 1376 532 1400 una
571 1361 741 1399 Ecclesia
777 1365 813 1400 et
854 1373 929 1399 una
956 1360 1061 1406 fides,
1089 1361 1235 1399 etiamsi
1264 1362 1448 1413 duplicem
1477 1362 1610 1400 Eccle-

76 1428 181 1473 siam,
217 1432 377 1466 veterem
412 1428 564 1478 inquam
600 1426 754 1464 Israelis
790 1430 826 1464 et
862 1429 1028 1464 nostram
1066 1439 1168 1464 nunc
1194 1430 1280 1477 post
1309 1427 1499 1464 Christum
1528 1427 1607 1464 Do-

74 1492 216 1530 minum
244 1492 515 1543 Apostolicam,
542 1505 621 1529 esse
648 1503 911 1541 agnoscamus,
937 1503 1097 1541 quarum
1115 1491 1232 1528 altera
1252 1491 1291 1528 in
1307 1495 1506 1529 venturum
1523 1493 1607 1540 (34)

73 1556 196 1594 adbuc
235 1556 425 1600 Messiam,
452 1556 666 1607 typicorum
702 1555 756 1593 rei
784 1555 933 1593 futurae
959 1555 1100 1592 rituum
1129 1559 1165 1593 et
1196 1556 1524 1593 Sacramentorum
1552 1560 1607 1594 te-

74 1620 264 1666 stimonio,
300 1621 487 1665 credebat,
521 1621 638 1658 altera.
677 1632 764 1658 vero
799 1620 872 1657 iam
901 1619 1114 1658 exhibitum
1141 1633 1221 1658 esse
1247 1621 1456 1671 profitetur,
1481 1641 1532 1648 —
1558 1621 1605 1658 ad

75 1683 233 1720 eundem
261 1683 415 1721 modum
442 1683 555 1721 etiam
583 1683 711 1721 omnia
739 1683 873 1721 veteris
903 1686 938 1720 et
966 1686 1118 1721 nostrae
1147 1682 1336 1720 Ecclesiae
1365 1684 1607 1720 Sacramenta

73 1747 111 1784 in
157 1759 224 1784 suo
258 1747 494 1798 potissimum
537 1747 723 1797 Mysterio
760 1760 840 1785 esse
871 1760 989 1784 unum
1025 1751 1137 1797 atque
1173 1746 1272 1784 idem
1310 1747 1606 1790 Sacramentum,

73 1824 141 1848 nec
178 1811 250 1848 alio
287 1824 395 1849 sensu
436 1825 455 1849 a
483 1811 598 1849 Paulo
628 1812 773 1857 doceri,
800 1812 929 1849 Patres
957 1814 1108 1849 nostros
1137 1811 1295 1848 eundem
1324 1810 1522 1848 nobiscum
1552 1812 1604 1848 ci-

74 1876 163 1913 bum
200 1876 432 1927 spiritualem
468 1876 589 1914 edisse
631 1881 667 1914 et
703 1876 803 1914 idem
844 1876 984 1914 bibisse
1024 1876 1214 1927 poculum,
1241 1889 1374 1926 nempe
1402 1876 1607 1921 Christum,

72 1940 135 1991 qui
163 1944 199 1978 et
226 1940 318 1978 alibi
345 1940 434 1978 item
466 1940 597 1978 Mosen
625 1941 699 1978 fide
726 1940 870 1978 Pascha
898 1940 1087 1991 peregisse
1114 1942 1283 1979 affirmat.
1312 1940 1502 1978 Nimirum
1520 1941 1604 1978 Mo-

72 2018 129 2042 ses
166 2017 242 2042 non
278 2009 423 2043 tantum
460 2005 499 2042 iu
533 2005 700 2056 typicum
728 2005 835 2043 illum
863 2018 1003 2054 agnum
1029 2005 1261 2049 intuebatur,
1289 2007 1395 2044 cuius
1424 2008 1600 2045 carnibus

69 2069 175 2107 iuxta
211 2066 480 2120 praescriptum
519 2083 540 2107 a
569 2070 648 2107 Deo
678 2070 792 2108 ritum
821 2071 1053 2117 vescebatur,
1089 2070 1155 2108 sed
1181 2070 1221 2108 in
1250 2070 1442 2109 Christum
1469 2072 1606 2123 ipsum,

72 2147 287 2185 quanquam
324 2134 446 2171 adhuc
474 2138 684 2181 venturum,
712 2139 747 2173 et
775 2135 975 2173 salutarem
1002 2135 1076 2172 iam
1104 2141 1185 2173 tum
1212 2136 1325 2174 etiam
1353 2150 1440 2175 suae
1469 2137 1600 2176 Eccle-

72 2201 148 2238 siae
176 2201 342 2252 corporis
368 2204 404 2238 et
432 2200 626 2249 sanguinis
653 2199 771 2251 ipsius
800 2200 1114 2247 communionem,
1141 2214 1252 2251 quam
1280 2206 1316 2239 et
1343 2214 1412 2240 nos
1440 2203 1476 2240 in
1508 2202 1603 2241 Coe-

72 2279 141 2303 nae
178 2265 397 2302 Dominicae
431 2278 503 2302 usu
538 2265 625 2302 fidei
652 2269 804 2303 nostrae
831 2265 950 2303 oculis
977 2265 1214 2316 potissimum
1244 2266 1443 2305 intuemur.
1489 2267 1603 2305 Unde

70 2335 107 2369 et
142 2331 188 2368 ab
228 2330 441 2380 Augustino
477 2343 648 2381 expresse
685 2330 865 2382 scriptum
893 2330 1087 2375 habemus,
1124 2331 1364 2369 Sacramenta
1405 2331 1537 2370 veteris
1565 2338 1600 2371 et

70 2400 221 2434 nostrae
257 2395 447 2433 Ecclesiae
483 2395 600 2444 signis
637 2395 787 2447 quidem
823 2409 903 2434 esse
929 2397 1015 2444 (35)
1054 2395 1211 2439 diversa,
1251 2400 1437 2434 caeterum
1465 2397 1601 2435 virtute

72 2475 116 2500 ac
149 2461 327 2512 mysterio
362 2461 464 2511 paria
500 2473 581 2498 esse
617 2465 728 2511 atque
762 2461 904 2500 eadem.
959 2461 1000 2498 Si
1035 2460 1152 2510 igitur
1186 2461 1382 2511 utriusque
1409 2460 1601 2500 Ecclesiae

73 2528 312 2565 Sacramenta
348 2539 460 2563 uuum
499 2529 610 2576 atque
645 2526 742 2564 idem
782 2527 1065 2564 Sacramentum
1099 2529 1187 2564 sunt
1223 2526 1261 2563 in
1299 2540 1366 2564 suo
1407 2527 1600 2578 Mysteri0,

73 2597 108 2629 et
146 2592 471 2629 Sacramentorum
509 2590 548 2628 in
577 2590 691 2628 veteri
719 2590 889 2628 Ecclesia
917 2590 1017 2628 aliud
1046 2602 1123 2628 non
1151 2594 1231 2628 erat
1263 2593 1515 2642 praestantius
1542 2594 1601 2630 ul-

73 2656 150 2694 lum
186 2656 414 2707 mysterium,
451 2668 562 2707 quam
599 2655 765 2706 corporis
803 2660 838 2693 et
875 2654 1070 2704 sanguinis
1107 2655 1259 2701 Christi,
1294 2657 1442 2694 venturi
1467 2657 1603 2704 adhuc,

73 2719 277 2770 spiritualis
314 2720 528 2758 communio
562 2732 627 2770 per
663 2719 787 2765 fidem,
823 2732 918 2770 quae
953 2723 989 2757 et
1026 2719 1224 2770 praeterita
1251 2723 1287 2758 et
1313 2721 1439 2758 futura
1466 2722 1604 2768 omnia,

70 2788 249 2835 tanquam
277 2785 486 2835 praesentia
512 2783 690 2828 intuetur,
708 2804 758 2812 —
777 2783 1014 2835 perspicuum
1041 2788 1108 2826 est.
1135 2785 1281 2822 Coenae
1300 2797 1449 2835 quoque
1467 2784 1600 2822 Domi-

72 2848 178 2886 nicae
215 2849 437 2899 Mysterium
475 2849 619 2886 nullum
648 2849 899 2899 praestantius
926 2861 1034 2899 posse
1062 2849 1252 2897 constitui,
1281 2862 1393 2900 quam
1422 2850 1599 2900 spiritua·

121 2912 156 2952 Ι.
1403 2916 1451 2955 27
