1818 3178
540 121 756 152 nnsrousm
787 119 879 146 Amr.
911 115 1079 144 nosmM.
1502 96 1575 132 401

675 219 964 274 Responsio.

105 365 190 404 Etsi
223 374 292 412 ego
330 373 387 398 me
421 357 468 396 ad
502 356 603 394 hunc
637 353 791 392 modum
827 362 1013 400 nusquam
1052 346 1351 395 argumentatum
1388 352 1467 377 esse
1494 337 1584 382 scio,

55 437 196 476 tamen,
230 430 384 477 excepta
421 423 500 461 sola
537 421 581 458 de
618 416 875 457 Daemonibus
911 411 1125 464 appendice,
1152 409 1197 446 de
1224 396 1296 458 qua
1324 404 1417 443 mihi
1444 400 1586 452 alioqui

64 511 111 536 ne
137 496 177 533 in
203 496 366 531 mentem
392 488 542 540 quidem
572 485 673 524 venit
699 494 889 533 umquam,
914 501 964 509 —
993 490 1071 515 non
1098 474 1206 513 video
1233 472 1324 524 quid
1341 470 1400 509 vel
1414 468 1589 511 Alberus‚

56 560 117 599 vel
144 557 288 596 Hosius
315 554 378 592 hic
403 551 568 605 potuerit
597 546 774 591 cavillari,
800 545 873 583 nisi
901 547 965 581 aut
993 541 1185 579 Christum
1211 538 1334 589 ipsum
1357 534 1482 572 divino
1503 531 1589 583 Spi-

55 625 131 662 ritu
171 635 237 660 suo
267 632 345 659 non
374 631 455 656 esse
481 615 634 666 ubique,
659 616 723 650 aut
750 611 830 649 eius
858 608 1030 660 spiritum
1060 604 1196 643 Divina
1224 615 1289 640 sua
1317 597 1590 650 omnipotentia

59 687 212 726 destitui
249 697 359 736 posse
395 681 597 724 somniant,
631 677 670 714 id
708 674 807 727 quod
836 674 920 722 (23)
948 670 1089 722 alioqui
1116 658 1239 706 Hosio
1267 664 1508 718 levius-forte
1535 661 1591 699 vi-

60 751 140 790 deri
165 753 290 801 potest
317 749 430 797 (cum
458 745 506 783 sit
532 740 750 794 praesertim
778 736 950 790 plurimis
979 734 1037 773 sui
1063 731 1208 771 ordinis
1235 728 1454 768 hominibus
1481 725 1592 764 fami-

63 816 188 862 liare),
221 826 332 865 quam
372 811 404 848 si
438 811 560 860 Papae
597 819 662 845 suo
700 802 841 855 aliquid
878 800 1053 839 decedere
1080 797 1245 850 patiatur
1272 797 1471 845 usurpatae
1497 791 1593 829 iam-

63 879 207 931 pridem
237 891 324 916 suae
348 873 563 927 tyrannidis
591 875 626 910 et
652 868 866 921 impietatis
915 867 1024 905 Quae
1052 864 1096 902 de
1121 862 1247 913 impiis
1274 864 1310 899 et
1339 857 1595 897 Daemonibus

69 944 270 989 adduntur,
299 940 493 980 verissima
521 940 621 983 sunt,
649 935 681 973 si
707 937 805 972 recte
832 931 1064 982 accipiantur
1092 933 1127 966 et
1154 927 1278 965 verbis
1305 920 1598 976 simplicioribus

66 1009 276 1048 tradantur.
330 1005 429 1044 Quis
465 1003 563 1041 enim
600 1003 723 1050 neget,
762 997 953 1036 Christum
989 993 1194 1032 Dominum
1223 1004 1290 1029 sua
1327 986 1599 1039 omnipotentia

70 1078 106 1112 et
142 1071 241 1124 apud
274 1069 412 1121 impios
447 1071 483 1106 et
519 1064 617 1117 apud
654 1063 863 1101 Daemones
900 1073 992 1105 esse,
1027 1062 1069 1096 ut
1106 1057 1143 1095 vi
1178 1068 1220 1093 ac
1247 1053 1388 1092 iudicio
1415 1052 1533 1103 ipsius
1560 1050 1601 1088 in

71 1141 264 1176 aeternum
301 1131 551 1171 damnentur?
606 1128 678 1167 Sed
715 1127 878 1165 Alberus
915 1137 1019 1162 more
1048 1134 1114 1160 suo
1144 1121 1321 1172 depravat
1349 1117 1486 1160 omnia,
1512 1115 1602 1153 dum

73 1216 94 1240 a
138 1200 248 1240 nobis
294 1197 420 1236 doceri
461 1195 583 1244 fingit,
618 1193 828 1231 Daemones
865 1188 1064 1241 participes
1102 1199 1180 1224 esse
1215 1182 1405 1236 potentiae
1451 1179 1605 1225 Christi,

67 1265 182 1318 'quasi
217 1263 374 1302 eandem
402 1274 487 1299 cum
517 1258 668 1297 Christo
698 1255 861 1293 Domino
890 1256 1112 1305 potestatem
1142 1249 1215 1288 sibi
1242 1248 1407 1286 habeant
1436 1258 1604 1284 commu-

75 1343 174 1375 nem,
209 1327 311 1380 quod
339 1339 429 1365 sane
455 1339 475 1363 a
502 1337 562 1362 me
589 1333 784 1373 nunquam
815 1318 1020 1369 cogitatum
1048 1316 1130 1355 fuit.

690 1449 947 1490 Articulus
977 1450 1011 1489 7.

138 1586 337 1626 uChristus
375 1597 451 1623 non
489 1582 605 1620 dixit:
664 1581 750 1619 Cum
790 1581 859 1618 lzoc
893 1591 994 1628 pane
1031 1575 1188 1628 accipite
1225 1587 1358 1626 eorpus
1394 1586 1529 1619 meum,
1562 1593 1612 1601 —

88 1656 312 1704 apropterea
342 1662 477 1700 corpus
505 1647 584 1687 eius
614 1659 689 1685 non
722 1645 830 1683 datur
855 1644 896 1681 in
925 1642 1088 1681 Coena''.

711 1770 996 1824 Responsio.

140 1908 345 1960 Impudens
373 1904 607 1944 mendacium
636 1906 703 1949 est,
729 1901 830 1953 quod
846 1901 931 1948 (24)
952 1899 1117 1945 doceam,
1145 1910 1279 1949 eorpus
1308 1895 1448 1934 Christi
1467 1893 1621 1932 Domini

92 1975 201 2013 nobis
235 1974 276 2011 in
313 1973 437 2010 Coena
465 1983 531 2008 sua
558 1982 633 2007 non
664 1967 744 2005 dari
786 1979 850 2004 seu
877 1963 1058 2010 exhiberi,
1096 1976 1175 2001 cum
1205 1975 1274 2012 ego
1303 1962 1342 1999 in
1371 1960 1547 1998 omnibus
1573 1960 1622 1996 li-

92 2041 201 2078 bellis
237 2038 330 2077 meis
359 2036 590 2075 contrarium
621 2033 786 2071 doceam.
842 2031 1028 2082 Expresse
1056 2042 1139 2068 cum
1167 2027 1283 2066 Paulo
1311 2027 1499 2078 profiteor,
1529 2025 1627 2062 Coe-

92 2119 178 2143 nam
224 2103 345 2155 ipsam
379 2114 459 2140 esse
493 2113 618 2138 veram
656 2111 699 2136 ac
734 2097 932 2135 salutarem
972 2094 1139 2145 corporis
1175 2097 1212 2131 et
1250 2091 1445 2141 sanguinis
1483 2090 1623 2128 Christi

95 2168 408 2213 communionem,
445 2179 488 2204 ac
523 2163 682 2216 proinde
717 2174 850 2214 panem
888 2164 922 2198 et
959 2159 1136 2211 poculum
1173 2158 1319 2196 Coenae
1346 2170 1426 2194 esse
1454 2155 1624 2206 symbola

98 2234 264 2287 corporis
301 2237 336 2272 et
375 2230 570 2281 sanguinis
606 2227 758 2267 Christi.
812 2225 966 2276 Alioqui
994 2237 1114 2276 neque
1143 2224 1267 2261 Coena
1293 2222 1374 2273 ipsa
1402 2224 1497 2259 esset
1526 2233 1627 2258 com-

95 2300 224 2338 munio
272 2297 438 2349 corporis
483 2299 519 2334 et
565 2293 758 2343 sanguinis
797 2290 949 2337 Christi,
995 2289 1025 2327 si
1071 2289 1218 2326 Coenae
1253 2287 1433 2324 elementa
1470 2286 1627 2323 istorum

98 2364 269 2415 symbola
311 2375 389 2400 non
436 2363 571 2405 essent,
616 2370 734 2408 neque
768 2356 858 2394 item
894 2353 1000 2405 panis
1038 2357 1072 2391 et
1108 2352 1239 2390 vinum
1276 2351 1421 2388 Coenae
1458 2348 1628 2399 symbola

97 2443 185 2468 vera
221 2441 302 2467 esse
337 2429 491 2478 possent
528 2423 695 2475 corporis
732 2425 768 2460 et
805 2419 998 2470 sanguinis
1028 2417 1183 2464 Christi,
1218 2421 1254 2455 et
1282 2416 1408 2454 Coena
1433 2415 1515 2467 ipsa
1553 2426 1630 2452 non

100 2498 198 2533 esset
236 2506 321 2533 vera
359 2505 401 2530 ac
430 2489 603 2529 salutaris
633 2486 845 2526 communio
875 2483 1042 2536 corporis
1069 2487 1106 2521 et
1133 2481 1328 2532 sanguinis
1357 2479 1509 2526 Christi,
1536 2491 1631 2530 quae

101 2558 243 2610 alioqui
278 2559 357 2595 sine
392 2556 474 2607 ipso
512 2553 653 2592 Christi
680 2550 836 2590 Domini
864 2562 1018 2600 corpore
1045 2561 1088 2586 ae
1115 2546 1297 2596 sanguine
1325 2545 1527 2583 consistere
1555 2556 1630 2581 non

101 2627 236 2675 potest.
291 2621 363 2660 Sed
401 2621 562 2658 Allierus
598 2616 889 2656 controversiam
928 2613 972 2652 de
1009 2614 1155 2651 Coenae
1198 2611 1389 2650 elementis
1425 2609 1468 2648 ad
1506 2609 1630 2660 ipsum

105 2689 250 2726 Coenae
295 2688 578 2725 Sacramentum
624 2681 824 2720 artificiose
867 2679 1060 2724 transfert,
1103 2677 1210 2728 quasi
1245 2677 1344 2715 idem
1382 2675 1430 2713 sit
1465 2685 1632 2725 prorsus,

106 2754 250 2791 Coenae
283 2752 467 2790 elementa
505 2753 540 2787 et
577 2748 722 2786 Coenae
760 2747 1046 2784 sacramentum.
1100 2743 1183 2781 Etsi
1227 2741 1344 2792 igitur
1389 2752 1457 2778 nos
1496 2738 1632 2776 diserte

108 2819 283 2865 neg‘emus
321 2828 455 2866 corpus
484 2812 624 2851 Christi
651 2809 914 2859 Do-(25)mini
942 2807 1051 2846 nobis
1080 2821 1119 2845 re
1144 2806 1226 2858 ipsa
1255 2805 1347 2850 dari,
1374 2804 1461 2842 dum
1487 2803 1632 2840 Coenae

106 2883 384 2934 participamus,
421 2880 456 2918 in
495 2891 588 2931 panc
626 2881 689 2916 aut
726 2876 794 2914 sub
832 2888 925 2926 pane
953 2880 1014 2912 aut
1052 2885 1134 2910 cum
1172 2885 1265 2923 pane
1301 2874 1362 2908 aut
1400 2868 1471 2920 per'
1499 2880 1632 2919 panem
