1818 3178
1562 91 1632 126 325

103 213 286 248 tueamur.
312 208 438 246 Prima
463 207 580 259 ipsius
601 206 696 245 ratio
716 209 771 245 est
788 205 918 255 igitur,
936 218 1009 256 qua
1025 205 1151 242 locum
1169 203 1302 254 Cyrilli
1319 215 1340 240 a
1360 214 1418 240 me
1438 201 1630 252 depravari

101 274 270 312 affirmat.
287 273 353 310 Ait
372 270 676 320 enim‚Cyrillum
688 270 800 307 citato
812 270 850 307 in
864 269 1050 320 Apologia
1060 269 1244 312 loco,non
1254 266 1299 304 de
1308 280 1350 304 ea
1369 264 1632 303 communione

99 341 226 376 nostra
255 350 338 374 cum
366 335 515 373 Christo
543 335 660 385 loqui,
685 348 759 385 qua
779 348 816 372 se
837 334 900 371 ille
919 333 1028 371 nobis
1047 333 1231 370 humanae
1250 335 1399 369 nostrae
1417 333 1572 367 naturae
1590 329 1630 366 in

101 416 210 440 carne
246 404 374 439 nostra
408 399 696 450 participatione
732 398 941 443 coniunxit,
977 397 1039 435 sed
1076 410 1150 447 qua
1186 409 1254 434 nos
1281 395 1336 432 illi
1364 393 1630 443 coniungimur

104 466 241 503 virtute
271 464 452 514 Mysticae
481 463 753 500 benedictionis
780 463 819 500 in
848 462 972 499 Coena
1008 461 1160 511 ipseque
1187 460 1331 497 habitat
1349 459 1388 496 in
1407 458 1530 496 nobis.
1552 457 1628 494 Hic

99 543 209 582 porro
239 529 332 567 scire
360 542 427 578 ego
456 542 476 565 a
507 528 724 579 Westphalo
754 532 840 565 ante
868 526 993 564 omnia
1021 526 1146 569 velim,
1165 537 1313 575 an,qua
1329 528 1434 575 parte
1456 523 1627 560 Christus

98 596 138 632 in
157 595 266 632 nobis
277 594 519 645 corporaliter
530 593 674 630 habitat
685 595 720 629 et
731 591 880 642 quidem
893 590 1014 628 carnis
1029 589 1304 632 communione,
1313 587 1627 639 quemadmodum

97 659 259 709 Cyrillus
291 658 371 709 ipse
406 658 585 708 loquitur,
621 669 698 694 non
727 661 803 693 tam
833 668 902 693 nos
931 655 1015 700 sibi,
1042 667 1153 705 quam
1180 667 1218 691 se
1245 653 1355 691 nobis
1381 652 1506 703 potius
1535 665 1626 689 con-

90 724 265 774 junctum
284 736 362 760 esse
380 726 552 768 testatur,
569 720 881 772 quemadmodum
902 732 971 757 nos
991 719 1064 757 sibi
1074 731 1221 770 quoque
1230 718 1395 756 vicissim
1408 716 1628 756 coniunctos

96 801 175 826 esse
209 787 329 832 docet,
367 787 454 824 dum
482 799 550 824 nos
577 786 615 822 in
647 799 685 823 se
711 797 860 822 manere
887 783 952 822 ait.
980 783 1027 821 Id
1055 783 1086 821 si
1114 786 1237 832 negat,
1264 782 1450 826 ostendat,
1479 794 1542 819 cur
1560 781 1629 818 du-

94 853 228 903 plicem
265 852 375 890 nobis
402 852 584 889 rationem
616 848 813 888 constituit
841 848 1013 886 Christus
1042 847 1228 885 Dominus
1254 860 1341 884 suae
1368 846 1565 884 nobiscum
1593 848 1629 883 et

98 919 246 953 nostrae
274 928 398 952 secum
429 913 617 952 societatis
646 912 723 950 sive
752 911 1041 956 communionis,
1067 923 1199 961 nempe
1226 914 1267 947 ut
1294 913 1330 947 et
1357 909 1436 960 ipse
1452 909 1492 946 in
1517 908 1627 946 nobis

96 980 241 1018 habitet
266 984 302 1018 et
330 992 400 1017 nos
434 980 475 1017 in
501 979 580 1024 illo,
606 977 647 1014 id
673 975 847 1014 ostendat
873 975 1041 1026 inquam,
1059 975 1277 1025 praesertim
1298 987 1380 1011 cum
1402 973 1564 1023 Cyrillus
1584 986 1626 1010 eo

95 1045 176 1094 ipso
203 1045 287 1081 loco
317 1044 452 1081 diserte
477 1044 652 1093 loquatur
680 1041 723 1078 de
750 1044 909 1090 utraque
936 1040 1005 1076 hac
1032 1040 1169 1090 pariter
1195 1038 1341 1076 ratione
1369 1037 1558 1075 societatis
1588 1040 1626 1074 et

97 1108 369 1146 communionis
397 1111 547 1144 nostrae
574 1119 656 1143 cum
679 1104 842 1149 Christo,
864 1108 1047 1154 quatenus
1069 1103 1240 1140 videlicet
1259 1107 1294 1140 et
1312 1103 1391 1153 ipse
1405 1102 1516 1140 nobis
1535 1114 1627 1138 con-

94 1173 246 1210 iunctus
283 1176 340 1210 est
373 1176 409 1209 et
445 1185 514 1208 nos
552 1171 624 1208 sibi
660 1169 825 1206 vicissim
863 1168 1079 1215 coniunxit;
1125 1167 1285 1218 denique
1320 1170 1356 1204 et
1391 1167 1543 1204 alteram
1582 1166 1629 1203 ab

95 1239 209 1276 altera
236 1238 289 1275 ita
317 1237 516 1279 discernat,
542 1239 596 1279 ut,
623 1239 807 1286 quatenus
835 1247 904 1271 nos
933 1233 1006 1271 sibi
1026 1232 1222 1270 coniunxit
1239 1232 1411 1269 Christus
1430 1230 1633 1276 Dominus,

95 1302 324 1353 spiritualem
352 1314 432 1338 esse
459 1300 591 1338 doceat
618 1300 739 1337 nostri
767 1313 850 1337 cum
873 1299 1021 1337 Christo
1042 1298 1343 1337 communionem
1362 1320 1425 1345 —,
1444 1301 1626 1349 quatenus

92 1380 178 1404 vero
225 1379 264 1404 se
308 1365 419 1403 nobis
465 1364 587 1402 carnis
623 1364 799 1402 societate
844 1364 1052 1407 coniunxit,
1087 1363 1421 1414 corporaliter
1467 1363 1628 1400 naturali

94 1429 271 1467 societate
305 1429 411 1467 illum
449 1429 560 1466 nobis
611 1428 856 1466 coniunctum
893 1441 984 1474 esse,
1024 1428 1138 1478 inque
1165 1427 1289 1470 nobis,
1317 1427 1402 1475 (fol.
1432 1428 1496 1474 92)
1523 1427 1630 1464 iuxta

92 1494 248 1532 Ioannis
281 1494 538 1532 testimonium
570 1492 611 1541 ¹),
648 1493 721 1530 hoc
757 1496 826 1539 est,
860 1493 900 1530 in
939 1506 1048 1530 carne
1087 1497 1216 1531 nostra
1242 1495 1394 1543 propter
1422 1495 1627 1529 naturae

91 1559 406 1597 identitatem
442 1551 612 1596 habitare
648 1559 813 1596 affirmet.
865 1558 1036 1596 Praestat
1071 1562 1197 1595 autem
1234 1557 1347 1595 verba
1381 1557 1463 1608 ipsa
1491 1556 1624 1606 Cyrilli

95 1623 307 1661 adscribere
344 1624 388 1661 de
416 1627 573 1674 utraque
601 1622 672 1660 hac
698 1622 843 1660 ratione
871 1621 1146 1659 communionis
1173 1625 1322 1659 nostrae
1351 1634 1435 1658 cum
1463 1620 1627 1664 Christo,

93 1701 225 1739 nempe
251 1688 532 1740 spirituali,
560 1701 632 1739 qua
660 1700 729 1726 nos
749 1687 822 1725 sibi
842 1687 1050 1733 coniunxit,
1069 1691 1105 1725 et
1133 1686 1396 1737 corporali,
1423 1699 1495 1737 qua
1513 1685 1625 1723 nobis

95 1752 216 1790 carnis
244 1752 420 1790 societate
448 1753 682 1799 coniunctus,
707 1751 853 1789 habitat
880 1751 921 1789 in
948 1751 1071 1790 nobis.
1116 1750 1172 1789 De
1198 1750 1321 1802 priore
1347 1750 1465 1800 igitur
1492 1750 1545 1787 sic
1572 1749 1626 1787 ait'

92 1817 133 1854 in
167 1817 248 1868 ipso
286 1816 390 1855 citati
417 1817 463 1865 ⁵in
504 1817 691 1868 Apologia
729 1816 861 1868 capitis
897 1815 1027 1854 initio:
1067 1817 1154 1865 qu
1189 1830 1269 1854 sum
1305 1817 1385 1853 vitis
1421 1828 1522 1859 vera,
1549 1818 1620 1852 etc.

97 1882 196 1926 ‚Ua
233 1885 414 1933 quantum
449 1885 619 1932 oporteat
655 1881 846 1919 inhaerere
883 1880 956 1919 sibi
982 1885 1017 1919 et
1044 1880 1091 1918 ab
1120 1893 1162 1918 eo
1189 1880 1350 1931 pendere
1376 1883 1413 1918 et
1440 1883 1622 1931 quantum

96 1947 238 1984 anobis
265 1947 337 1984 hoc
362 1946 528 1998 prodest,
555 1946 781 1993 ostenderet,
808 1946 919 1984 vitem
948 1946 1109 1997 seipsum
1136 1945 1296 1996 exempli
1320 1945 1467 1983 ratione
1486 1948 1521 1982 et
1541 1944 1622 1995 pal-

96 2012 236 2050 umites
272 2012 400 2049 affixos
434 2011 474 2048 in
502 2023 546 2049 eo
584 2011 775 2049 credentes
811 2010 1023 2062 appellavit,
1058 2010 1122 2061 qui
1147 2009 1432 2062 participatione
1458 2008 1625 2060 spiritus,

96 2090 191 2128 uper
234 2089 369 2128 quem
416 2076 606 2114 Salvatori'
641 2075 921 2126 coniungimur,
956 2079 1112 2113 naturae
1148 2088 1235 2112 suae
1268 2072 1626 2112 communicamus.'’

93 2142 279 2180 Audimus
316 2155 400 2180 ecce
435 2141 483 2179 ab
510 2141 592 2193 ipso
622 2141 763 2192 Cyrillo
792 2146 942 2180 nostrae
969 2154 1053 2179 cum
1081 2141 1232 2179 Christo
1261 2140 1538 2178 coniunctionis
1565 2153 1624 2178 ra·

90 2207 245 2252 tionem,
272 2219 403 2257 nempe
430 2219 498 2243 nos
527 2205 679 2244 Christo
708 2205 913 2252 inhaerere,
940 2219 961 2243 a
989 2205 1140 2244 Christo
1166 2205 1339 2257 pendere,
1358 2205 1506 2242 Christo
1531 2218 1622 2242 con-

92 2271 201 2322 iungi
228 2284 293 2322 per
321 2271 507 2322 spiritum,
533 2270 633 2308 illius
660 2269 958 2322 participatione.
1001 2270 1165 2308 Rursum
1192 2283 1278 2308 vero
1305 2283 1394 2307 mox
1420 2269 1519 2308 idem
1547 2270 1621 2321 Cy-

91 2337 216 2374 rillus:
247 2335 471 2374 aEfficimur
497 2339 633 2381 autem,
659 2339 701 2373 ut
728 2335 781 2373 ita
808 2335 929 2373 dicam
947 2334 1119 2386 (inquit),
1140 2334 1185 2372 de
1202 2348 1336 2384 genere
1356 2347 1436 2380 suc,
1464 2334 1621 2384 digni-

96 2404 270 2438 ntatem
307 2399 522 2451 adoptionis
557 2400 720 2437 filiorum
765 2399 834 2437 Dei
871 2400 918 2437 ab
946 2412 989 2437 00
1019 2400 1250 2451 consequuti.
1307 2400 1384 2438 Qui
1411 2400 1511 2438 enim
1539 2400 1617 2438 Do-

97 2481 115 2498 ι
130 2464 244 2511 mino,
274 2467 312 2502 ut
332 2464 384 2502 ait
403 2464 554 2510 Paulus,
573 2463 761 2510 adhaeret,
779 2477 877 2501 unus
893 2463 1044 2515 spiritus
1061 2467 1116 2501 est
1131 2476 1214 2501 cum
1234 2477 1276 2502 eo
1297 2464 1370 2512 Ε’·).”
1397 2466 1453 2502 Αο
1471 2478 1619 2503 rursum

94 2528 205 2579 paulo
232 2533 338 2580 post:
378 2528 741 2566 uQuemadmodum
778 2527 897 2573 radix,
922 2527 1060 2578 inquit,
1086 2527 1378 2578 qualitatem
1408 2542 1510 2566 suam
1537 2529 1620 2580 pal-

95 2593 279 2631 amitihus
316 2593 444 2638 mittit,
481 2593 535 2631 sic
570 2593 788 2642 unigenitus
825 2592 895 2630 Dei
922 2593 1021 2630 filius
1049 2593 1170 2631 Patris
1197 2597 1232 2631 et
1261 2607 1347 2632 suae
1376 2598 1529 2632 naturae
1557 2595 1618 2631 af-

94 2657 374 2696 asinitatem
395 2687 404 2703 ‚
429 2662 471 2695 ut
496 2658 550 2695 ita
579 2657 713 2702 dicam,
741 2657 920 2708 spiritu
949 2657 1060 2695 dato
1090 2657 1227 2695 sanctis
1254 2658 1412 2707 largitur
1429 2657 1619 2709 perfidem

93 2726 161 2759 net
189 2722 422 2760 sanctitatem
448 2722 479 2760 ei
510 2722 735 2773 conjunctis,
761 2722 858 2761 etc.''
904 2722 963 2760 Ex
990 2721 1048 2761 his
1076 2735 1175 2768 sane,
1194 2736 1288 2774 quae
1305 2722 1469 2768 recitavi,
1490 2722 1620 2772 Cyrilli

135 2850 159 2889 ¹)
183 2849 271 2882 Ioan.
296 2850 323 2882 1.
702 2852 729 2891 2)
755 2851 771 2883 l
795 2850 868 2884 Cor.
893 2852 922 2884 6.
