1818 3178
584 157 798 185 REspoxslo
829 157 920 184 mv.
953 156 1117 183 nosram.
1542 141 1612 181 447

96 264 131 299 et
167 261 345 299 Poculum
386 261 533 298 Coenae
567 260 606 298 in
646 260 807 310 Mystica
844 259 905 296 illa
945 258 1001 296 sui
1030 257 1296 296 distributione
1323 259 1358 294 et
1385 253 1622 306 perceptione

97 340 171 364 non
210 332 298 364 sunt
325 325 485 376 amplius
515 325 613 362 nuda
643 330 677 363 et
704 324 871 374 vulgaria
902 323 1107 368 Elementa,
1134 321 1195 359 sed
1226 324 1312 358 sunt
1339 319 1514 358 fidelibus
1542 331 1622 355 om-

99 391 212 428 nihus
259 403 342 427 vera
385 395 420 426 et
457 402 562 426 sacra
600 389 675 426 veri
712 389 823 426 etiam
863 387 1030 438 corporis
1059 391 1102 423 'ct
1129 384 1323 434 sanguinis
1353 382 1492 420 Christi
1514 383 1624 430 (154)

96 453 287 503 Symbola,
317 457 358 490 ut
386 453 472 489 (lum
502 453 577 490 illis
605 453 886 503 participamus,
914 451 1025 488 simul
1054 450 1166 487 etiam
1197 462 1280 486 cum
1308 448 1361 485 eis
1391 460 1477 484 vero
1505 446 1560 483 illi
1588 450 1624 483 et

101 519 349 554 Sacrosancto
377 517 535 568 corpori,
563 530 629 568 pro
659 516 768 554 nobis
795 516 835 553 in
863 521 1020 552 mortem
1047 514 1199 558 tradito,
1227 519 1261 551 et
1290 513 1465 562 sanguini
1487 511 1628 550 Christi

95 594 164 632 pro
216 581 328 618 nobis
365 582 446 618 fuso
486 594 550 632 per
585 581 695 618 fidem
735 579 1064 618 communicemus.
1122 579 1173 616 De
1211 591 1299 616 voce
1337 591 1422 615 vero
1451 577 1626 627 faciendi

97 644 318 695 simpliciter
356 651 390 682 ct
427 645 507 682 sine
545 644 747 696 sophistica
786 644 888 681 iuxta
929 656 1035 680 usum
1081 643 1295 693 Scripturae
1333 642 1369 679 in
1406 646 1628 691 argumento

100 708 398 746 Sacramentario
440 709 610 755 dicimus,
638 707 751 759 quod,
778 707 1090 758 quemadmodum
1120 707 1220 743 illam
1250 706 1287 743 in
1318 706 1473 743 aliorum
1496 707 1629 743 Sacra-

101 777 313 810 mentorum
347 772 584 810 institutione
621 772 740 822 accipi
768 772 805 808 in
843 770 1044 821 Scripturis
1073 771 1253 814 videmus,
1280 770 1331 807 ita
1358 775 1392 807 et
1418 769 1459 807 in
1488 771 1632 807 Coenae

100 837 342 874 institutione
382 837 501 887 accipi
539 837 684 880 debeat,
721 849 803 873 cum
833 836 881 873 sit
908 849 981 872 una
1010 839 1121 886 atque
1148 835 1274 872 eadem
1306 840 1437 872 natura
1465 835 1631 872 omnium

99 902 428 938 Sacramentorum
472 914 514 938 ex
565 900 702 938 Divina
747 899 997 937 institutione.
1053 900 1098 936 In
1137 899 1422 937 circumcisione
1460 899 1630 937 custodia

99 965 200 1015 pacti
228 978 291 1002 seu
319 964 486 1002 mandati
515 964 645 1001 Divini
685 964 808 1015 posita
837 968 914 1001 erat
942 964 981 1001 in
1011 963 1173 1013 Mystica
1200 963 1360 1006 actione,
1381 976 1509 1014 nempe
1527 976 1634 1014 prae-

99 1028 194 1080 putii
227 1029 425 1074 accisione,
454 1042 549 1079 quae
586 1042 686 1073 sanc,
722 1028 867 1065 etiamsi
905 1028 1080 1065 mandato
1111 1027 1179 1064 Dei
1207 1028 1465 1078 peragebatur,
1492 1027 1634 1065 nullam

100 1098 225 1132 tamen
264 1094 438 1138 hahebat,
474 1094 621 1145 qualem
650 1107 752 1131 nunc
781 1093 951 1144 Papistae
980 1093 1015 1130 in
1050 1092 1165 1130 Missa
1195 1106 1262 1129 sua
1292 1093 1493 1137 somniant,
1522 1093 1636 1130 sacri-

102 1159 178 1196 ficii
216 1159 413 1197 rationem.
468 1159 514 1195 In
554 1158 678 1195 Coena
715 1158 802 1195 item
848 1157 950 1206 Agni
987 1156 1192 1199 Paschalis,
1229 1152 1326 1194 dumv
1353 1156 1404 1194 ait
1439 1157 1638 1202 Dominus,

105 1240 122 1256 n
139 1223 272 1260 Omnis
302 1227 428 1260 coetus
458 1223 574 1260 Israel
603 1223 717 1260 faciat
743 1221 893 1272 ipsum''
915 1221 1017 1258 nulla
1037 1221 1211 1258 sacrificii
1230 1222 1492 1272 propitiatoria
1507 1222 1638 1259 obser-

104 1288 202 1325 vatio
240 1286 452 1324 instituitur
487 1286 555 1323 sab
595 1299 684 1323 voce
719 1285 895 1329 faciendi,
931 1285 994 1322 sed
1022 1289 1167 1322 tantum
1195 1287 1305 1332 (155)
1337 1285 1499 1335 Mystica
1526 1286 1591 1323 illa
1618 1300 1639 1324 a

105 1351 184 1388 Deo
222 1351 400 1401 imperata
438 1350 539 1399 Agni
578 1349 782 1393 Paschalis,
818 1362 883 1400 per
911 1349 1079 1398 singulas
1107 1349 1267 1387 familias
1296 1349 1460 1394 Israelis,
1488 1351 1640 1401 partici-

102 1415 204 1466 patio
244 1414 416 1452 universo
454 1415 587 1452 Israeli
623 1413 961 1464 praescribebatur‚
999 1427 1084 1451 cum
1118 1414 1261 1465 alioqui
1299 1420 1389 1452 tunc
1426 1415 1462 1452 in
1501 1416 1640 1466 populo

101 1479 168 1516 illo
204 1492 280 1516 non
319 1492 407 1516 sane
443 1478 691 1529 quibuslibet,
726 1478 790 1516 sed
825 1478 967 1515 Levitis
1006 1479 1202 1521 duntaxat,
1230 1483 1265 1516 et
1292 1479 1443 1530 quidem
1472 1493 1549 1517 non
1576 1494 1641 1531 per

103 1543 278 1587 familias,
312 1544 374 1581 sed
410 1544 450 1581 in
487 1543 571 1581 loco
610 1547 740 1581 sancto
777 1543 823 1581 ad
859 1543 897 1580 id
935 1543 1172 1594 peculiariter
1201 1543 1409 1593 designato,
1447 1549 1576 1595 postea
1603 1545 1643 1582 in

103 1608 242 1660 templo
281 1609 464 1647 duntaxat
501 1608 851 1659 Hierosolymitano
889 1609 1099 1647 sacrificare
1125 1608 1275 1653 licebat,
1304 1610 1400 1647 unde
1426 1609 1538 1647 etiam
1567 1624 1644 1648 non

104 1674 275 1725 equidem
306 1675 508 1719 Aaronem,
535 1673 599 1711 sed
626 1673 750 1724 ipsum
779 1673 911 1711 Mosen
940 1673 1013 1711 fide
1040 1673 1184 1710 Pascha
1211 1673 1342 1711 secisse
1360 1674 1517 1723 legimus
1538 1676 1637 1726 apud

105 1740 275 1783 Paulum,
310 1744 350 1777 ut
384 1739 640 1788 intelligamus
669 1751 758 1776 voce
775 1739 952 1787 faciendi
978 1738 1068 1782 illic,
1096 1751 1173 1776 non
1201 1752 1289 1776 sane
1317 1739 1541 1777 sacrificium
1570 1754 1635 1778 ex-

105 1804 307 1854 piatorium
341 1803 472 1849 ullum,
511 1803 574 1840 sed
612 1803 726 1841 ritum
760 1803 884 1854 ipsum
919 1803 1109 1840 mactandi
1135 1808 1246 1854 atque
1274 1803 1408 1841 edendi
1436 1805 1538 1854 Agni
1566 1805 1637 1842 Pa-

107 1868 257 1912 schalis,
293 1868 365 1905 hoc
393 1873 459 1910 est,
489 1867 700 1905 universam
731 1867 931 1918 Mysticam
957 1868 1061 1906 illam
1091 1882 1111 1906 a
1141 1868 1304 1906 Domino
1333 1868 1547 1907 institutam
1576 1883 1637 1907 ac-

105 1932 246 1971 tionem
284 1932 400 1970 fuisse
437 1931 682 1981 designatam.
738 1932 800 1969 Sic
838 1932 878 1970 in
906 1932 1100 1983 Baptismo
1128 1936 1271 1977 nostro,
1300 1933 1389 1970 dum
1416 1933 1510 1971 ritus
1536 1934 1639 1972 illius

104 1996 384 2049 praescribitur,
420 1997 564 2034 nullum
600 1996 775 2047 equidem
813 1997 1036 2034 sacrificium
1075 1997 1299 2044 instituitur,
1328 1999 1438 2049 quale
1467 1999 1639 2050 Papistae

108 2067 277 2112 surrepto
307 2062 420 2099 calice
450 2063 595 2099 Coenae
631 2061 672 2099 in
712 2061 828 2099 Missa
858 2075 924 2099 saa
952 2062 1302 2108 comminiscuntur,
1329 2076 1423 2114 quae
1450 2064 1553 2101 aliud
1581 2064 1641 2101 ni-

110 2126 164 2164 hil
200 2130 268 2171 est,
303 2139 415 2177 quam
453 2126 659 2164 aversanda
688 2126 799 2177 plane
826 2125 1001 2165 fidelibus
1029 2127 1206 2165 omnibus
1235 2128 1381 2165 Coenae
1408 2127 1643 2172 Dominicae,

111 2204 187 2229 non
224 2190 335 2228 modo
372 2190 600 2241 profanatio,
638 2190 700 2227 sed
739 2190 1090 2242 blasphe·(l56)ma
1127 2192 1239 2229 etiam
1277 2192 1476 2229 sacerdotii
1504 2192 1643 2243 pariter

109 2268 153 2292 ac
199 2254 374 2292 sacrificii
420 2254 559 2291 Christi
596 2254 642 2292 ad
681 2255 967 2305 cauponandum
1005 2255 1128 2293 adhuc
1163 2255 1294 2293 mortis
1333 2269 1421 2294 suae
1466 2257 1643 2295 salutaris

112 2320 286 2357 meritum
332 2319 564 2370 prostitutiO,
608 2323 714 2357 tanto
761 2319 873 2357 etiam
916 2320 1189 2358 fraudulentior
1233 2321 1426 2372 magisque
1470 2322 1645 2366 exitialis,

112 2388 254 2435 quanto
293 2383 556 2434 speciosiorem
584 2384 735 2435 pietatis
762 2384 906 2422 larvam
934 2384 990 2422 illi
1018 2384 1175 2422 obtendi
1203 2385 1385 2428 videmus,
1413 2386 1473 2423 sed
1505 2386 1643 2437 Mysti-

115 2463 176 2488 cae
213 2448 373 2487 actionis
410 2450 543 2495 forma,
578 2449 774 2487 tinctionis
808 2450 960 2500 inquam
996 2450 1035 2487 in
1075 2463 1210 2488 nomen
1245 2451 1366 2489 Patris
1403 2456 1438 2490 et
1485 2452 1572 2491 Filii
1609 2457 1645 2492 et

114 2513 276 2565 Spiritus
314 2513 456 2557 Sancti,
493 2513 603 2551 nobis
638 2513 855 2564 imperatur.
910 2514 969 2551 Ad
1006 2527 1113 2565 quem
1143 2514 1294 2553 modum
1332 2516 1449 2564 igitur
1485 2517 1525 2555 in
1561 2518 1645 2556 aliis

112 2578 287 2616 omnibus
325 2578 588 2622 Sacramentis,
624 2591 719 2629 quae
754 2578 794 2615 in
825 2577 1038 2616 Ministerio
1065 2579 1257 2617 Ecclesiae
1284 2585 1372 2618 sunt
1408 2581 1542 2632 posita,
1572 2596 1643 2620 vox

105 2643 281 2693 faciendi
316 2657 484 2695 opusque
511 2644 603 2680 adeo
630 2643 765 2694 ipsum,
803 2657 867 2681 seu
893 2644 1120 2695 praescripta
1148 2658 1168 2682 a
1197 2644 1361 2683 Domino
1393 2646 1553 2696 Mystica
1582 2660 1645 2684 ac-

113 2709 183 2754 tio,
223 2709 270 2746 ad
316 2709 461 2747 nullum
506 2709 660 2746 omnino
697 2709 944 2759 expiatorium
981 2709 1217 2747 Sacrificium
1254 2711 1384 2748 referri
1421 2712 1496 2749 ullo
1534 2711 1646 2749 modo

116 2778 251 2824 potest,
296 2773 341 2810 ad
388 2773 547 2810 eundem
594 2786 682 2810 sane
719 2773 871 2810 modum
907 2787 1025 2824 neque
1061 2774 1099 2812 in
1137 2775 1283 2812 Coenae
1321 2775 1540 2813 Dominicae
1578 2777 1646 2813 Sa·

117 2841 305 2875 eramento
356 2850 446 2874 voce
481 2837 657 2886 faciendi
698 2837 935 2875 sacrificandi
972 2851 1105 2876 munus
1141 2839 1270 2883 ullum,
1307 2839 1411 2876 iuxta
1446 2852 1555 2877 usum
1601 2854 1644 2878 ac

116 2905 278 2939 mentem
315 2901 527 2952 Scripturae
562 2901 603 2939 in
638 2902 936 2940 sacramentario
964 2902 1035 2940 hoc
1062 2903 1298 2954 potissimum
1328 2908 1549 2953 argumento
1578 2904 1642 2943 de-
