1818 3178
748 116 990 146 PRAEFATIO.
1572 121 1621 150 CV

69 238 80 253 ¹
104 224 286 267 dinensis
316 223 571 279 iniquissime
602 222 896 265 traduceretur
926 230 967 266 et
997 223 1332 268 virulentissimis
1362 226 1623 270 suffundere-

103 304 173 338 tur
219 294 451 346 calumniis,
498 294 633 336 famae
673 296 801 351 ipsius
839 295 896 337 sic
936 303 1031 352 apte
1063 303 1104 338 et
1134 296 1356 340 efficaciter
1386 299 1626 355 prospicere

104 374 228 424 atque
268 365 487 409 consulere
530 366 619 407 eius
651 366 912 422 praesulibus
945 368 1077 409 visum
1113 375 1184 418 est,
1217 376 1266 411 ut
1295 376 1378 412 tota
1410 370 1546 413 forma
1578 386 1626 414 ac

104 440 209 482 ratio
240 437 534 489 Ecclesiastici‚
569 453 652 493 quo
682 446 918 490 uterentur,
945 441 1162 482 ministerii
1182 442 1296 499 typis
1316 442 1626 500 invulgaretur.

103 510 197 567 Ipse
228 509 307 552 hoc
338 509 526 551 editionis
559 511 778 552 consilium
812 510 929 553 nobis
961 512 1117 554 indicat
1139 513 1387 566 Micronius,
1412 515 1481 556 ubi
1502 514 1623 557 dicit:

106 605 126 631 η
154 582 233 625 Als
264 584 327 639 wij
360 582 572 624 Dienaren
606 582 681 624 der
713 582 965 625 Ghemeinte
990 583 1084 625 dese
1115 584 1220 626 ende
1246 585 1529 644 derghelycke
1548 587 1628 630 las-

106 677 126 702 ῃ
153 654 376 711 teringhen
420 654 674 711 daghelickx
720 654 927 711 ghelioret
973 655 1147 704 hebben,
1194 672 1239 699 so
1282 658 1441 700 hebben
1475 674 1552 716 wy,
1587 666 1627 702 te

107 748 127 773 η
153 725 331 768 Londen
377 725 485 767 noch
530 725 731 773 wesende,
766 724 1020 782 bedwongen
1054 725 1279 782 gheweest‚
1313 727 1625 772 d’ordinaucien

105 821 126 846 η
153 812 276 840 onser
307 796 587 839 Ghemeinten
611 796 795 838 ordelick
818 796 922 838 ende
944 797 1244 853 getrauwelick
1267 806 1304 840 te
1327 800 1568 844 beseriuen.’'
1593 801 1624 858 ¹)

101 868 226 921 Quae
258 867 458 910 Micronii
489 867 619 909 verba
651 868 823 924 egregie
855 869 1110 910 conveniunt
1140 884 1234 910 cum
1268 870 1329 917 iis,
1363 887 1469 926 quae
1503 872 1552 914 ad
1584 872 1624 917 d.

103 944 125 984 7
169 941 264 984 Iun.
309 940 420 982 1553
463 939 513 981 ad
547 938 847 995 Bullingerum
879 940 1046 997 scripsit
1078 947 1242 983 noster:
1281 966 1302 991 ῃ
1329 943 1480 986 Habeo
1511 960 1626 987 nunc

103 1037 123 1063 ῃ
150 1028 249 1070 prae
279 1011 472 1053 manibus
502 1013 787 1054 caeremonias
821 1020 987 1054 nostrae
1011 1013 1220 1056 Ecclesiae
1242 1030 1493 1072 omnemque
1513 1018 1625 1060 illius

101 1110 122 1134 ῃ
147 1087 189 1127 in
223 1091 364 1126 nostro
397 1083 625 1126 ministerio
656 1083 1020 1139 gubernationem.
1054 1085 1243 1128 Prodibit
1274 1103 1395 1142 spero
1428 1089 1504 1131 sub
1526 1089 1624 1147 hye-

102 1181 123 1206 μ
151 1155 317 1206 mem;’'
351 1157 383 1211 ²)
433 1154 543 1197 unde
573 1154 803 1197 indubitate
834 1162 959 1212 patet,
993 1156 1234 1214 Liturgiam
1268 1159 1477 1202 Ecclesiae
1508 1160 1624 1204 Lon-

101 1229 282 1274 dinensis
311 1229 353 1270 in
387 1228 529 1269 multis
560 1227 757 1269 refectam
793 1228 1130 1284 perpolitamque
1163 1237 1202 1271 et
1232 1230 1358 1286 plane
1390 1246 1498 1273 nova
1529 1248 1624 1275 con-

100 1304 295 1358 scriptam
330 1300 457 1342 fuisse
490 1300 743 1348 recensione,
775 1301 1024 1357 priusquam
1048 1301 1193 1357 praelo
1215 1302 1516 1357 destinaretur3
1543 1321 1625 1360 quo

102 1375 199 1418 facit
240 1373 375 1422 etiam,
418 1371 528 1427 qnod
560 1370 774 1427 Litnrgia,
808 1372 979 1427 propria
1010 1373 1070 1414 sic
1099 1372 1220 1422 dicta,
1252 1374 1411 1416 rituum
1445 1382 1625 1419 tantum·

103 1445 224 1489 modo
261 1451 303 1486 et
333 1443 691 1486 caeremoniarum
728 1443 904 1485 formam
939 1444 1170 1491 exhibebat,
1204 1461 1317 1488 nunc
1349 1462 1446 1489 vero
1467 1448 1621 1505 guber·

101 1518 263 1561 nandae,
305 1516 516 1558 Ecclesiae
557 1515 761 1557 rationem
796 1531 963 1571 quoque
995 1516 1187 1559 sollerter
1218 1518 1454 1575 expendere
1487 1522 1625 1578 cupie-

101 1590 214 1632 bant.
256 1587 497 1631 Frustravit
527 1586 605 1628 hoc
638 1587 860 1629 consilium
893 1588 1085 1630 Edwardi
1119 1592 1230 1645 regis
1261 1591 1394 1633 subita
1427 1607 1552 1642 mors,
1585 1600 1624 1636 et

99 1677 205 1718 qnae
236 1660 332 1702 inde
363 1665 503 1701 secuta
534 1666 594 1700 est
624 1659 951 1715 peregrinorum
984 1660 1061 1701 sub
1096 1661 1235 1703 Maria
1267 1662 1458 1719 expulsio
1481 1679 1529 1706 ac
1550 1665 1622 1707 fle-

100 1734 180 1776 bile
211 1732 417 1775 exsilium.
452 1730 609 1772 Emdae
640 1745 740 1772 vero
773 1730 997 1773 laetissimo
1028 1731 1203 1788 hospitio
1233 1735 1412 1790 excepti,
1436 1736 1518 1778 iam
1541 1737 1620 1779 iam

103 1806 154 1849 ad
200 1805 435 1847 institutum
479 1802 697 1844 redierunt
737 1802 912 1856 exsules,
960 1811 1000 1845 et
1045 1819 1098 1846 ne
1126 1803 1305 1855 libellus,
1339 1821 1462 1861 quem
1497 1824 1623 1851 manu

105 1877 304 1933 scriptum
339 1889 480 1916 secum
514 1890 566 1916 ex
598 1874 758 1930 Anglia
791 1873 1071 1925 adduxissent,
1104 1875 1387 1920 obduceretur
1404 1878 1624 1929 oblivione,

105 1947 262 1990 Emdae
295 1945 524 2002 bilinguem
558 1960 652 1987 eum
686 1945 810 1987 edere
843 1947 1168 2003 peregrinorum
1202 1948 1413 1992 Ecclesiae
1445 1952 1622 1994 ministri

104 2020 423 2062 constituerunt.
457 2017 620 2059 Etenim
656 2017 696 2058 in
730 2016 858 2059 latina
890 2017 1081 2067 editione,
1115 2034 1235 2074 quae,
1267 2019 1364 2062 dum
1398 2022 1438 2063 in
1461 2022 1620 2080 Anglia

101 2090 346 2133 versabatur
377 2087 577 2138 Ecclesia,
611 2088 706 2130 satis
738 2089 891 2142 fuisset,
924 2105 1038 2132 nunc
1069 2106 1117 2132 eo
1150 2092 1288 2134 minus
1314 2085 1619 2138 subsistendum

99 2162 331 2214 videbatur,
353 2176 437 2217 quo
460 2160 584 2201 latius
607 2175 682 2216 pcr
701 2159 883 2202 Frisiam
908 2159 1168 2205 Orientalem
1192 2171 1232 2205 et
1254 2164 1364 2219 apud
1393 2166 1621 2222 populares

99 2249 266 2290 quoque
297 2232 510 2275 communi
542 2231 653 2273 fama
683 2238 807 2287 atque
837 2248 1028 2275 sermone
1060 2234 1201 2277 invida
1233 2235 1524 2280 heterodoxiae
1556 2255 1622 2281 eo·

100 2323 197 2350 rum
228 2305 406 2360 suspicio
436 2303 764 2358 substrepuerat.
809 2304 1033 2356 Micronio‚
1068 2305 1138 2360 qui
1170 2307 1249 2348 iam
1284 2307 1324 2349 in
1358 2309 1447 2364 ipso
1479 2309 1621 2353 libello

101 2375 393 2436 praeparando
424 2375 590 2430 saepius
621 2374 813 2417 adfuerat
843 2377 1004 2418 auctori
1027 2376 1076 2432 ³),
1099 2377 1286 2434 belgicae
1308 2379 1496 2423 editionis
1519 2397 1621 2425 cura

102 2450 295 2494 mandata
327 2455 398 2491 est.
434 2446 759 2502 Compendiaria
790 2448 929 2505 itaque
952 2448 1086 2491 forma
1109 2450 1231 2492 vertit
1252 2466 1350 2493 eum
1367 2451 1617 2505 Micronius‚

101 2529 147 2565 ut
178 2528 221 2563 et
250 2519 413 2563 facilius
443 2517 735 2574 divulgaretur
767 2525 806 2559 et
836 2519 980 2575 plures
1010 2520 1084 2561 sibi
1106 2522 1347 2566 conciliaret
1367 2525 1542 2569 lectores
1562 2531 1621 2570 in-

101 2601 164 2636 ter
208 2593 338 2649 ipsam
380 2589 557 2646 plebem,
602 2589 670 2630 eui
719 2590 846 2645 spissa
893 2591 1107 2635 volumina
1138 2593 1179 2635 in
1213 2593 1306 2637 odio
1336 2611 1502 2654 semper
1532 2615 1619 2642 esse

143 2781 168 2819 θ)
192 2780 375 2817 Mtcnomr,
399 2790 428 2811 o.
451 2779 472 2811 l.
495 2789 526 2821 p.
549 2780 584 2810 A.
607 2787 667 2816 vn,
692 2777 736 2823 β.

141 2837 168 2876 2)
192 2836 218 2869 Ι.
241 2837 259 2868 a
283 2837 401 2873 LAsco‚
429 2836 541 2876 Opera,
567 2834 636 2865 Vol.
660 2834 704 2866 ΙΙ.
727 2845 759 2876 p.
783 2833 854 2868 6‘I7.

138 2892 164 2936 ³)
188 2892 327 2925 Ibidem:
373 2891 506 2930 „Scribo
528 2893 631 2922 autem
655 2901 714 2922 non
737 2890 804 2923 sine
832 2890 950 2930 Theseo,
975 2895 1079 2925 nostru
1104 2893 1227 2938 inquam
1254 2895 1439 2931 ,niel-onio?
