1818 3178
726 114 969 145 PRAEFATIO.
1550 112 1606 143 XV

85 229 212 273 cium.
243 226 458 270 Evincunt
486 222 568 266 hoc
596 221 776 279 denique
809 220 1049 278 aequalium
1080 219 1131 262 de
1161 219 1251 277 ipso
1281 224 1367 261 toto
1398 216 1515 261 coelo
1547 215 1607 260 di·

85 299 302 358 vergentia
347 304 388 340 et
430 311 553 352 saepe
598 310 620 336 e
665 293 868 336 diametro
906 292 982 335 sibi
1012 292 1193 334 invicem
1223 291 1409 348 opposita
1442 289 1607 332 iudicia.

86 372 283 427 Namque
329 369 409 412 hoc
448 374 609 410 certum
642 373 724 409 est:
758 363 990 422 splendoris
1022 371 1062 406 et
1091 362 1224 406 bonae
1255 370 1377 405 notae
1407 361 1608 404 indicium

86 450 263 493 exstare,
314 442 348 484 si
395 440 487 497 quis
531 439 695 495 scriptis
738 449 781 479 et
823 435 1055 479 actionibus
1100 435 1185 478 suis
1214 435 1256 477 in
1290 433 1606 477 admirationem

86 515 275 571 rapuerit
304 511 502 562 alterum,
535 510 719 553 alterum
750 507 802 551 ad
833 508 939 550 iram
969 506 1248 550 stimulaverit
1266 507 1380 553 ‚inter
1401 504 1609 561 aequales.

86 585 244 643 Rogas,
286 599 363 627 cur
403 583 543 624 minus
589 589 728 624 tamen
759 579 925 622 eluceat
954 578 995 619 in
1027 577 1198 620 historia
1228 593 1355 634 quam
1386 576 1607 633 Bullinge-

84 673 175 711 rus,
217 658 356 702 minus
400 655 569 713 prodire
599 655 642 697 iu
673 667 839 696 scenam
870 650 1091 694 videatur?
1154 649 1419 706 Responsum
1453 649 1609 705 accipe.

85 730 363 788 Bullingerus
414 726 643 770 Ecclesiam
695 723 871 766 instituit
920 721 992 764 diu
1041 720 1367 778 perduraturam
1419 727 1459 763 et
1502 735 1611 776 quae

87 817 204 846 suam
238 800 486 844 memoriam
515 799 582 856 pie
613 796 770 840 coleret
801 809 876 852 per
906 793 1086 836 saecula.
1128 793 1247 836 Num
1279 808 1378 836 vero
1408 792 1499 835 ideo
1529 792 1613 835 La·

87 889 160 918 sco
189 879 484 930 anteponetur,
518 868 630 926 quod
661 868 727 910 hic
756 867 798 910 in
832 866 967 923 patria
996 881 1070 908 sua
1103 865 1337 908 Ecclesiam
1365 864 1611 916 condiderit,

92 962 200 1003 quae
245 945 389 1001 Papae
420 942 548 999 legati
579 947 619 983 et
649 939 853 982 societatis
882 938 982 981 Iesu
1012 937 1387 980 machinationibus
1416 938 1499 980 iam
1531 938 1613 980 iam

89 1018 271 1074 collapsa
301 1016 382 1058 sit?
442 1014 556 1056 Num
589 1012 682 1054 ideo
711 1011 837 1054 Lasci
869 1026 1021 1053 nomen
1054 1010 1178 1067 nigra
1208 1009 1441 1052 obducetur
1471 1010 1612 1064 litura,

88 1088 200 1146 quod
245 1085 434 1130 Ecclesia
464 1082 883 1126 Frisiae-Orientalis
913 1097 1133 1125 sacrorum
1163 1082 1506 1125 instaurationem
1539 1097 1612 1138 po-

87 1158 306 1218 pularibus
321 1157 406 1200 suis
422 1171 551 1212 quam
577 1163 778 1198 extraneo
799 1154 958 1196 homini
974 1161 1191 1211 acceptam
1207 1154 1366 1196 referre
1385 1153 1611 1196 maluerit?

89 1232 227 1275 Lasco
255 1245 310 1271 ne
349 1228 596 1271 vertendum
630 1235 691 1270 est
722 1226 929 1270 Exsulum
962 1227 1221 1269 Batavorum
1254 1225 1476 1279 Ecclesias,
1509 1241 1613 1282 quas

86 1310 128 1347 et
156 1301 342 1346 Londini
372 1308 412 1343 et
443 1300 603 1343 Emdae
633 1306 674 1342 et
704 1299 982 1342 Francofurti
1013 1298 1065 1342 ad
1096 1299 1298 1342 Moenam
1324 1299 1514 1350 instituit,
1538 1306 1615 1342 sta-

86 1374 231 1427 bilivit,
278 1389 423 1416 omnes
463 1372 588 1415 simul
619 1387 716 1415 vere
747 1379 922 1429 paterno
953 1386 1096 1414 amore
1128 1371 1373 1428 complexus
1411 1379 1486 1423 est,
1521 1371 1614 1414 sub-

87 1447 190 1490 latas
219 1461 318 1488 mox
348 1445 578 1497 evanuisse,
610 1443 864 1500 simulatque
895 1443 1094 1500 Belgicae
1127 1444 1366 1499 provinciae
1398 1443 1538 1500 palam
1564 1443 1616 1486 ab

88 1519 319 1576 Hispaniae
349 1517 470 1574 Rege
501 1516 776 1560 defecissent?
808 1516 982 1559 Nullius
1012 1517 1133 1573 pretii
1164 1516 1321 1559 idcirco
1352 1516 1442 1559 eius
1459 1516 1614 1573 scripta

87 1589 352 1642 existimabis,
397 1588 510 1645 quod
550 1589 655 1631 tanti
685 1587 881 1646 ponderis
912 1595 1081 1644 tamque
1110 1588 1345 1645 periculosa
1376 1595 1419 1630 et
1449 1588 1616 1631 dentata

86 1679 135 1706 ea
165 1661 390 1705 habuerint
422 1660 708 1717 Inquisitionis
736 1660 940 1718 magistri,
972 1668 1020 1702 ut
1051 1660 1197 1702 sedulo
1227 1660 1462 1716 conquisita
1497 1660 1614 1703 flam-

87 1735 166 1778 mis
186 1733 470 1778 comburenda
487 1749 536 1775 ea
557 1732 827 1776 devoverint?
861 1733 1057 1789 Aequius
1072 1733 1155 1775 iam
1173 1748 1320 1776 revera
1337 1733 1615 1776 BERTRAMms

85 1806 184 1849 olim
216 1813 256 1848 et
287 1805 550 1858 GERDESIUS,
583 1811 726 1847 nostro
757 1803 927 1847 saeculo
958 1804 1157 1857 DoaNER,
1190 1805 1398 1858 BARTELs,
1425 1804 1615 1852 GOEBEL‚

86 1878 306 1930 Laeuina,
338 1876 461 1921 Smse
491 1884 534 1918 et
567 1876 790 1919 HOFSTEDE
820 1891 875 1919 DE
904 1875 1055 1919 GRooT
1072 1876 1122 1918 de
1139 1892 1189 1918 eo
1206 1876 1396 1919 tulerunt
1410 1876 1615 1919 iudicium

87 1954 128 1990 et
157 1947 200 1989 in
218 1962 293 1990 sua
311 1948 489 2004 quisque
504 1946 722 2004 provincia
740 1947 865 1989 nimis
884 1946 1052 1989 laudem
1077 1947 1253 2004 insignis
1274 1948 1353 1990 viri
1372 1949 1616 2005 praeconati

86 2024 196 2071 sunt,
240 2033 365 2074 quam
413 2025 459 2060 ut
497 2026 581 2061 tam
628 2018 921 2074 praeiudicatis
964 2018 1229 2075 opinionibus
1258 2019 1385 2077 longe
1416 2026 1522 2062 esset
1552 2035 1618 2062 oc-

86 2089 357 2133 currendum.
420 2090 474 2132 Et
517 2097 657 2133 tamen
704 2091 811 2141 vitae
852 2091 980 2147 ipsius
1022 2093 1284 2135 narrationes
1313 2107 1421 2149 quae
1451 2099 1617 2135 exstant

90 2163 147 2220 (et
187 2177 307 2218 quae,
350 2162 383 2205 si
429 2163 658 2205 BARTELSH
701 2162 930 2215 libellulus,
964 2164 1177 2221 octoginta
1210 2164 1279 2206 vix
1308 2164 1486 2222 pagellis
1516 2180 1615 2207 con·

84 2241 210 2285 stans,
252 2233 501 2288 excipiatur,
545 2250 689 2277 omnes
718 2235 977 2292 praeteriore
1008 2235 1175 2278 saeculo
1206 2236 1466 2293 conscriptae
1497 2238 1614 2292 sunt)

86 2313 281 2349 accurate
322 2304 535 2349 definitam
582 2307 670 2349 eius
715 2307 942 2365 imaginem
974 2307 1186 2351 delineare
1216 2324 1341 2351 nemo
1379 2309 1485 2352 serie
1517 2324 1615 2352 con-

87 2377 245 2430 tendet,
288 2384 328 2419 et
363 2379 524 2434 quoties
556 2378 669 2420 aliud
701 2386 874 2436 agentes
904 2379 1037 2423 obiter
1068 2381 1323 2424 mentionem
1355 2381 1405 2424 de
1435 2382 1524 2439 ipso
1560 2382 1616 2424 fe-

89 2456 240 2493 cerunt
284 2449 363 2492 viri
408 2449 532 2499 docti,
579 2450 817 2494 luculenter
862 2459 1021 2509 utpote,
1052 2468 1179 2509 quam
1212 2469 1362 2510 parum
1397 2454 1524 2497 vitam
1554 2455 1616 2511 ip·

86 2522 170 2565 sius
215 2532 478 2579 perspectam
523 2522 736 2575 haberent,
779 2524 862 2566 suis
903 2525 944 2567 in
991 2540 1094 2581 quos
1134 2525 1276 2568 induci
1307 2542 1348 2568 se
1380 2528 1489 2583 passi
1519 2534 1617 2570 sunt

85 2592 299 2636 erroribus
330 2595 481 2650 passim
513 2594 848 2640 declaraverunt.
909 2595 1121 2649 Profecto,
1152 2613 1235 2639 non
1268 2613 1360 2640 sum
1392 2598 1440 2650 is,
1472 2600 1544 2655 qui
1573 2599 1614 2640 in

86 2680 131 2708 re
162 2664 288 2708 dubia
318 2666 405 2708 alto
435 2667 661 2723 supercilio
692 2667 796 2711 illud
828 2671 953 2719 αὐτὰρ
982 2667 1059 2721 ἐγὼ
1089 2673 1288 2719 βασεῡμιιι
1309 2673 1406 2720 ἐμᾶν
1426 2673 1509 2712 §Ebu
1540 2669 1616 2712 dis·

85 2736 356 2780 suadentibus
399 2738 636 2791 obiicerem,
679 2739 750 2782 sed
793 2755 894 2783 vero
939 2756 1028 2784 rem
1061 2741 1450 2785 indubitatissimam
1481 2750 1615 2795 tueor,

85 2823 164 2852 uec
181 2810 354 2866 proprio
370 2811 557 2865 consilio,
579 2811 648 2854 sed
667 2827 791 2855 suasu
808 2813 944 2870 potius
961 2814 1162 2865 virorum,
1182 2829 1364 2871 quorum
1381 2814 1614 2872 plurimum

80 2880 199 2924 valet
242 2882 354 2939 apud
388 2898 427 2924 m
475 2886 701 2928 auctoritas
743 2890 783 2927 et
813 2900 835 2926 e
867 2885 1018 2942 quibus
1049 2885 1116 2930 cl.
1149 2886 1281 2929 Mon,
1311 2893 1352 2929 et
1382 2886 1615 2934 HOFSTEDE
