1818 3178
212 108 284 141 462
702 117 926 144 <RESPON810
955 119 1047 146 ADV.
1081 120 1246 148 nosmM.

209 213 384 252 Procercs
424 215 517 251 nihil
554 216 595 251 fit
631 216 732 252 aliud
762 217 848 262 fere,
876 230 984 267 quam
1014 220 1112 268 quod
1141 220 1205 256 alii
1232 221 1322 258 alios
1353 223 1502 271 culpant
1530 226 1639 271 atque
1668 235 1727 258 ac-

211 283 352 322 cusant,
380 283 426 322 et,
453 277 519 314 ubi
547 291 620 315 una
650 285 914 326 convenerunt,
940 281 1100 319 invicem
1129 283 1201 320 sibi
1230 284 1484 329 blandiuntur,
1512 285 1664 322 laudant
1692 299 1730 323 se

210 342 368 378 invicem
405 347 440 378 et
476 354 541 379 sua
580 342 652 380 sibi
688 344 848 381 invicem
877 345 994 382 officia
1020 346 1255 396 pollicentur,
1288 349 1394 399 quasi
1421 362 1507 386 vero
1536 349 1594 386 vel
1619 362 1729 386 accu-

210 406 371 443 sationes
397 407 621 453 istiusmodi,
649 409 706 446 vel
734 409 907 447 simulata
943 411 1108 448 amicitia
1146 413 1341 464 quicquam
1382 414 1557 465 prodesse
1584 415 1730 465 possint

208 469 254 507 ad
283 472 479 520 repetenda
507 473 683 522 pericula,
710 474 847 523 quibus
876 475 1036 512 Patriam
1066 477 1276 514 universam
1299 479 1504 528 expositam
1526 480 1635 529 plane
1651 492 1730 516 esse

209 533 387 579 videmus,
422 548 465 572 ac
500 549 576 574 non
613 537 737 587 potius
774 538 931 589 quisque
966 553 1032 590 pro
1063 553 1112 585 se,
1147 541 1292 578 etiamsi
1319 555 1382 592 per
1408 543 1594 580 neminem
1622 543 1729 580 adiu-

209 604 325 643 vetur,
361 605 547 650 praestare
580 615 622 638 ea
659 602 802 647 debeat,
840 617 932 653 quae
969 604 1176 642 vocationis
1211 618 1298 642 suae
1333 607 1495 644 rationes
1529 607 1665 658 alioqui
1695 610 1730 644 et

207 663 345 700 Divino
372 664 510 714 pariter
537 670 573 702 et
601 665 764 703 humano
792 666 871 703 iure
898 668 1087 717 postulare
1115 668 1298 712 videntur,
1323 672 1400 705 tam
1428 669 1466 705 in
1496 669 1729 706 admonenda

210 728 404 766 Maiestate
437 730 553 779 Regia
590 730 709 768 debiti
746 731 928 782 officiique
965 732 1022 769 sui
1059 732 1179 782 Regii,
1216 746 1325 783 quam
1362 733 1401 770 in
1430 733 1729 783 reprehendenda

207 793 365 830 aliorum
391 795 590 831 Procerum
616 794 762 832 incuria
790 801 825 833 et
852 801 979 834 mutua
1008 797 1104 834 inter
1130 797 1230 848 ipsos
1258 798 1417 835 invicem
1436 798 1671 836 simulatione
1694 803 1729 836 et

208 858 518 903 dissimulatione,
538 880 589 888 ·-
617 865 655 898 ut
682 860 832 898 interim
863 861 906 898 de
932 861 1155 899 iudiciorum
1185 863 1282 900 circa
1309 863 1526 912 religionem
1553 863 1729 901 varietate

205 936 248 959 ac
284 923 582 974 praesumptione
618 928 771 969 taceam,
799 925 906 975 quasi
934 939 1019 963 vero
1048 939 1117 963 nos
1145 926 1245 964 Deus
1273 927 1318 964 ad
1348 927 1589 965 conciliorum
1617 929 1729 976 (200)

206 1000 357 1024 suorum
385 988 598 1026 societatem
628 989 672 1026 de
700 990 801 1027 cultu
829 1003 895 1027 suo
924 990 1168 1042 doctrinaque
1196 1005 1274 1036 sua,
1301 997 1341 1029 ut
1369 1005 1452 1029 cum
1479 1006 1522 1030 eo
1550 993 1729 1031 delibere-

205 1065 299 1096 mus,
328 1053 480 1098 vocarit,
508 1066 584 1090 non
613 1057 735 1091 autem
763 1053 1013 1092 obedientiam
1041 1055 1158 1105 ipsam
1187 1070 1208 1093 a
1236 1056 1358 1102 nobis,
1386 1061 1425 1094 ut
1452 1056 1634 1095 Dominus
1661 1071 1728 1095 no-

206 1123 278 1154 ster
306 1132 326 1154 a
354 1118 470 1155 servis
498 1118 587 1162 suis,
613 1119 736 1168 exigat
763 1132 805 1156 ac
832 1120 1008 1170 requirat,
1027 1141 1075 1148 —
1104 1126 1144 1157 ut
1170 1120 1257 1158 item
1277 1125 1419 1159 taceam
1437 1122 1481 1159 de
1496 1122 1728 1161 adversario-

205 1195 287 1218 rum
323 1187 534 1219 nostrorum
573 1182 717 1220 technis
753 1183 904 1220 vafricie
941 1184 1157 1233 arrogantia
1193 1189 1228 1222 et
1271 1186 1466 1223 conatibus
1494 1187 1618 1228 variis,
1645 1187 1729 1237 qui·-

207 1247 275 1283 bus
316 1247 389 1284 nisi
424 1247 580 1298 tempori
617 1247 766 1285 obviam
794 1253 829 1285 et
858 1248 1009 1299 quidem
1036 1249 1235 1300 prudenter
1263 1256 1377 1296 eatur,
1407 1251 1645 1289 metuendum
1672 1257 1727 1290 est

204 1312 384 1361 profecto,
420 1325 465 1349 ne
492 1316 614 1350 tantas
643 1312 788 1350 Patriae
815 1313 887 1350 toti
913 1313 1042 1350 turbas
1069 1314 1241 1355 excitent.
1270 1319 1429 1365 quantae
1456 1316 1504 1353 ab
1533 1316 1724 1353 hominum

203 1376 380 1412 memoria
416 1376 512 1426 apud
550 1389 617 1414 nos
654 1390 843 1427 nunquam
882 1379 1043 1416 fuerunt,
1097 1378 1185 1428 Ipsa
1220 1379 1335 1428 igitur
1361 1392 1484 1417 rerum
1513 1385 1723 1418 nostrarum

204 1441 317 1478 facies
355 1454 500 1478 movere
537 1454 605 1478 nos
642 1442 772 1479 merito
801 1455 930 1479 omnes
959 1443 1121 1487 deberet,
1150 1448 1188 1480 ut
1215 1444 1262 1480 ad
1289 1444 1508 1494 placandam
1537 1445 1605 1482 Dei
1632 1446 1725 1483 iram

202 1505 241 1541 in
279 1505 508 1542 restituendo
547 1519 630 1543 vero
668 1506 738 1543 Dei
776 1507 879 1544 cultu
923 1508 1102 1552 animum,
1146 1508 1276 1558 positis
1313 1508 1503 1547 affectibus
1540 1511 1727 1556 omnibns,

202 1569 456 1612 adficeremus,
492 1570 710 1620 praesertim
751 1584 836 1608 vero
875 1571 905 1608 si
934 1584 1010 1609 non
1039 1572 1280 1609 domesticam
1307 1578 1452 1610 tantum
1480 1573 1578 1611 intra
1604 1574 1723 1625 ipsum

201 1632 324 1681 Regni
358 1645 492 1683 corpus
529 1632 788 1670 confusionem
823 1633 1075 1684 maioremque
1109 1634 1148 1671 in
1187 1634 1264 1671 dies
1293 1635 1501 1672 animorum
1529 1636 1726 1673 exacerba-

202 1694 340 1731 tionem
379 1695 477 1733 inter
514 1709 641 1734 omnes
669 1698 821 1747 passim,
850 1698 912 1735 sed
940 1703 1178 1739 externorum
1207 1712 1353 1750 quoque
1383 1700 1564 1737 bellorum
1593 1701 1726 1739 molem

201 1759 311 1796 nobis
337 1759 593 1798 imminentem
621 1761 775 1812 propius
801 1761 940 1800 intueri
967 1763 1136 1800 velimus.
1192 1762 1291 1800 Deus
1321 1763 1497 1814 Optimus
1527 1763 1726 1810 Maximus,

202 1825 303 1862 euius
333 1838 442 1862 causa
471 1826 529 1863 hic
557 1828 668 1874 (201)
696 1826 830 1876 agitur,
857 1826 1020 1864 effundat
1049 1827 1228 1878 Spiritum
1256 1841 1362 1865 suum
1388 1828 1429 1865 in
1447 1829 1556 1866 corda
1574 1841 1724 1866 suorum

200 1890 367 1927 omnium
393 1891 530 1941 illaque
558 1891 639 1929 luce
666 1905 732 1928 sua
757 1891 810 1929 ita
837 1892 1010 1935 illustret,
1038 1896 1078 1929 ut
1105 1906 1124 1929 a
1152 1892 1305 1931 veritate
1332 1893 1545 1931 discernant
1573 1894 1725 1931 menda-

199 1954 294 1991 cium
332 1955 540 2005 excitetque
575 1955 640 1993 illa
676 1955 815 1993 Divino
851 1957 978 1993 afflatu
1014 1969 1093 2001 suo,
1129 1961 1183 2002 ut,
1216 1957 1343 2006 ag²nita
1380 1958 1532 1996 veritate
1566 1958 1725 1996 Divinae

199 2020 401 2066 doctrinae,
436 2027 618 2070 quatenus
656 2020 756 2058 Deus
794 2021 894 2058 solus
931 2034 1042 2059 verax
1078 2026 1144 2066 est,
1180 2022 1341 2059 humana
1376 2022 1432 2059 illi
1460 2023 1650 2060 mendacia
1680 2037 1726 2060 ne

198 2085 429 2122 admisceant
462 2085 504 2122 in
540 2086 642 2123 cultu
679 2085 749 2123 Dei
777 2085 1040 2136 doctrinaeque
1067 2087 1307 2137 Apostolicae
1334 2087 1494 2138 puritate
1519 2087 1724 2132 retinenda,

199 2149 331 2185 nedum
369 2153 411 2186 ut
445 2149 639 2186 mendacia
668 2149 814 2187 veritati
841 2163 884 2187 ac
920 2149 995 2187 luci
1029 2150 1202 2188 tenebras
1238 2151 1277 2188 in
1306 2164 1407 2188 suam
1436 2151 1602 2202 ipsorum
1633 2165 1721 2188 con-

198 2213 471 2251 demnationem
499 2218 742 2264 anteponant.
790 2214 902 2252 Hanc
936 2215 1035 2252 enim
1062 2214 1213 2252 unicam
1240 2228 1284 2252 ac
1310 2215 1545 2266 praecipuam
1574 2220 1722 2254 nostrae

198 2278 318 2315 omnis
346 2279 474 2316 ruinae
501 2283 537 2316 et
565 2279 890 2317 condemnationis
919 2293 1066 2317 causam
1095 2293 1174 2317 esse
1197 2285 1352 2318 testatur
1376 2281 1546 2318 Christus
1568 2281 1722 2331 ipsemet

197 2342 394 2384 Dominus,
429 2343 527 2393 quod
564 2347 648 2394 post
684 2348 852 2381 exortam
889 2345 1009 2381 lucem
1039 2358 1143 2382 suam
1182 2345 1354 2382 tenebras
1382 2345 1436 2382 illi
1466 2350 1624 2387 nostras,
1652 2359 1719 2382 no-

197 2411 293 2443 strae
321 2407 472 2457 inquam
502 2408 660 2446 rationis
689 2408 913 2445 industriam
941 2421 983 2445 ac
1010 2408 1204 2451 iudicium.
1223 2413 1505 2460 anteponamus,
1522 2410 1621 2460 quod
1641 2409 1718 2459 ipse

196 2471 334 2520 alioqui
362 2476 624 2509 excaecatnrus
653 2472 700 2510 sit
726 2472 824 2510 iusto
854 2486 920 2510 suo
948 2472 1101 2516 iudicio,
1129 2473 1159 2510 si
1187 2486 1255 2510 nos
1282 2473 1374 2510 illud
1403 2473 1440 2510 in
1473 2474 1582 2511 rebus
1600 2472 1715 2523 potis·

197 2535 329 2572 simum
360 2535 507 2573 Divinis
536 2549 686 2574 caecum
714 2550 866 2588 prorsus
894 2550 973 2574 esse
1000 2538 1110 2575 fateri
1138 2536 1312 2575 nolimus.

887 2677 1037 2704 FIle.
