1818 3178
624 122 740 151 puae.
772 121 861 151 ΜῙΝ,
891 121 1085 152 FRANCOF.
1547 118 1618 156 257

87 235 171 269 usu,
196 243 248 252 -
273 222 508 274 perspicuum
536 226 603 270 est,
629 224 741 271 ‚iuxta
768 224 888 275 ipsam
915 225 1076 274 August.
1107 225 1364 264 Confessionis
1392 226 1617 275 doctrinam,

89 288 255 339 eorporis
294 291 330 325 et
366 287 561 335 sanguinis
598 288 739 326 Christi
774 289 954 340 pabulum
981 290 1020 327 in
1049 291 1134 337 (34)
1164 303 1300 328 coenae
1327 304 1397 329 usu
1423 291 1477 329 ibi
1505 292 1615 330 nobis

87 354 268 395 exhiberi,
302 353 370 390 ubi
398 353 588 390 Christum
616 354 738 405 ipsum
764 355 897 392 animis
925 355 1063 393 nostris
1089 368 1155 406 per
1182 356 1293 393 fidem
1322 357 1457 407 spiritu
1485 361 1614 396 sancto

87 422 217 456 autore
254 417 441 455 subvectis
469 418 680 468 quaerimus
708 418 897 457 intuemur
923 424 959 457 et
987 420 1310 470 apprehendimus.
1371 421 1461 459 Non
1492 427 1614 460 autem

87 481 316 519 haerendum
352 494 431 518 esse
467 482 507 519 in
544 483 703 520 terrenis
742 496 877 520 coenae
912 483 1116 530 elementis,
1152 498 1247 535 pane
1275 485 1417 523 scilicet
1445 490 1480 523 et
1508 486 1618 532 vino,

88 545 153 583 ubi
181 558 284 582 mens
312 548 442 582 nostra
470 559 616 583 sursum
643 552 782 593 evecta,
810 547 915 593 nihil,
942 547 1042 597 quod
1069 547 1116 584 ad
1144 548 1302 587 coeleste
1329 549 1470 599 alioqui
1494 549 1615 600 pabu-

87 610 165 646 lum
192 609 389 660 pertineat,
416 611 561 661 quaerit
587 611 754 649 intruetur
781 616 845 649 aut
871 611 1129 662 apprehendit.
1161 612 1191 659 ¹)

138 674 339 711 Falluntur
374 688 463 724 ergo
498 680 733 713 accusatores
771 675 902 719 nostri,
941 675 1030 712 dum
1065 689 1146 713 eam
1181 690 1261 714 esse
1298 677 1427 716 dicunt
1453 682 1615 716 mentem

87 741 249 788 August.
281 740 553 786 Confessionis,
580 746 620 778 ut
647 740 800 791 perinde
827 740 889 786 sit,
916 741 993 778 sive
1022 753 1105 777 cum
1131 754 1228 791 pane
1254 755 1297 779 ac
1314 744 1461 792 pocuIO,
1482 743 1615 781 sivein

84 803 166 854 ipso
195 816 289 854 pane
318 817 360 841 ac
385 805 535 854 poculo,
563 817 697 855 corpus
727 804 837 841 nobis
865 809 900 842 et
935 804 1157 853 sanguinem
1174 805 1314 843 Christi
1341 820 1423 844 vere
1449 807 1617 845 exhiberi

86 867 197 906 dicat.
227 867 299 904 Sed
329 867 500 906 doctrina
525 868 606 918 ipsa
636 867 769 905 decimi
797 868 895 905 tertii
933 868 1094 905 Articuli
1121 869 1286 907 eiusdem
1311 870 1428 921 ipsius
1457 872 1615 909 Confes-

86 932 203 970 sionis
230 932 427 970 manifeste
453 936 624 977 testatur,
659 936 828 970 nostram
854 932 1202 983 interpretationem
1230 935 1351 972 verbis
1380 935 1513 973 decimi
1541 938 1615 974 Ar-

83 998 189 1035 ticuli
207 1001 305 1035 recte
323 997 505 1036 adhiberi.
535 997 692 1048 Nempe,
717 1001 759 1035 ut
785 1010 861 1034 non
888 997 929 1035 in
956 998 1114 1035 terrenis
1141 998 1232 1049 ipsis
1261 1012 1395 1038 coenae
1422 1001 1616 1039 elementis

85 1065 199 1112 (pane
224 1062 379 1112 inquam
406 1066 441 1099 et
468 1062 570 1106 vino,
596 1074 691 1112 quae
718 1061 809 1098 fides
838 1074 914 1099 non
940 1061 1139 1110 intuetur),
1168 1062 1229 1100 sed
1258 1063 1298 1100 in
1316 1064 1473 1113 mystica
1491 1065 1614 1115 potius

84 1140 104 1163 a
134 1126 282 1163 Christo
301 1125 583 1173 institu-(35)ta
602 1125 761 1171 actione,
789 1125 975 1163 subvectis
996 1138 1143 1163 sursum
1162 1127 1296 1164 animis
1315 1128 1467 1173 nostris,
1488 1129 1614 1166 Chris-

84 1195 164 1228 tum
191 1191 314 1241 ipsum
342 1190 494 1240 eiusque
523 1189 690 1240 corporis
718 1194 754 1226 et
782 1189 977 1238 sanguinis
1004 1190 1183 1240 pabulum
1211 1190 1257 1227 ad
1287 1191 1400 1228 vitam
1427 1197 1614 1231 aeternam

84 1267 306 1304 quaeramus
334 1254 547 1291 intueamur
574 1257 610 1290 et
637 1253 972 1304 apprehendamus,
999 1258 1040 1291 ut
1067 1254 1206 1305 inipso
1227 1256 1532 1305 conquiescamus
1550 1270 1615 1308 per

83 1319 209 1356 fidem.

134 1382 337 1433 Excipiunt
374 1382 435 1419 hic
472 1385 706 1420 accusatores
744 1383 862 1420 nostri
899 1387 934 1420 et
972 1383 1113 1430 dicunt,
1150 1385 1311 1432 August.
1357 1385 1613 1423 Confessionis

80 1452 255 1492 mentem,
291 1460 371 1485 non
407 1451 483 1484 tam
519 1460 539 1484 e
576 1447 698 1484 verbis
725 1447 816 1498 ipsis
846 1448 1114 1495 Confessionis,
1142 1462 1252 1499 quam
1281 1448 1405 1499 potius
1434 1462 1477 1487 ex
1505 1455 1614 1487 auto·

81 1525 162 1550 rum
190 1513 291 1550 illius
321 1513 492 1550 doctrina
518 1512 716 1563 petendam
744 1525 845 1557 esse,
872 1526 966 1563 quos
993 1513 1032 1550 in
1062 1526 1103 1550 ea
1131 1514 1314 1551 sententia
1343 1526 1471 1552 omues
1499 1515 1613 1553 fuisse

81 1578 275 1622 affirmant,
312 1589 396 1614 cum
422 1576 602 1614 ‚ederetur
630 1578 662 1624 Ξ)
693 1576 888 1614 Confessio
916 1577 1010 1628 ipsa,
1037 1582 1078 1615 ut
1106 1590 1235 1616 omues
1262 1579 1488 1616 unanimiter
1515 1581 1612 1616 affir-

80 1646 246 1687 marent,
287 1641 406 1692 ipsam
444 1641 611 1692 corporis
654 1648 690 1679 et
727 1641 922 1691 sanguinis
961 1642 1100 1680 Christi
1146 1643 1325 1681 naturalis
1363 1644 1611 1681 substantiam

82 1719 161 1744 esse
194 1719 321 1744 revera
348 1709 411 1746 Σιῖι
440 1709 563 1752 ε’ίὲους
591 1710 627 1743 et
653 1705 818 1743 ministri
844 1706 961 1756 ipsius
988 1707 1163 1744 manibus
1191 1708 1340 1745 realiter
1366 1720 1409 1744 ac
1437 1708 1612 1746 substan-

78 1771 217 1809 tialiter
251 1762 394 1822 porrigi
429 1771 469 1809 in
505 1784 601 1821 pane
636 1771 718 1821 ipso
754 1775 790 1809 et
827 1772 914 1809 vino
952 1772 1127 1809 omnibus
1157 1785 1293 1810 coenae
1321 1772 1500 1819 convivis,
1536 1773 1612 1811 sive

81 1836 157 1874 sint
183 1835 323 1879 fideles,
350 1835 427 1873 sive
451 1835 635 1874 infideles.

131 1901 181 1939 Et
217 1901 278 1938 hic
313 1901 428 1950 igitur
465 1900 644 1937 dicimus:
675 1900 758 1937 Nos
786 1912 863 1937 non
890 1900 1071 1946 accusari,
1099 1900 1199 1951 quod
1227 1900 1274 1937 ab
1302 1901 1494 1938 autoribus
1520 1900 1611 1951 ipsis

81 1967 243 2014 August.
283 1965 554 2009 Confessionis,
591 1964 653 2001 sed
690 1964 790 2014 quod
826 1978 846 2001 a
885 1964 1056 2003 doctrina
1090 1965 1228 2015 potius,
1263 1978 1356 2015 quae
1383 1965 1422 2002 in
1450 1966 1609 2014 August.

82 2029 436 2077 Con—(36)fessione
472 2028 643 2075 habetur,
680 2028 964 2075 dissentiamus,
992 2041 1101 2079 quam
1130 2041 1199 2066 nos
1225 2028 1300 2065 iam
1327 2042 1348 2066 a
1376 2029 1485 2066 nobis
1513 2034 1610 2066 stare

79 2093 311 2131 ostendimus
349 2092 516 2143 adeoque
553 2096 588 2130 et
615 2091 654 2129 in
685 2096 813 2130 nostra
841 2092 1012 2130 doctrina
1038 2093 1143 2130 illam
1170 2106 1191 2129 a
1219 2093 1355 2131 nostris
1383 2093 1609 2130 accusatori-

80 2159 151 2196 bus
189 2158 410 2209 oppugnari.
466 2158 592 2195 Quare
628 2158 659 2195 si
695 2171 911 2196 accusamur
949 2158 1191 2196 dissensionis
1219 2159 1266 2195 ab
1293 2158 1384 2209 ipsis
1413 2158 1608 2196 autoribus

81 2223 339 2261 Confessionis
370 2222 562 2268 duntaxat,
589 2222 683 2259 alius
709 2221 785 2259 iam
812 2223 881 2260 erit
909 2222 1183 2260 controversiae
1211 2226 1341 2260 status.
1370 2222 1484 2260 Aliud
1510 2223 1609 2260 enim

82 2292 139 2326 est
176 2287 372 2326 Confessio
400 2287 492 2338 ipsa,
520 2286 622 2324 aliud
650 2300 735 2324 vero
764 2291 912 2325 autores
937 2287 1067 2338 ipsius,
1104 2287 1287 2338 siquidem
1313 2286 1369 2324 illi
1396 2287 1497 2325 aliud
1526 2300 1608 2326 sen·

80 2356 221 2397 serunt,
249 2349 351 2388 aliud
380 2362 464 2387 vero
494 2349 611 2386 literis
639 2349 678 2386 in
703 2349 785 2400 ipsa
814 2350 1057 2387 Confessione
1083 2350 1320 2388 mandarunt.

131 2415 213 2452 Nos
233 2427 344 2466 porro
365 2426 482 2464 neque
505 2412 535 2461 3)
556 2418 649 2464 quot
668 2427 821 2451 numero
842 2414 981 2452 fuerint
1002 2418 1149 2452 autores
1171 2414 1427 2452 Confessionis
1447 2415 1608 2464 August.

81 2481 231 2526 scimus,
267 2479 340 2517 nisi
367 2479 467 2530 quod
495 2492 589 2524 eam,
626 2484 810 2516 unacum
838 2479 936 2517 illius
965 2479 1163 2530 Apologia,
1200 2483 1329 2517 autore
1357 2479 1403 2518 D.
1432 2479 1605 2530 Philippo

83 2545 326 2584 Melanthone
360 2544 500 2582 editam
535 2557 615 2581 esse
649 2549 835 2594 putamus.
889 2544 938 2582 Et
973 2544 1127 2582 meliora
1163 2544 1330 2595 profecto
1367 2544 1475 2582 nobis
1503 2545 1535 2591 ⁴)
1565 2544 1608 2582 de

78 2614 186 2648 tanto
225 2610 304 2648 viro
332 2608 552 2660 pollicemur
587 2612 698 2658 atque
726 2608 837 2646 etiam
865 2600 1142 2659 persuademus,
1176 2622 1286 2659 quam
1316 2614 1356 2646 ut
1383 2609 1420 2646 in
1449 2609 1513 2646 tali
1543 2621 1608 2658 po-

124 2725 147 2762 ¹)
172 2723 250 2755 Cod.
280 2723 442 2754 Francos.:
475 2723 545 2753 Non
568 2725 671 2753 autem
694 2722 735 2753 ibi
758 2724 879 2764 (nempe
901 2723 934 2753 in
957 2723 1022 2764 ipso
1038 2723 1135 2764 panis
1157 2726 1213 2755 mal
1229 2725 1338 2765 poculi
1360 2724 1535 2764 grammato),
1559 2723 1609 2754 ubi

79 2788 162 2809 mens
190 2781 308 2816 nostra,
332 2778 397 2809 alio
411 2778 480 2818 jam
503 2777 621 2819 alioqui
642 2778 782 2809 subvecta
800 2789 859 2818 pm·
871 2778 981 2819 fidem,
1011 2778 1094 2809 nihil
1115 2773 1210 2821 neque
1231 2779 1362 2821 quaerit,
1392 2778 1531 2809 intuetur
1553 2780 1608 2809 atet

80 2833 296 2874 apprehendit.
426 2835 452 2873 2)
478 2834 543 2865 lb.:
568 2833 741 2866 uelleretur.
876 2834 901 2873 3)
927 2834 988 2866 lb.:
1012 2845 1107 2876 neque
1128 2834 1252 2876 quinam
1277 2845 1372 2876 naqa&
1393 2844 1452 2876 qeco
1474 2844 1610 2867 numero·

121 2890 148 2929 ⁴)
173 2889 222 2923 Id.
245 2889 337 2932 legit:
362 2890 446 2921 nobis
465 2891 620 2931 projecto,

132 2945 167 2985 Ι.
1412 2947 1456 2986 17
