1818 3178
160 141 208 174 44
612 143 662 169 nn
688 140 849 168 cmusrr
879 137 1197 167 INCARNATIONE.

158 248 344 285 Bethleem
372 226 508 287 natum,
536 242 803 291 Hierosolymis
829 246 1017 278 mortuum
1043 253 1134 278 esse.
1172 240 1276 278 Haec
1302 253 1412 291 porro
1439 240 1666 288 testimonia,

159 311 203 348 ‹le
237 314 397 360 tempore
431 313 466 345 et
500 308 582 344 loco
618 305 772 353 originis
809 304 946 341 Christi
982 303 1193 349 tractantia,
1227 317 1303 342 non
1340 316 1406 341 suo
1442 304 1525 340 loco
1553 304 1663 342 nobis

158 380 391 426 opponuntur
428 374 465 409 in
501 374 714 418 argumento
753 368 1003 418 conceptionis
1040 367 1190 413 Christi,
1225 369 1265 406 in
1293 382 1366 419 quo
1396 381 1472 406 non
1501 381 1590 406 sane
1617 369 1663 407 de

156 445 316 488 tempore
349 441 410 473 aut
446 436 538 479 loco,
574 433 635 470 sed
672 433 717 470 (16
742 433 821 483 ipsa
849 432 1056 469 substantia
1085 432 1242 481 originis
1270 432 1410 470 Christi
1436 432 1476 470 in
1504 445 1661 484 concep·

154 502 252 538 tione
277 500 353 536 eius
378 502 575 542 tractatur;
602 495 814 546 praesertim
842 508 927 532 vero
955 508 996 532 ea
1014 495 1239 534 testimonia.
1258 495 1298 533 in
1317 495 1453 546 quibus
1474 496 1664 547 Scriptura

155 564 338 601 Christum
366 575 439 599 non
475 574 519 598 ex
555 560 794 597 humanitatis
829 573 925 604 suae,
953 559 997 596 de
1024 573 1096 609 qua
1121 564 1245 597 tamen
1272 560 1420 610 proprie
1447 560 1507 597 hic
1528 561 1663 609 agitur,

153 626 212 664 sed
247 639 291 663 ex
326 625 538 662 Divinitatis
575 637 660 661 suae
696 628 840 668 natura,
874 623 1036 667 metitur,
1072 636 1165 673 quae
1196 637 1348 674 prorsus
1386 629 1440 662 est
1467 625 1587 662 aliena
1613 626 1660 662 ab

152 695 364 738 argumento
407 693 547 733 nostro,
582 688 626 726 de
660 688 770 726 modo
806 688 1058 739 conceptionis
1096 701 1159 725 seu
1195 689 1470 726 incarnationis
1508 690 1660 729 Christi.

150 754 310 791 Primum
352 753 447 790 enim
494 753 645 802 aequius
687 756 763 789 erat
798 765 838 789 ca
874 752 1076 802 producere
1111 752 1324 789 testimonia
1362 753 1402 790 in
1440 758 1660 802 argumento

151 816 397 867 conceptionis
443 815 592 861 Christi,
626 816 666 852 in
701 815 837 865 quibus
874 815 1062 865 Scriptura
1101 815 1293 853 Christum
1334 829 1379 854 ex
1417 816 1659 856 humanitatis

149 893 233 917 suae
269 884 398 916 natura
434 879 583 916 metitur
593 895 602 925 3
631 879 930 929 quandoquidem
962 879 1170 917 incarnatio
1198 879 1335 928 Do-(G
1355 877 1553 928 vb)minica
1579 886 1660 919 tota

150 944 306 981 hominis
338 943 569 993 potissimum
596 948 765 980 naturam
792 944 831 981 in
860 943 1008 981 Christo
1034 944 1212 982 intuetur.
1266 944 1410 982 Deinde
1437 958 1537 989 vero,
1565 947 1596 983 si
1623 951 1659 985 et

147 1022 187 1046 ea
222 1007 328 1045 nobis
356 1007 571 1057 opponenda
598 1011 714 1051 erant,
749 1020 842 1057 quae
870 1007 914 1045 de
939 1011 1104 1058 tempore
1130 1012 1194 1046 aut
1221 1008 1304 1045 loco
1332 1009 1490 1058 originis
1519 1009 1659 1047 Christi

146 1073 247 1109 iuxta
280 1077 447 1108 natm-am
483 1070 696 1108 Divinitatis
734 1085 819 1108 suae
846 1071 1046 1116 disserunt,
1070 1073 1154 1110 tolli
1181 1073 1352 1123 equidem
1378 1073 1482 1123 prius
1511 1087 1658 1112 omnem

144 1136 292 1173 illorum
329 1148 410 1172 cum
446 1135 520 1172 suis
555 1135 745 1173 antithetis
781 1137 1064 1186 repugnantiam
1098 1137 1138 1174 in
1181 1138 1332 1187 proprio
1366 1138 1518 1175 illorum
1545 1151 1657 1187 argu-

145 1204 268 1237 mento
321 1199 525 1249 oportebat,
576 1199 791 1250 priusquam
847 1200 955 1237 nobis
999 1205 1285 1251 opponerentur,
1322 1201 1503 1252 siquidem
1541 1201 1657 1239 robur

145 1263 294 1314 aliquod
320 1265 492 1300 adversus
521 1263 728 1300 doctrinam
755 1269 921 1302 nostram
950 1264 1118 1302 obtinere
1138 1265 1498 1316 debebant3alioqui
1518 1267 1657 1305 frustra

143 1330 181 1366 in
218 1328 337 1366 alieno
372 1332 586 1377 argumento
623 1328 733 1365 nobis
767 1342 944 1379 opponas,
977 1343 1072 1379 quae
1106 1330 1146 1366 in
1173 1330 1323 1380 proprio
1350 1331 1516 1380 ipsorum
1544 1344 1655 1380 argu·

144 1398 266 1430 mento
295 1393 501 1443 Scripturae
527 1393 810 1443 repugnantiam
836 1393 1032 1431 inducunt.
1073 1394 1180 1431 Quae
1208 1394 1252 1431 de
1271 1395 1480 1433 substantia
1500 1395 1656 1444 originis

144 1458 279 1495 Christi
313 1458 458 1508 proprie
491 1462 664 1503 tractant,
703 1457 838 1496 Matth.
866 1458 890 1496 i.
919 1458 1011 1496 Luc.
1038 1458 1061 1496 i.
1091 1459 1196 1497 Ioan.
1226 1459 1265 1504 i.‚
1291 1472 1333 1497 ea
1358 1460 1410 1497 ita
1435 1459 1510 1497 iam
1537 1461 1655 1511 expli-

143 1522 281 1558 enimus
318 1525 393 1558 tam
429 1522 531 1559 iuxta
559 1521 727 1565 Divinae,
760 1534 870 1572 quam
904 1522 1009 1559 iuxta
1038 1522 1220 1560 humanae
1254 1523 1294 1560 in
1323 1523 1471 1561 Christo
1500 1529 1655 1563 naturae

140 1586 329 1630 rationem,
362 1590 414 1630 111,
449 1586 547 1635 quod
575 1586 620 1623 ad
651 1587 930 1636 approbandam
967 1586 1134 1624 unanimi
1172 1587 1339 1624 locorum
1365 1588 1533 1625 omnium
1563 1602 1655 1626 con-

142 1661 249 1685 sensu
284 1647 487 1684 doctrinam
514 1652 678 1686 nostram
705 1649 848 1693 attinet,
875 1649 968 1686 nihil
997 1649 1106 1686 nobis
1132 1650 1421 1699 praetermisisse
1448 1650 1651 1690 videamur.

141 1710 198 1746 Ex
217 1710 350 1759 quibus
370 1723 455 1748 sane
475 1711 582 1747 simul
602 1711 774 1748 omnibus
795 1711 902 1749 facile
913 1711 1069 1762 quisque
1078 1712 1260 1761 intelliget
1270 1712 1358 1757 iam,
1369 1713 1462 1750 nihil
1475 1713 1650 1751 adversus

141 1774 343 1810 doctrinam
376 1778 539 1810 nostram
574 1775 706 1819 facere,
741 1788 833 1825 quae
870 1776 926 1812 vel
961 1775 1004 1812 (le
1039 1780 1214 1826 tempore,
1242 1776 1299 1813 vel
1329 1777 1373 1814 de
1399 1777 1494 1822 loeo,
1522 1777 1579 1814 vel
1607 1777 1653 1815 de

140 1838 343 1875 substantia
359 1839 467 1875 etiam
477 1838 631 1887 originis
642 1839 780 1877 Christi
788 1840 825 1876 in
840 1853 904 1877 sua
917 1840 1157 1890 conceptione
1171 1853 1355 1891 opponere
1366 1841 1476 1879 nobis
1489 1842 1650 1881 conaris.

189 1902 306 1938 Venio
334 1915 432 1939 nunc
459 1903 504 1939 ad
531 1904 790 1941 refutationem
816 1909 919 1942 tuam
947 1909 1095 1942 nostrae
1121 1906 1377 1954 argumen-(G
1405 1906 1460 1953 vi)
1476 1906 1649 1952 tationis,

139 1978 247 2014 quam
287 1966 367 2009 tibi,
409 1979 489 2002 cum
533 1968 630 2017 apud
674 1980 743 2005 nos
795 1982 903 2013 esses,
938 1969 976 2005 in
1013 1982 1130 2006 unum
1168 1969 1424 2018 syllogismum
1460 1970 1648 2008 redactam

138 2029 414 2067 tradideramus.
476 2030 586 2067 Rides
615 2044 703 2075 nos,
743 2032 842 2081 quod
888 2033 1104 2081 syllogismo
1147 2038 1270 2071 tecum
1316 2047 1359 2070 ac
1403 2047 1480 2072 non
1524 2035 1649 2085 potius

139 2092 334 2142 Scripturis
377 2093 568 2139 egerimus,
611 2099 721 2144 atque
775 2096 834 2132 hic
879 2097 1139 2146 Philosophiae
1192 2098 1368 2143 studium,
1411 2098 1526 2136 veluti
1569 2112 1648 2136 rem

138 2156 345 2194 Christiano
380 2157 540 2195 Doctore
565 2158 769 2207 indignam,
795 2161 971 2198 traducis.
1026 2162 1108 2207 Ais,
1134 2166 1171 2199 te
1201 2175 1285 2199 cum
1314 2163 1515 2213 Scripturis
1543 2163 1648 2213 loqui

135 2221 242 2256 malle
269 2221 491 2271 simpliciter,
517 2236 626 2272 quam
655 2224 807 2261 subtiles
835 2230 981 2263 nostras
1008 2227 1316 2264 ratiocinationes
1346 2227 1461 2277 sequi,
1488 2232 1523 2265 et
1552 2241 1646 2278 quae

135 2284 173 2319 in
209 2291 287 2320 eam
323 2286 539 2323 sententiam
567 2300 707 2337 semper
733 2289 876 2326 adferre
904 2291 1010 2328 soles.
1065 2291 1112 2329 Et
1139 2296 1248 2341 putas
1275 2296 1312 2329 te
1338 2291 1414 2329 iam
1441 2291 1586 2337 vicisse,
1614 2292 1645 2329 si

135 2347 341 2384 istiusmodi
369 2361 474 2386 voces
499 2350 595 2387 inter
620 2355 705 2388 tuos
733 2366 843 2402 quam
870 2354 1045 2392 latissime
1074 2369 1244 2405 spargas:
1275 2368 1343 2393 nos
1372 2368 1500 2393 omnes
1517 2356 1643 2393 Philo-

137 2411 284 2460 soph08‚
316 2416 352 2449 te
392 2413 509 2449 solum
545 2414 777 2464 Theologum
814 2430 911 2463 csse;
949 2431 1016 2455 nos
1045 2431 1171 2457 omnes
1201 2419 1361 2457 humana
1390 2420 1580 2470 sapientia,
1606 2425 1643 2459 16

136 2475 253 2511 50111111
291 2476 497 2524 Scripturac
533 2479 730 2516 autoritate
756 2480 836 2518 niti.
890 2481 1080 2519 Praeclara
1109 2497 1196 2520 sane
1223 2484 1281 2520 via
1310 2484 1354 2521 ad
1385 2485 1643 2534 aucupandam

133 2538 250 2587 plebis
283 2538 470 2588 imperitae
504 2541 672 2587 gratiam,
709 2543 765 2579 cui
792 2544 898 2581 facile
925 2548 1159 2594 persuaseris,
1185 2552 1238 2593 111,
1266 2547 1450 2598 quidquid
1478 2561 1554 2585 non
1582 2549 1641 2586 in-

133 2601 277 2649 telligit,
313 2602 459 2639 damnet
495 2603 751 2655 Philosophiae
788 2609 948 2652 nomine,
983 2611 1197 2659 praesertim
1234 2612 1276 2655 si,
1302 2612 1483 2662 quidquid
1514 2617 1641 2650 contra

133 2670 168 2701 tc
196 2665 294 2708 facit,
321 2666 596 2716 Philosophiam
623 2682 699 2706 esse
726 2670 837 2709 dicas.
867 2674 917 2710 At
945 2687 1030 2710 vero
1050 2688 1227 2723 magnum
1249 2676 1450 2714 discrimen
1469 2682 1524 2714 est
1544 2678 1640 2714 intcr

133 2728 402 2777 simplicitatem
438 2734 473 2767 et
509 2731 703 2770 inscitiam.
758 2735 980 2785 Simplicitas
1019 2750 1092 2774 non
1123 2738 1201 2776 odit
1229 2739 1486 2785 eruditionem,
1513 2740 1575 2778 sed
1604 2745 1639 2777 61

133 2791 341 2839 linguarum
385 2798 419 2830 ct
464 2794 740 2845 disciplinarum
778 2800 1028 2848 cognitionem
1062 2803 1160 2839 inter
1196 2803 1355 2853 Spiritus
1390 2804 1508 2842 sancti
1541 2804 1638 2841 <lona

135 2867 215 2891 cum
251 2856 365 2893 Paulo
394 2864 580 2905 numerat;
609 2873 700 2910 quae
727 2867 881 2914 utraque
909 2865 995 2902 dum
1022 2870 1063 2903 tu
1091 2867 1297 2904 contemnis
1323 2868 1488 2906 traducis
1516 2881 1559 2906 ac
1586 2869 1638 2906 ri-
