1818 3178
507 127 558 154 m:
586 127 869 157 SAGRAMENTIS
900 129 1115 158 nccnnsrAn
1143 128 1322 158 onnrsn.
1606 121 1674 159 133

153 233 365 268 mentorum
401 229 662 281 descriptione,
698 244 829 282 nempe
855 231 956 282 quod
983 232 1035 270 ita
1064 232 1139 269 sint
1168 232 1290 283 posita
1317 231 1356 269 in
1389 230 1574 269 Ecclesiae
1601 232 1671 269 mi-

154 293 321 340 nisterio,
355 297 397 332 ut
432 293 479 331 ad
505 297 624 331 totam
651 295 804 332 omnino
834 295 1038 333 Ecclesiam
1065 295 1264 346 omniaque
1290 295 1391 333 illius
1417 295 1584 332 membra
1613 308 1674 332 or-

155 357 298 397 dinarie
322 358 547 410 pertineant,
573 362 702 409 estque
721 359 811 397 haec
827 359 946 410 prima
969 363 1059 397 nota
1079 361 1404 398 Sacramentorum
1419 359 1498 398 eius
1516 360 1675 409 generis,

154 423 199 461 de
226 436 300 474 quo
328 426 496 461 nostram
523 423 756 462 instituimus
782 425 1060 463 tractationem.

204 486 287 524 Iam
323 498 409 524 vero
445 486 493 523 ad
519 487 807 538 explicationem
833 489 1006 539 partium,
1034 489 1170 539 quibus
1199 489 1437 528 Sacramenta
1465 490 1556 528 hacc
1583 503 1673 528 con-

153 553 266 596 stant,
302 550 505 595 veniamus,
542 565 673 602 nempe
700 552 745 590 ad
774 552 872 602 signi
897 552 937 590 in
966 553 1216 591 Sam-amentis
1243 558 1279 592 et
1306 554 1475 604 mysterii
1503 554 1672 592 conside-

152 614 347 661 rationem,
383 628 477 666 quae
503 615 614 653 etiam
643 616 741 654 varie
767 630 788 654 a
815 616 943 654 multis
970 621 1168 667 usurpatae
1195 618 1387 656 doctrinae
1415 619 1567 657 dissidia
1594 633 1673 657 ma-

151 690 227 727 gna
270 690 316 715 ex
359 671 464 728 parte
496 682 692 716 auxerunt.
754 678 921 716 Primum
960 683 1083 716 autem
1119 679 1163 717 de
1200 680 1308 729 signo
1344 681 1520 725 dicemus,
1556 695 1675 733 neque

152 741 214 779 hic
251 741 295 779 de
322 742 516 791 signorum
542 742 741 791 generibus
771 742 886 780 multa
913 742 1144 780 adferemus:
1175 744 1219 780 de
1247 744 1303 781 his
1331 745 1430 782 enim
1456 745 1577 791 multi,
1604 746 1675 782 im-

151 805 282 856 primis
318 819 404 843 vero
442 806 498 843 vir
526 806 764 844 doctissimus
790 806 897 843 iuxta
925 819 968 843 ac
993 807 1261 857 pientissimus,
1289 808 1335 846 D.
1364 808 1553 846 Henricus
1581 810 1674 846 Bul-

150 869 328 919 lingerus,
361 869 627 908 disseruerunt.
683 870 847 907 Tantum
884 869 1054 916 dicimus,
1091 872 1418 910 Sacramentorum
1453 875 1559 924 signa
1596 875 1674 913 eius

150 934 297 984 generis
333 947 423 980 esse,
457 935 541 983 (fol.
579 936 663 982 22³)
699 947 793 984 quae
826 934 885 971 ius
922 948 987 972 seu
1020 935 1258 986 privilegium
1286 937 1439 987 aliquod
1465 942 1527 976 aut
1558 939 1674 976 dona-

150 999 291 1037 tionem
327 999 539 1050 quampiam
576 999 773 1047 designant
809 1002 1034 1036 attestantur
1071 1003 1105 1036 et
1150 1000 1425 1050 quodammodo
1461 1016 1677 1054 repraesen-

150 1067 246 1108 tant,
281 1062 357 1101 sive
382 1063 535 1114 publico
570 1075 672 1100 more
707 1065 853 1112 recepta
891 1066 990 1109 sunt,
1018 1062 1094 1100 sive
1120 1076 1140 1100 a
1170 1064 1386 1102 nomotheta
1413 1066 1538 1116 aliquo
1566 1066 1676 1104 insti-

151 1131 244 1174 tuta,
278 1132 320 1165 ut
346 1131 402 1165 est
429 1127 574 1176 Regum
603 1126 807 1172 coronatio,
834 1127 965 1164 annun·
990 1127 1030 1164 in
1059 1128 1297 1178 sponsalibus
1325 1130 1492 1173 donatio,
1519 1135 1554 1169 ct
1581 1146 1675 1182 quae

150 1191 229 1229 eius
267 1192 413 1241 generis
441 1190 639 1228 habentur.
694 1191 789 1228 Sunt
816 1190 917 1228 enim
943 1190 1050 1240 signa
1078 1192 1114 1229 in
1146 1193 1388 1231 sacramentis
1415 1195 1589 1232 omnibus
1618 1196 1676 1232 di-

152 1255 230 1293 vini
264 1269 352 1305 erga
387 1268 456 1293 nos
491 1255 661 1293 beneficii
696 1255 803 1305 signa
838 1255 879 1292 in
907 1255 1069 1302 Christo,
1095 1257 1136 1293 in
1163 1270 1236 1307 quo
1267 1258 1377 1296 nobis
1404 1258 1462 1296 ius
1490 1273 1532 1297 ac
1558 1260 1674 1311 privi-

149 1321 288 1371 legium
314 1320 477 1358 filiorum
503 1319 573 1358 Dei
601 1320 781 1358 donatum
808 1323 875 1365 est,
900 1333 965 1371 per
993 1320 1153 1359 delatam
1180 1322 1289 1360 nobis
1315 1324 1483 1372 gratuito
1508 1326 1674 1376 corporis
1728 1330 1730 1332 ’

151 1389 187 1423 et
214 1385 407 1434 sanguinis
434 1385 492 1422 sui
520 1384 834 1423 communionem.

200 1450 248 1487 In
293 1449 506 1487 istiusmodi
549 1462 661 1500 porro
697 1448 941 1487 attestatoriis
977 1462 1021 1486 ac
1064 1451 1387 1500 repraesentativis
1425 1452 1542 1501 signis
1579 1453 1674 1490 nihil

149 1527 242 1566 opus
278 1519 333 1551 est
367 1513 557 1551 miraculis
593 1513 692 1557 ullis,
728 1513 789 1550 sed
825 1513 976 1564 publica
1003 1518 1224 1565 receptaque
1251 1528 1330 1553 esse
1356 1516 1540 1554 eiusmodi
1568 1517 1675 1567 signa

148 1582 307 1630 oportet,
342 1581 384 1616 ut
419 1578 589 1629 quisquis
623 1578 689 1615 illa
723 1577 903 1624 intuetur,
937 1578 1110 1629 protinus
1146 1579 1347 1629 intelligat,
1381 1580 1561 1631 quidnam
1598 1582 1672 1620 illis

147 1643 376 1693 designetur,
405 1646 645 1688 contestetur,
671 1646 706 1681 et
732 1647 1041 1693 repraesentetur.
1088 1644 1149 1682 Sic
1175 1645 1215 1682 in
1244 1646 1391 1695 Regum
1419 1648 1674 1693 coronatione,

146 1709 185 1746 in
214 1708 344 1746 annuli
373 1707 581 1757 coniugalis
608 1707 822 1752 donatione,
847 1708 887 1745 in
916 1709 1129 1748 foederibus
1155 1710 1325 1757 iciendis,
1352 1712 1447 1750 nihil
1475 1716 1530 1750 est
1557 1714 1671 1752 mira-

149 1773 242 1820 culi3
279 1773 343 1810 sed
380 1773 469 1810 dum
505 1772 612 1822 signa
639 1773 704 1810 illa
730 1772 933 1819 intuemur,
957 1775 1132 1825 protinus
1161 1788 1206 1812 ex
1234 1776 1351 1814 moris
1378 1778 1518 1828 recepti
1546 1780 1672 1816 consi-

148 1838 342 1876 deratione
373 1837 630 1887 intelligimus,
667 1838 848 1888 quidnam
885 1838 993 1888 signa
1028 1839 1093 1877 illa
1128 1841 1238 1878 nobis
1267 1841 1462 1890 designent
1490 1846 1669 1882 attesten-

146 1907 208 1940 tur
235 1915 279 1939 ac
305 1905 595 1952 repraesentent.

198 1966 353 2003 Habent
396 1969 519 2003 autem
563 1965 634 2003 hoc
680 1967 752 2003 sibi
786 1967 972 2017 peculiare
1005 1981 1093 2018 prae
1127 1968 1210 2006 aliis
1249 1969 1432 2007 eiusmodi
1467 1970 1587 2020 signa,
1628 1975 1670 2010 ut

149 2030 225 2068 sint
251 2030 388 2081 pariter
415 2033 451 2067 et
476 2030 530 2068 rei
555 2031 773 2080 praeteritae
801 2031 908 2081 signa
935 2035 971 2070 et
997 2033 1203 2083 praesentis
1230 2037 1265 2071 et
1294 2033 1451 2072 futurae.
1481 2035 1564 2082 (fol.
1586 2037 1671 2084 22b)

149 2095 299 2133 Etenim
345 2094 457 2144 Regis
503 2095 695 2132 coronatio
734 2095 906 2144 designat
949 2099 985 2134 ct
1022 2099 1219 2135 attestatur
1256 2098 1314 2135 ius
1351 2099 1457 2148 regni
1493 2100 1539 2137 ad
1576 2113 1673 2145 eum,

147 2160 212 2210 qui
247 2172 351 2196 more
386 2158 538 2210 publico
576 2162 788 2203 coronatur,
821 2164 857 2197 et
883 2160 1105 2210 pertinuisse
1132 2161 1206 2198 iam
1234 2166 1354 2206 antea,
1382 2162 1458 2200 sive
1484 2177 1549 2214 per
1575 2165 1670 2202 elec-

146 2224 300 2268 tionem,
335 2223 412 2261 sive
445 2237 510 2274 per
546 2224 831 2269 successionem,
867 2229 903 2263 et
938 2226 1123 2276 pertinere
1156 2239 1220 2276 per
1255 2227 1444 2277 publicam
1481 2228 1584 2266 illam
1612 2229 1672 2266 in-

146 2288 444 2337 augurationem,
480 2301 599 2339 neque
634 2293 862 2334 cessaturum
898 2303 977 2327 esse
1013 2290 1196 2341 deinceps,
1232 2291 1294 2329 sed
1322 2304 1605 2342 permansurum
1632 2294 1671 2332 in

145 2356 337 2403 posterum
364 2353 487 2395 etiam,
513 2356 568 2398 ut,
595 2353 660 2403 qui
687 2357 900 2400 coronatur,
927 2354 1074 2405 plenam
1103 2355 1235 2393 habeat
1262 2360 1391 2406 postea
1418 2358 1523 2406 regni
1550 2358 1670 2395 admi-

146 2416 332 2455 nistrandi
367 2420 601 2467 potestatem.
657 2417 799 2455 Annuli
825 2419 914 2455 item
943 2419 1152 2469 coniugalis
1179 2419 1327 2470 publiea
1355 2425 1575 2473 receptaque
1604 2423 1670 2461 do-

148 2482 250 2520 natio
287 2482 458 2530 designat
494 2486 529 2520 et
566 2486 764 2520 attestatur
797 2484 985 2534 sponsalia
1023 2485 1191 2523 confecta
1227 2499 1306 2523 esse
1341 2488 1481 2525 mutuis
1508 2488 1671 2538 partium

145 2547 397 2598 pactionibus,
432 2550 467 2585 et
506 2560 547 2584 ea
583 2547 664 2597 ipsa
700 2547 884 2598 publicari
912 2549 1177 2600 obfirmat-ique
1204 2551 1267 2587 illa
1294 2552 1425 2589 annuli
1454 2552 1669 2598 donatione,

145 2614 256 2660 atque
290 2609 329 2648 in
356 2613 549 2660 posterum
576 2610 687 2647 etiam
714 2614 792 2648 rata
822 2612 913 2656 fore,
941 2612 1121 2662 tantisper
1150 2613 1238 2650 dum
1267 2618 1421 2665 uterquc
1449 2616 1668 2653 contrahen-

145 2673 240 2711 tium
269 2674 372 2712 vivit.
418 2673 467 2711 Et
494 2686 629 2724 porcae
655 2674 694 2711 in
724 2675 936 2713 foederibus
963 2676 1138 2714 mactatio
1167 2677 1212 2714 ad
1240 2678 1399 2716 eundem
1426 2680 1578 2717 modurn
1608 2681 1671 2718 dc-

147 2738 319 2788 signabat
355 2742 391 2776 ct
427 2739 673 2776 attestabatur
709 2739 842 2777 foedus
878 2741 951 2778 iam
984 2742 1100 2779 fuisse
1136 2742 1363 2787 institutum,
1398 2744 1566 2794 illudque
1602 2745 1671 2783 hac

149 2803 355 2840 ceremonia
393 2803 542 2846 sanciri,
568 2808 604 2841 et
630 2804 671 2841 in
707 2808 898 2855 posterum
927 2805 1205 2844 observandum
1233 2820 1311 2846 esse
1339 2808 1462 2852 etiam,
1490 2808 1562 2846 nisi
1589 2809 1672 2859 quis

149 2866 323 2917 perfidiae
350 2880 434 2907 reus
461 2880 540 2907 esse
568 2867 689 2908 vellet.
