1818 3178
131 96 203 133 318

129 205 212 244 dem
237 209 365 245 notam
382 207 527 257 insper-
577 207 694 252 facite
721 208 759 244 in
787 209 859 246 mei
883 209 1272 250 commemorationem.

125 283 213 319 gere
233 270 341 309 nobis
359 270 441 321 pari
460 270 532 307 im-

126 335 301 385 pudentia
356 338 524 373 conatur.

127 398 359 436 Calumniam
403 403 526 444 vocat,

126 464 226 514 quod
271 463 319 500 ab
362 463 443 514 ipso
490 468 526 501 et

126 528 202 565 suis
230 540 337 564 usum
381 528 527 565 Coenae

123 592 280 629 terrenis
332 592 524 630 elementis

125 656 274 704 alligari
329 655 427 699 dico,
485 660 521 693 et

124 720 340 757 sceleratam
425 720 522 757 hanc

125 784 348 821 calumniam
397 783 526 832 augeri

123 848 244 885 adhuc
289 848 436 893 clamat,
473 848 560 885 dum
598 847 630 885 ei
668 848 762 885 falso
790 848 1017 886 exclusivam
1046 862 1172 886 vocem
1202 849 1499 888 solummodo
1527 851 1646 889 adfin-

123 925 185 961 g0.
237 912 380 950 Audiat
413 911 529 961 igitur
565 911 677 949 homo
712 925 822 949 verax
861 912 1014 956 scilicet,
1040 912 1104 962 qui
1132 925 1199 950 nos
1224 913 1419 951 sceleratae
1446 914 1650 952 calumniae

122 981 286 1015 accusat.
339 977 402 1014 An
435 990 511 1014 non
539 989 622 1014 eum
649 989 728 1013 esse
756 989 883 1013 verum
912 976 1058 1013 Coenae
1086 989 1191 1014 usum
1221 977 1369 1020 fatetur,
1398 977 1429 1014 si
1456 978 1494 1014 in
1524 979 1650 1015 Coena

125 1041 271 1091 corpori
307 1044 342 1078 et
376 1040 552 1088 sanguini
588 1039 729 1077 Christi
765 1053 848 1078 vere
883 1040 1174 1091 participemus?
1229 1044 1286 1078 An
1322 1041 1411 1078 item
1448 1055 1522 1079 non
1567 1055 1650 1080 vere

122 1104 358 1154 participent,
393 1105 605 1155 quicunque
640 1104 680 1141 in
719 1105 844 1141 Coena
879 1104 969 1154 pani
1004 1108 1040 1141 et
1077 1104 1164 1141 vino
1202 1104 1438 1155 participant.
1466 1105 1648 1155 siquidem

121 1167 211 1218 pani
245 1167 318 1218 ipsi
353 1179 397 1204 ac
432 1167 519 1205 vino
557 1167 706 1205 realiter
744 1172 779 1205 et
817 1167 1060 1218 corporaliter
1087 1168 1206 1206 insint
1234 1169 1292 1205 vel
1321 1168 1469 1206 subsint
1497 1170 1553 1206 vel
1581 1169 1648 1206 ad-

123 1232 199 1269 sint
236 1244 368 1283 corpus
395 1237 432 1270 et
459 1232 612 1281 sanguis
642 1231 809 1270 Christi?
864 1232 970 1269 Haec
998 1232 1069 1269 duo
1099 1245 1168 1281 ego
1196 1246 1217 1269 a
1247 1232 1465 1283 Westphalo
1494 1237 1557 1271 aut
1583 1247 1649 1271 ne·

121 1296 203 1345 gari
239 1300 303 1334 aut
338 1296 494 1346 agnosci
532 1295 655 1335 velim.
709 1295 882 1333 Quorum
909 1296 941 1333 si
974 1296 1077 1346 prius
1105 1300 1227 1345 neget,
1254 1309 1312 1333 res
1340 1296 1395 1333 illi
1423 1309 1506 1334 cum
1533 1297 1647 1334 Paulo

121 1361 317 1412 Apostolo‚
344 1374 421 1399 non
447 1373 592 1398 meeum
620 1360 701 1404 erit,
728 1361 791 1411 qui
818 1374 962 1411 panem,
982 1374 1091 1411 quem
1111 1361 1301 1409 stan-(fol.
1325 1362 1527 1410 80)girnus‚
1545 1375 1648 1400 com·

122 1424 337 1462 munionem
365 1423 542 1474 corporis,
569 1427 605 1461 et
633 1424 798 1469 calicem,
825 1436 898 1474 quo
926 1423 1055 1461 laudes
1084 1424 1326 1468 celebramus,
1347 1426 1648 1464 communionem

122 1488 315 1537 sanguinis
352 1500 432 1526 esse
460 1487 580 1525 docet.
635 1487 675 1524 Si
703 1487 895 1531 conc-edat,
923 1487 1035 1524 simul
1060 1487 1171 1525 etiam
1199 1488 1390 1534 fatebitur,
1415 1502 1524 1526 usum
1553 1490 1647 1527 Coe-

121 1567 190 1591 nae
227 1553 429 1591 consistere
464 1551 702 1603 potissimum
728 1551 768 1589 in
797 1552 963 1602 corporis
992 1556 1027 1590 et
1055 1552 1249 1601 sanguinis
1278 1553 1418 1591 Christi
1445 1555 1647 1605 participa·

119 1618 234 1656 tione.
288 1618 465 1662 Rursum,
502 1617 533 1654 si
559 1617 744 1667 posterius
772 1622 894 1665 neget,
922 1629 1047 1655 secum
1074 1617 1152 1668 ipse
1179 1618 1363 1668 pugnabit
1389 1617 1429 1656 in
1458 1619 1649 1657 communi

120 1683 184 1720 illa
219 1683 291 1734 piis
325 1683 464 1733 pariter
491 1687 602 1733 atque
628 1681 753 1732 impiis
782 1682 949 1732 corporis
977 1686 1013 1719 et
1042 1682 1236 1731 sanguinis
1265 1682 1406 1720 Christi
1432 1682 1473 1720 in
1501 1686 1649 1722 Coenae

120 1762 189 1785 usu
225 1747 523 1798 participatione.
578 1746 619 1783 Si
646 1759 731 1784 vero
761 1746 945 1796 agnoscit,
969 1746 1043 1783 iam
1073 1746 1259 1790 ostendat,
1286 1747 1474 1797 quomodo
1504 1761 1542 1786 se
1569 1761 1646 1786 non

117 1812 274 1863 ipsemet
308 1812 341 1849 ei
379 1811 508 1862 culpae
542 1810 723 1857 involvat,
748 1823 821 1861 qua
849 1823 917 1848 nos
945 1810 1052 1848 illum
1078 1810 1198 1848 teneri
1225 1810 1395 1853 dicimus.
1419 1815 1461 1849 ut
1488 1824 1556 1850 nos
1585 1825 1646 1850 ca·

119 1877 295 1921 luminae,
322 1880 358 1913 et
385 1876 535 1926 quidem
565 1875 775 1918 sceleratae,
803 1879 963 1914 accuset.
1011 1875 1072 1912 Sic
1099 1875 1198 1913 enim
1214 1875 1495 1914 ratiocinamur.
1529 1876 1647 1916 Quis-

120 1941 202 1991 quis
238 1940 446 1990 legitimum
484 1942 630 1978 Coenae
655 1952 765 1977 usum
794 1939 989 1977 constituit
1017 1940 1057 1976 in
1085 1952 1169 1977 vera
1195 1939 1431 1990 potissimum
1460 1941 1535 1978 veri
1563 1954 1646 1979 eor-

119 2005 220 2055 poris
258 2009 294 2042 et
331 2003 525 2053 sanguinis
563 2003 705 2042 Christi
733 2003 1032 2054 participatione,
1058 2008 1095 2041 et
1121 2018 1247 2042 veram
1273 2018 1403 2042 rursus
1432 2006 1508 2043 veri
1534 2006 1645 2044 etiam

121 2070 285 2120 corporis
313 2073 349 2107 et
377 2068 571 2117 sanguinis
600 2068 740 2106 Christi
767 2068 1092 2118 participationem
1121 2068 1318 2106 constituit
1346 2068 1384 2106 in
1412 2069 1519 2119 panis
1547 2069 1646 2107 dun-

118 2139 222 2172 taxat
250 2134 366 2185 ipsius
395 2138 430 2171 et
456 2134 580 2184 poculi
609 2135 756 2171 Coenae
783 2136 934 2170 externa
965 2133 1042 2170 sine
1069 2133 1141 2170 fide
1170 2132 1392 2184 sumptione,
1418 2155 1469 2162 —
1495 2134 1526 2171 is
1554 2148 1643 2172 sane

119 2200 190 2237 iam
226 2200 434 2249 legitimum
476 2199 621 2236 Coenae
657 2211 766 2236 usum
802 2198 927 2235 eadem
964 2198 1075 2235 simul
1111 2211 1222 2249 opera
1256 2199 1385 2247 alligat
1421 2199 1467 2236 ad
1501 2203 1645 2238 terrena

119 2265 264 2302 Coenae
290 2264 472 2301 elementa
497 2267 657 2308 tantum,
684 2276 815 2313 nempe
850 2275 983 2313 panem
1011 2266 1048 2299 et
1074 2262 1218 2301 vinum.
1257 2262 1496 2313 Westphalus
1523 2267 1559 2300 et
1586 2263 1642 2301 sui

118 2328 225 2377 (dum
262 2328 350 2379 pani
384 2332 420 2365 et
456 2328 555 2374 vino,
582 2340 676 2378 quae
701 2331 848 2364 terrena
875 2330 962 2364 sunt
989 2326 1169 2364 elementa
1196 2328 1326 2377 procul
1353 2326 1480 2372 dubio,
1508 2339 1642 2377 corpus

116 2393 239 2444 ipsum
274 2396 309 2430 et
345 2393 566 2441 sanguinem
607 2391 748 2430 Christi
785 2405 912 2429 verum
945 2391 1094 2429 realiter
1131 2404 1174 2428 ac
1211 2391 1454 2442 corporaliter
1490 2390 1541 2428 ita
1577 2395 1642 2429 aut

117 2459 239 2496 inesse
274 2461 337 2494 aut
373 2457 524 2494 subesse
559 2461 620 2494 aut
657 2456 785 2493 adesse
812 2455 959 2500 docent,
987 2460 1026 2493 ut
1054 2455 1112 2492 vel
1139 2455 1178 2492 in
1205 2468 1300 2506 pane
1327 2455 1407 2505 ipso
1437 2467 1479 2491 ac
1505 2454 1639 2505 poculo

120 2523 276 2566 Coenae,
303 2521 361 2558 vel
389 2521 457 2557 sub
484 2533 579 2571 pane
605 2533 649 2557 ac
675 2520 824 2570 poculo,
851 2520 909 2557 vel
934 2533 998 2570 per
1025 2533 1160 2570 panem
1187 2532 1230 2556 ac
1256 2519 1445 2570 poculum,
1473 2517 1641 2556 Ministri

117 2586 235 2639 ipsius
269 2585 441 2623 manibus
477 2585 548 2635 piis
575 2585 712 2635 pariter
748 2588 859 2635 atque
886 2584 1010 2635 impiis
1039 2584 1214 2623 distribui
1242 2588 1352 2634 atque
1380 2596 1399 2620 a
1428 2582 1499 2633 piis
1528 2583 1639 2620 simul

116 2652 204 2689 item
233 2663 276 2688 ae
300 2649 427 2700 impiis
454 2661 517 2686 ore
545 2649 697 2694 carnali,
722 2649 834 2686 etiam
862 2648 941 2686 sine
967 2648 1055 2691 fide,
1078 2648 1218 2699 percipi
1247 2647 1493 2694 contendant)
1520 2647 1639 2697 ipsam

118 2714 332 2755 hauddubie
368 2713 534 2764 corporis
570 2717 607 2750 et
643 2713 834 2761 sanguinis
871 2713 1013 2751 Christi
1038 2712 1361 2763 participationem
1391 2711 1639 2756 constituunt,

119 2780 220 2830 quod
255 2779 296 2818 in
326 2778 418 2830 ipsis
453 2782 521 2823 est,
555 2777 596 2815 in
633 2778 712 2815 sola
750 2782 904 2816 externa
937 2778 1003 2815 illa
1029 2777 1140 2815 etiam
1168 2778 1247 2815 sine
1273 2776 1346 2814 fide
1372 2775 1480 2826 panis
1508 2779 1543 2814 et
1569 2789 1638 2826 po-

120 2846 193 2888 culi
244 2847 401 2891 Coenae,
444 2847 674 2893 terrenorum
714 2843 855 2896 alioqui
890 2843 1169 2887 elementorum,
1203 2855 1222 2879 e
1263 2840 1466 2891 Mini·(fol.
1503 2842 1640 2891 Sl)stri
