1818 3178
1554 123 1625 162 337

602 237 663 273 40.
1245 232 1380 271 Ioan.
1407 230 1622 272 &Laeca

465 298 793 350 Westphalus.
1254 297 1304 335 Et
1323 295 1481 335 adhaec
1501 296 1621 346 Chry-

147 363 326 401 Distincte
353 376 496 413 quoque
527 362 802 413 Clirysostomus
820 364 960 410 scribit,
985 363 1165 401 Christum
1220 360 1375 399 sostomi
1394 360 1519 407 verba,
1540 363 1580 398 ut
1600 373 1621 398 a

88 435 245 477 propter
279 441 345 465 nos
382 441 532 465 carnem
569 429 826 478 assumpsisse,
870 434 902 465 et
937 428 1096 464 vicissim
1124 427 1162 463 in
1214 425 1433 476 Westphalo
1447 424 1622 469 citantur,

94 492 248 540 mystica
276 503 391 529 coena
419 504 569 530 earnem
598 499 631 530 et
656 493 873 542 sanquinem
901 491 1005 529 nobis
1031 491 1137 528 dare.
1218 489 1314 527 nihil
1341 502 1442 527 nunc
1464 501 1618 540 respon-

1217 553 1358 599 demus,
1382 552 1619 604 quandoqui-

1219 617 1302 655 dem
1321 617 1416 655 nihil
1435 617 1622 668 pertinent
1638 625 1643 633 ·

89 681 136 719 ad
174 687 382 734 susceptam
410 683 650 733 Pur-gationis
678 687 826 722 nostrae
854 682 1127 722 defensionem:
1156 685 1303 721 tantum
1331 682 1479 720 ostendi
1508 694 1617 732 cupe-

91 760 179 791 rcm,
218 748 396 798 quidnam
435 749 524 786 haec
560 749 607 787 ad
644 748 918 800 Westphalicae
956 761 1086 787 causae
1115 747 1437 785 confirmationem
1465 746 1618 785 faciant.

91 811 308 862 Westphalo
354 813 507 856 scilicet,
552 813 722 864 quisquis
759 812 948 851 Christum
985 812 1095 850 nobis
1130 811 1169 848 in
1207 812 1331 849 Coena
1367 824 1432 848 sna
1469 823 1617 847 carnem

91 889 195 913 suam
234 877 272 914 in
303 877 426 915 cibum
454 878 541 915 dare
569 878 688 923 docet,
722 877 821 916 idem
848 877 957 915 simul
984 877 1106 923 etiam,
1134 876 1173 914 in
1200 890 1296 927 pane
1321 876 1427 913 illum
1454 878 1518 913 aut
1546 873 1615 912 sub

88 953 182 989 pane
221 941 365 979 Coenae
409 941 622 979 delitescere
665 955 803 993 perque
838 942 961 993 ipsum
996 954 1130 992 panem
1168 940 1412 991 corporaliter
1450 938 1617 977 Ministri

88 1005 262 1042 manibus
298 1006 440 1056 porrigi
475 1007 547 1057 piis
584 1006 721 1057 pariter
753 1010 864 1058 atque
890 1006 1014 1057 impiis
1043 1004 1079 1044 et
1106 1018 1170 1044 ore
1198 1005 1338 1043 carnali
1366 1004 1517 1055 percipi,
1545 1003 1613 1041 do-

88 1073 167 1106 ceat
195 1083 343 1108 necesse
369 1074 437 1109 est.
494 1071 599 1108 Haec
627 1074 680 1109 est
708 1071 884 1109 nimirum
913 1070 1188 1121 Westphalicae
1215 1069 1380 1119 Erinnys
1408 1067 1614 1113 dialectica,

88 1132 190 1171 iuxta
220 1148 329 1184 quam
358 1135 467 1173 facile
495 1148 560 1173 sua
589 1135 714 1173 omnia
743 1135 982 1186 Westphalus
1011 1134 1246 1186 approbabit.

1229 1198 1364 1235 Ioan.
1392 1195 1416 1234 ὲ,
1442 1195 1610 1234 Lasco.

590 1265 652 1302 41.
1256 1261 1434 1299 Extremo
1452 1260 1527 1298 iam
1547 1273 1611 1298 co-

463 1327 789 1379 Westphalus.
1213 1330 1304 1364 natu
1339 1339 1408 1363 nos
1443 1324 1612 1363 adoritur

133 1391 212 1430 Sed
243 1393 367 1430 desino
401 1393 493 1432 haec
523 1395 704 1443 persequi
732 1394 930 1442 protimus,
966 1406 1047 1431 cum
1084 1405 1157 1430 non
1210 1391 1375 1442 Erinnys
1413 1390 1611 1441 Westpha-

81 1457 298 1495 instituerim
332 1471 430 1495 nunc
464 1460 630 1507 refutare
666 1459 789 1496 omnia
819 1458 1015 1496 mendacia
1044 1463 1076 1495 et
1101 1470 1161 1495 so-
1212 1456 1286 1494 lica
1329 1459 1611 1506 extremumque

78 1522 270 1570 plzismata
317 1523 447 1572 quibus
483 1524 661 1571 refertum
707 1531 760 1560 est
800 1523 1032 1560 Baronicum
1069 1523 1162 1559 illud
1212 1520 1287 1558 iam
1314 1520 1397 1569 (fol.
1418 1521 1509 1567 113)
1525 1522 1610 1557 tan-

82 1587 272 1636 scriplum.
321 1587 440 1625 Unum
469 1594 591 1626 tamen
619 1588 762 1638 insiyne
790 1588 1022 1625 mendacium
1050 1588 1160 1624 sz'len-
1214 1585 1298 1623 dem
1324 1585 1495 1623 aculeum
1521 1584 1609 1622 infi-

82 1651 130 1687 tz‘o
160 1652 366 1699 praeterire
402 1665 475 1688 non
505 1665 672 1701 possum,
701 1653 801 1701 quod
826 1653 1001 1696 insinuat,
1031 1664 1152 1700 quan·
1205 1661 1291 1700 gere
1313 1650 1423 1687 nobis
1443 1653 1612 1694 c‘onatur,

84 1727 196 1762 quam
224 1722 348 1763 aperte
377 1728 449 1753 non
476 1717 574 1753 ausit
601 1718 746 1754 dicere:
801 1716 1035 1765 Cinyllanam
1065 1716 1153 1752 doc-
1208 1714 1272 1752 sed
1299 1713 1401 1765 quod
1428 1726 1506 1751 non
1533 1716 1609 1750 tam

81 1779 218 1814 trinam
247 1791 322 1816 esse
343 1781 620 1828 comprobatam
641 1782 838 1818 autoritate
854 1780 1019 1828 Imperii.
1049 1780 1149 1816 Nam
1202 1791 1272 1815 nos
1335 1791 1434 1823 sane,
1497 1790 1608 1828 quam

82 1848 154 1880 toto
194 1844 331 1892 scripto
368 1844 436 1880 hoc
473 1845 564 1893 aqit,
603 1846 703 1894 quod
735 1845 1155 1893 Sacramentarr'ffidem
1207 1843 1408 1894 ipsummet
1484 1842 1610 1892 potius

82 1908 240 1944 doceant
273 1914 306 1945 et
340 1909 500 1945 sentiant
538 1910 582 1947 de
614 1909 736 1947 Coena
767 1910 920 1947 Domini
946 1922 1028 1947 cum
1059 1907 1153 1946 Gon·
1207 1907 1467 1958 Westphalum
1512 1919 1610 1957 pun-

72 1972 244 2020 fessz‘one
272 1972 511 2021 Auyustana.
1203 1972 1271 2022 git.
1333 1971 1492 2009 Ostendi
1535 1971 1610 2007 iam

1201 2036 1398 2087 perfrictae
1475 2034 1628 2072 frontis'

1202 2100 1393 2138 hominem
1448 2099 1489 2136 in
1538 2098 1610 2136 im·

1203 2164 1404 2216 pingendis
1516 2163 1610 2201 mihi

1207 2230 1411 2268 mendaciis
1488 2229 1620 2280 impu³

1209 2295 1422 2334 (lentissime
1475 2294 1610 2332 menti-

1205 2361 1250 2405 ri,
1284 2373 1327 2398 ac
1361 2359 1519 2411 proinde
1553 2372 1612 2397 me

83 2423 187 2462 nulla
215 2436 341 2462 eorum
371 2423 478 2475 culpa
506 2423 638 2470 teneri,
665 2437 758 2475 quae
785 2424 877 2462 mihi
905 2425 1131 2463 mendaciter
1157 2425 1345 2476 impingit.
1393 2425 1610 2462 Sarcasmus

80 2488 181 2526 tituli
208 2488 386 2526 Baronici
414 2488 504 2526 adeo
532 2502 591 2526 mc
618 2488 714 2526 nihil
741 2493 877 2535 movet,
904 2493 945 2527 ut
974 2493 1168 2527 stemmata
1195 2503 1275 2527 mea
1304 2489 1401 2527 inter
1430 2489 1609 2527 beneficia

82 2553 152 2591 Dci
188 2567 377 2592 numerem
421 2567 539 2604 neque
568 2554 628 2591 illa
657 2553 921 2604 Westphalicis
948 2558 1158 2605 permutare
1196 2554 1319 2593 velim.
1375 2554 1445 2592 Sed
1481 2555 1611 2605 arripit

83 2618 238 2668 simplex
267 2618 337 2656 istc
365 2618 530 2676 veritatis
559 2620 719 2655 assertor
747 2617 1006 2667 undecunque,
1033 2617 1215 2668 quidquid
1243 2617 1388 2668 Erinny
1415 2631 1502 2655 suae
1520 2617 1610 2655 sub·

83 2683 220 2720 servire
247 2696 397 2734 quoquo
425 2683 536 2720 modo
566 2695 673 2733 posse
700 2682 859 2720 videtur.
905 2683 964 2720 Ita
993 2696 1112 2734 neque
1138 2682 1287 2732 insigne
1313 2683 1385 2720 hoc
1411 2696 1534 2720 meum
1562 2682 1612 2730 (si

82 2745 160 2784 Deo
188 2747 326 2797 placet)
354 2747 590 2785 mendacium
618 2745 768 2784 silentio
799 2759 835 2784 se
863 2746 1061 2797 praeterire
1087 2760 1196 2798 posse
1222 2747 1286 2786 ait.
1326 2747 1410 2790 Sed,
1438 2746 1526 2784 dum
1552 2759 1611 2784 me

79 2810 235 2860 ipsemet
271 2816 395 2863 aperte
429 2811 479 2850 id*
504 2824 580 2849 non
617 2811 755 2850 dixisse
782 2812 933 2857 fatetur,
961 2811 1061 2862 quod
1088 2812 1181 2850 mihi
1208 2812 1361 2851 interim
1387 2812 1439 2849 ita
1466 2810 1608 2860 tragice

82 2874 270 2925 impingit,
299 2890 386 2915 sanc
412 2882 449 2915 et
475 2890 533 2915 mc
561 2877 662 2915 omni
690 2877 873 2916 mendacii
890 2877 988 2915 illius
1008 2877 1166 2926 insignis
1190 2878 1294 2928 culpa
1316 2877 1437 2916 verbis
1456 2876 1611 2927 ipsemet

142 2939 176 2979 I.
1411 2943 1458 2978 22
