1818 3178
168 125 212 159 56
620 127 670 152 nn
696 123 858 151 CHRISTI
886 120 1211 149 INCARNATIONE.

165 231 269 270 Pauli
306 231 385 268 loco
421 227 559 278 aliquid
596 230 722 262 contra
760 237 828 261 nos
864 223 920 270 (K
946 223 993 269 ia)
1030 222 1169 259 efficere
1203 222 1271 267 vis,
1298 221 1538 273 approbanda
1564 221 1668 272 prius

165 296 234 333 tibi
261 300 354 332 essct
380 298 439 331 tua
467 289 731 340 interpretatio,
759 293 957 336 nostraque
984 298 1027 322 ac
1054 289 1216 323 veterum
1242 286 1331 323 item
1358 285 1525 323 omnium
1553 285 1668 323 altera

168 357 424 409 impugnanda.
469 354 596 403 Neque
622 352 719 389 enim
747 351 835 388 satis
863 354 918 387 est
944 349 1112 386 attulisse
1139 349 1494 400 interpretationem,
1520 348 1594 386 nisi
1620 349 1668 386 il-

166 423 236 459 lam
266 422 454 458 confirmes
482 419 537 455 vel
564 417 726 465 legitima
754 415 951 452 verborum
979 414 1236 465 explicatione,
1263 415 1320 451 vel
1347 418 1474 451 mutuo
1501 414 1669 451 locorum

166 487 203 523 in
239 483 435 534 Scripturis
470 493 663 525 consensu,
706 492 862 530 quorum
899 491 966 516 nos
1003 482 1126 515 tamen
1162 481 1333 515 neutrum
1373 479 1412 515 in
1447 482 1510 515 tua
1546 477 1669 515 adhuc

164 547 460 597 interpretatione
494 545 672 581 videmus.
728 543 841 580 Quod
878 542 977 579 enim
1013 541 1058 578 ad
1096 554 1204 578 voces
1231 542 1375 586 attinet,
1403 542 1471 579 hae
1497 555 1574 580 non
1601 541 1669 579 ad-

162 613 311 649 mittunt
338 610 448 646 ullam
474 621 623 658 prorsus
649 611 728 644 toto
757 607 827 643 hoc
854 606 936 643 loco
963 618 1145 656 personae
1172 606 1519 652 commutationem3
1547 606 1666 643 multo

163 674 282 712 minus
317 685 401 709 vero
436 671 716 709 translationem
751 670 865 716 illam,
892 683 963 720 qua
990 674 1032 707 tu
1059 669 1218 707 Divinae
1245 670 1424 707 duntaxat
1450 670 1491 707 in
1519 670 1667 708 Christo

161 742 310 776 naturae
336 736 534 774 attribuere
560 736 652 773 velle
671 734 805 772 videris
825 748 933 772 omne
953 734 1083 772 salutis
1103 738 1251 771 nostrae
1269 735 1498 784 mysterium,
1516 735 1666 772 excluso

159 801 304 838 interim
339 800 468 837 merito
506 812 590 836 suae
627 799 879 844 humanitatis,
915 798 1225 848 quemadmodum
1260 798 1300 834 id
1325 798 1401 835 iam
1427 803 1552 848 aperte
1579 799 1668 836 satis

159 864 402 914 exposuimus.
431 863 616 901 Locorum
643 876 728 900 vero
758 862 954 899 collatione
980 866 1125 899 tantum
1155 862 1272 905 abest,
1298 866 1338 899 ut
1365 867 1467 899 tuam
1484 861 1667 912 interpre-

157 929 329 966 tationem
355 928 558 978 approbare
583 927 714 978 possis,
740 931 779 964 ut
808 927 864 964 vel
891 927 952 963 hic
977 926 1056 976 ipse
1082 926 1187 963 Pauli
1214 926 1319 963 locus
1346 939 1427 963 eam
1455 926 1558 962 nullo
1585 938 1667 963 mo-

158 992 204 1029 do
231 992 410 1029 admittat.
448 991 547 1028 Dum
572 992 672 1028 enim
700 991 939 1041 chirographi
967 990 1084 1028 nostri
1113 1003 1247 1027 nexum
1275 1003 1339 1040 per
1367 1002 1512 1027 crucem
1540 990 1666 1027 subla-

158 1061 234 1094 tum
270 1068 347 1092 esse
385 1055 490 1092 docet
528 1058 657 1105 (quam
692 1054 861 1105 equidem
897 1055 944 1091 ad
981 1054 1120 1091 Christi
1156 1054 1400 1091 Divinitatem
1427 1054 1564 1091 referre
1590 1067 1668 1092 non

155 1121 379 1170 possumus),
405 1124 451 1162 et,
476 1119 616 1156 abolito
638 1118 875 1168 chirographi
891 1119 1010 1156 nostri
1029 1131 1137 1161 nexu,
1158 1118 1362 1168 expoliatas
1381 1130 1528 1168 quoque
1539 1117 1666 1155 eadem

156 1196 263 1233 opera
298 1183 410 1219 fuisse
447 1186 592 1219 constat
620 1195 747 1220 omnes
774 1183 914 1233 peccati
940 1183 1072 1220 mortis
1099 1195 1142 1219 ac
1170 1182 1492 1220 condemnationis
1519 1185 1669 1219 nostrae

157 1251 352 1296 potestates
365 1262 373 1291 3
388 1268 436 1274 --
463 1245 587 1294 (K·i1›)
609 1251 704 1283 certe
723 1246 769 1282 ab
790 1259 845 1291 eo,
862 1246 960 1296 quod
980 1259 1043 1296 per
1063 1258 1207 1282 crucem
1224 1251 1369 1296 partum
1388 1251 1455 1288 est,
1474 1245 1668 1283 excludere

158 1323 345 1360 nunquam
372 1310 507 1360 poteris
533 1310 706 1347 meritum
734 1310 976 1347 humanitatis
1004 1310 1155 1347 Christi.
1186 1310 1305 1347 Quid!
1327 1310 1425 1360 quod
1445 1310 1600 1360 ipsemet
1610 1311 1668 1347 vel

153 1375 289 1411 invitus
317 1375 454 1418 fateris,
482 1375 671 1412 Christum
698 1376 802 1412 iuxta
831 1388 979 1412 carnem
1007 1379 1195 1412 mortuum
1223 1376 1329 1412 esse?
1384 1378 1445 1412 An
1472 1388 1558 1412 vero
1588 1388 1666 1412 non

155 1438 251 1475 idem
277 1443 330 1475 est
355 1439 455 1475 iuxta
484 1451 641 1484 carnem,
669 1443 730 1475 aut
760 1439 861 1475 iuxta
889 1439 1130 1476 humanitatis
1158 1442 1329 1475 naturam
1358 1439 1546 1476 Christum
1564 1451 1666 1476 mor-

156 1507 257 1538 tuum
293 1501 396 1538 esse?
432 1501 528 1550 apud
561 1506 596 1538 te
632 1514 716 1538 caro
752 1502 790 1538 in
830 1501 978 1538 Christo
1017 1501 1116 1538 Deus
1153 1511 1229 1538 erat
1266 1501 1407 1538 scilicet
1442 1501 1553 1538 etiam
1581 1505 1667 1539 ante

158 1565 338 1602 mortem?
393 1564 538 1601 Quodsi
572 1564 675 1601 iuxta
711 1577 858 1601 carnem
893 1569 1061 1601 mortuus
1096 1569 1151 1602 est
1188 1565 1370 1611 Christus,
1396 1578 1490 1615 quae
1516 1565 1666 1602 interim

160 1641 234 1666 non
269 1634 357 1672 erat,
392 1641 509 1679 neque
544 1633 598 1666 est
633 1629 746 1673 Deus,
779 1634 814 1666 et
850 1633 969 1667 morte
1004 1629 1144 1666 Christi
1179 1630 1219 1666 in
1257 1642 1365 1666 cruce
1402 1630 1586 1666 abolitum
1611 1633 1667 1666 est

160 1694 298 1744 pcccati
332 1694 451 1730 nostri
487 1693 786 1744 chirographum,
821 1693 955 1730 mirum
989 1694 1171 1744 profecto,
1207 1694 1238 1730 si
1265 1694 1311 1730 ab
1340 1706 1395 1739 eo,
1423 1693 1521 1743 quod
1548 1696 1669 1730 morte

163 1756 299 1793 Christi
332 1756 432 1793 iuxta
468 1770 613 1794 carnem
648 1757 828 1794 abolitum
863 1762 929 1799 est,
965 1757 1137 1794 meritum
1165 1756 1406 1793 humanitatis
1436 1756 1576 1793 Christi
1602 1768 1666 1793 ex-

163 1819 299 1856 cludas.
353 1820 423 1856 Sed
459 1819 549 1857 dicis
585 1820 773 1857 Christum
806 1820 903 1857 idem
939 1834 1028 1862 esse,
1063 1821 1162 1870 quod
1191 1821 1356 1863 verbum,
1392 1824 1426 1857 et
1455 1833 1537 1857 cum
1563 1820 1668 1857 iuxta

163 1894 306 1919 carnem
336 1883 517 1920 Christum
547 1888 733 1920 mortuum
760 1897 840 1925 esse
867 1884 1005 1928 fateris,
1032 1884 1184 1934 perinde
1210 1897 1289 1921 esse
1315 1888 1435 1934 putas,
1462 1896 1505 1920 ac
1533 1883 1565 1920 si
1584 1896 1666 1921 ver-

164 1946 247 1982 bum
283 1950 464 1983 mortuum
502 1960 580 1984 esse
616 1947 766 1985 diceres.
821 1948 1011 1984 Caeterum
1049 1961 1117 1985 nos
1155 1961 1233 1985 eam
1262 1948 1470 1985 doctrinam
1498 1952 1598 1984 tuam
1626 1948 1667 1984 in

164 2011 410 2060 superioribus
447 2012 686 2049 refutavimus
720 2018 755 2049 et
791 2012 1032 2057 ostendimus,
1060 2012 1249 2049 Christum
1275 2025 1351 2049 non
1378 2012 1482 2049 verbi
1509 2015 1667 2057 tantum,

164 2074 263 2111 iuxta
298 2088 406 2124 quam
434 2080 487 2112 est
522 2081 691 2113 aeternus
726 2079 760 2113 et
788 2076 1043 2120 immutabilis,
1072 2077 1134 2113 sed
1164 2076 1325 2113 hominis
1352 2076 1475 2121 etiam,
1503 2076 1574 2113 hoc
1600 2079 1668 2121 est,

165 2143 324 2175 nostram
361 2152 516 2189 quoque,
549 2144 719 2177 naturam
755 2140 898 2186 habere,
934 2142 1037 2178 iuxta
1073 2154 1183 2191 quam
1221 2145 1441 2192 conceptum
1476 2144 1604 2178 natum
1631 2145 1668 2179 et

164 2206 345 2239 mortuum
378 2204 480 2240 illum
508 2217 585 2241 esse
612 2205 805 2242 credimus.
860 2206 1011 2255 Alioqui
1038 2206 1069 2242 si
1097 2219 1180 2243 caro
1209 2209 1244 2243 et
1272 2206 1423 2254 sanguis
1451 2206 1491 2243 in
1519 2205 1667 2242 Christo

165 2262 315 2298 verbum
341 2267 406 2307 est,
433 2264 519 2312 quid
548 2264 699 2301 obsecro
727 2265 889 2302 hominis
916 2267 955 2302 in
981 2266 1046 2302 illo
1075 2267 1169 2303 erit?
1198 2268 1275 2303 Aut
1303 2266 1359 2314 (K
1375 2267 1438 2314 iia)
1466 2279 1537 2316 quo
1558 2270 1666 2316 pacto

165 2326 259 2374 apud
293 2330 328 2363 tc
364 2340 445 2363 caro
480 2328 519 2364 in
554 2328 700 2366 Christo
735 2329 835 2367 Deus
871 2335 937 2375 est,
970 2331 1045 2367 sive
1082 2331 1247 2375 verbum,
1284 2344 1367 2368 cum
1395 2331 1563 2368 Christus
1589 2330 1668 2381 ipse

170 2389 277 2433 dicat,
313 2390 429 2427 Deum
466 2391 654 2441 Spiritum,
689 2407 765 2431 non
804 2407 963 2439 carnem,
989 2397 1093 2433 esse?
1122 2397 1196 2433 nisi
1223 2402 1264 2435 tu
1290 2396 1400 2433 nobis
1429 2408 1565 2433 novum
1593 2395 1665 2432 ali-

167 2453 265 2502 quod
301 2453 540 2501 Evangclium
576 2458 734 2494 formare
762 2459 867 2504 velis,
894 2459 930 2495 in
959 2472 1032 2508 quo
1062 2460 1242 2510 duplicem
1272 2460 1381 2497 nobis
1409 2460 1478 2498 Dei
1505 2461 1668 2498 existen-

165 2517 253 2552 tiam
288 2529 422 2565 ponas:
459 2518 622 2565 alteram,
655 2534 725 2570 qua
762 2521 861 2558 Deus
896 2522 942 2559 sit
979 2523 1138 2573 Spiritus
1165 2528 1334 2562 aeternus
1361 2524 1605 2562 immutabilis
1633 2528 1668 2562 et

168 2582 335 2623 sanctus3
372 2579 533 2625 alteram,
559 2594 630 2630 qua
656 2581 754 2619 Deus
782 2583 868 2621 item
897 2585 945 2621 sit
972 2598 1055 2622 caro
1082 2586 1272 2623 mutabilis
1299 2591 1334 2624 et
1361 2600 1381 2623 a
1406 2587 1540 2637 prioris
1566 2587 1667 2623 illius

167 2641 379 2678 existentiae
407 2641 483 2679 Deo
511 2644 702 2683 derelictus
729 2651 838 2696 atque
865 2649 974 2685 ctiam
1002 2650 1156 2687 alienus.
1194 2651 1246 2687 At
1272 2663 1358 2688 vero
1386 2663 1454 2688 nos
1474 2651 1534 2687 hic
1553 2663 1668 2687 unum

170 2707 347 2743 duntaxat
375 2711 484 2756 atquc
510 2708 670 2746 ciusdem
698 2711 912 2749 existentiae
938 2713 1068 2758 Deum,
1095 2719 1131 2752 et
1156 2715 1304 2752 Patrem
1332 2715 1438 2752 simul
1468 2720 1504 2752 et
1529 2714 1668 2752 Filium

169 2772 204 2804 ct
231 2769 407 2819 Spiritum
435 2775 600 2809 sanctum
629 2785 718 2818 csse,
745 2787 825 2812 cum
854 2776 1047 2827 Prophetis
1074 2781 1110 2815 ct
1137 2778 1342 2829 Apostolis,
1360 2783 1510 2829 totaque
1529 2778 1667 2817 Catho-
