1818 3178
743 123 985 153 PRAEFATIO.
1558 123 1635 152 0111

108 230 254 273 ceteris
285 230 412 286 longe
442 227 763 285 probabiliorem
796 230 1080 272 coniecturam
1113 230 1291 272 aliorum
1314 231 1503 286 permisit
1524 230 1628 272 iudi-

109 304 188 348 cio.
221 304 285 346 Ex
317 319 365 345 eo
390 309 529 344 autem
553 302 797 358 opinionum
821 303 1039 344 diversitas
1060 309 1159 345 nata
1180 311 1283 356 erat,
1306 302 1415 359 quod
1438 303 1478 344 in
1502 301 1628 345 Lasci

105 375 285 432 quadam
317 373 490 430 epistola
521 372 687 426 dicitur,
719 374 981 416 MIORONIUM
1013 374 1122 416 hanc
1152 374 1394 431 Liturgiam
1427 374 1626 417 flandrice

106 448 328 492 reddidisse
363 449 404 503 ¹),
456 462 587 503 quum
642 447 730 503 ipse
775 453 921 489 contra
968 447 1206 490 Micronius
1253 448 1406 491 diserte
1451 455 1627 490 testetur

105 522 362 565 UTENHovlo
393 520 500 561 hanc
528 519 762 561 versionem
794 518 1114 562 adscribendam
1146 536 1232 562 esse
1264 521 1311 577 ²).
1352 519 1494 573 Quam
1525 521 1626 563 diffi-

105 594 302 636 cultatem
341 600 546 643 auctores,
581 607 685 648 quos
715 591 945 641 nominavi,
980 607 1124 633 omnes
1161 593 1218 634 ita
1249 592 1541 643 dissolverunt,
1577 600 1627 635 ut

103 665 172 709 alii
219 665 357 707 Lasco
387 663 456 705 alii
486 663 701 705 Micronio
732 663 933 704 maiorem
963 662 1085 704 fidem
1119 663 1383 706 tribuendam
1415 680 1501 707 esse
1532 679 1624 707 cen·

103 743 255 790 serent,
287 736 462 779 alterius
492 750 668 777 excusso
699 735 940 791 reiectoque
971 735 1222 779 testimonio.
1258 736 1355 779 Hoc
1386 737 1487 779 mihi
1519 753 1623 794 quo-

102 827 184 868 que
214 811 256 852 in
287 825 411 852 causa
442 814 520 859 est,
554 823 631 849 cur
653 807 906 861 Mensingae
929 808 1229 859 coniecturam,
1255 810 1445 865 quamvis
1468 817 1624 852 cetero·

101 883 203 940 quin
250 880 524 937 ingeniosam,
572 893 720 934 puram
763 886 909 934 putam
941 878 1128 934 recipere
1161 894 1244 921 non
1278 881 1443 935 possim,
1477 888 1621 938 utpote

102 969 207 1009 quae
227 953 354 1008 ipsius
377 951 500 993 Lasci
525 949 648 990 verba
670 950 727 990 ita
750 956 983 1005 praetereat
1000 950 1176 1000 silentio,
1201 952 1317 1005 quasi
1335 952 1453 994 nulla
1469 967 1617 996 eorum

101 1024 290 1068 habenda
311 1029 415 1064 esset
436 1022 542 1063 ratio
564 1023 612 1077 ³).
644 1020 736 1062 Nec
758 1028 911 1071 tamen,
936 1022 968 1063 si
990 1021 1092 1077 quid
1114 1022 1246 1074 video,
1270 1031 1355 1065 tam
1378 1024 1619 1079 perturbata

100 1104 225 1152 atque
256 1093 432 1137 difficilis
463 1093 566 1134 haec
598 1092 784 1148 quaestio
805 1092 1002 1134 diluenda
1024 1100 1097 1145 est,
1127 1109 1255 1149 quam
1276 1095 1490 1152 plerisque
1512 1096 1621 1138 vide-

98 1177 182 1220 tur,
215 1181 345 1223 quare
377 1164 475 1220 quid
505 1165 593 1220 ipse
623 1179 827 1214 censeam,
862 1165 1124 1220 paucissimis
1147 1166 1245 1207 mihi
1268 1166 1465 1223 expedire
1482 1167 1616 1210 liceat.

159 1238 335 1295 Scripsit
375 1237 398 1279 a
429 1236 568 1278 Lasco
600 1235 810 1292 duplicem
844 1235 1029 1278 eiusdem
1063 1236 1187 1279 huius
1219 1237 1313 1279 libri
1346 1239 1623 1287 recensiones,

101 1314 270 1354 alteram
307 1309 512 1366 privatam
545 1324 583 1351 a.
617 1308 726 1350 1551
760 1308 801 1350 in
835 1308 1048 1351 Ecclesiae
1078 1309 1361 1353 Londinensis
1393 1326 1529 1364 usum,
1564 1314 1624 1354 al·

100 1388 225 1425 teram
271 1395 307 1423 a.
357 1378 657 1430 1553-1555‚
704 1378 874 1420 editioni
910 1379 1170 1433 destinatam,
1202 1388 1248 1423 ut
1277 1381 1491 1425 Ecclesiae
1523 1399 1622 1425 suae

98 1468 250 1496 nomen
282 1458 406 1506 atque
437 1450 591 1492 famam
622 1465 645 1491 a
677 1449 896 1493 calumniis
927 1458 1140 1495 tueretur:
1174 1452 1419 1510 Liturgiam
1445 1469 1541 1497 vere
1563 1456 1622 1498 sic

97 1525 249 1568 dictam
282 1525 410 1575 illam,
442 1547 495 1554 -—
527 1524 631 1564 laam:
661 1522 737 1564 sub
763 1523 985 1580 Liturgiae
1008 1523 1143 1566 forma
1168 1525 1428 1582 Apologiam
1451 1529 1621 1584 proprie

98 1595 346 1646 habendam,
380 1609 487 1651 quae
516 1600 685 1650 praeter
714 1593 958 1650 Liturgiam
993 1593 1207 1638 doctrinae
1239 1611 1406 1653 quoque
1429 1613 1624 1654 compen-

99 1668 214 1710 dium
243 1674 284 1709 et
305 1665 622 1723 gubernationis
643 1665 824 1707 formam
845 1673 1040 1722 exponat.
1069 1667 1262 1710 Priorem
1286 1671 1441 1726 scripto
1463 1670 1623 1728 belgice

100 1739 221 1780 vertit
265 1736 546 1787 Utenhovius‚
597 1737 870 1792 posteriorem
916 1739 957 1781 in
1007 1739 1149 1782 multis
1180 1742 1437 1797 epitomavit,
1471 1745 1619 1799 passim

99 1809 328 1865 exscripsit,
363 1810 403 1850 in
437 1807 631 1850 omnibus
661 1808 848 1851 adhibuit
880 1809 1073 1853 sollerter
1098 1812 1348 1865 Micronius,
1381 1830 1512 1871 quum
1537 1817 1622 1872 ipse

99 1898 175 1926 suo
216 1889 349 1924 marte
396 1880 556 1938 belgice
597 1881 774 1923 similem
816 1881 957 1924 ederet
1000 1884 1273 1941 Apologiam,
1307 1893 1431 1941 atque
1461 1887 1623 1930 Lascus

97 1955 224 1998 latine
254 1952 456 1995 edendam
486 1952 560 1994 sibi
590 1961 880 2009 proposuerat.

157 2025 318 2068 Prioris
359 2024 608 2065 recensionis
649 2024 862 2067 historiam
906 2027 992 2082 ipse
1023 2033 1163 2069 noster
1195 2027 1256 2070 his
1289 2027 1425 2071 verbis
1456 2038 1624 2074 narrat:

103 2122 122 2147 ῃ
150 2100 214 2140 De
259 2095 520 2139 instituendis
565 2095 703 2138 cultus
749 2096 877 2139 divini
923 2099 1071 2141 ritibus
1121 2115 1322 2156 suspensa
1365 2101 1623 2158 aliquamdiu

104 2191 125 2217 ῃ
154 2169 196 2226 (i.
235 2184 270 2209 e.
315 2182 350 2209 a.
387 2166 512 2223 1551)
563 2165 804 2209 deliberatio
846 2168 937 2219 fuit,
982 2169 1114 2211 donec
1160 2170 1343 2226 populus
1388 2172 1623 2226 doceretur,

103 2262 125 2288 n
150 2241 310 2283 rituum
346 2238 545 2280 varietate
577 2253 660 2280 non
693 2238 825 2281 scindi
857 2240 1068 2283 Ecclesias
1200 2242 1368 2285 Horum
1403 2245 1458 2286 ita
1490 2246 1623 2288 visum

104 2337 125 2363 's
150 2320 210 2355 est
255 2312 413 2369 pluries
452 2325 502 2352 ac
540 2309 767 2368 diligenter
809 2314 971 2355 moneri
1011 2313 1232 2366 Ecclesias,
1282 2316 1530 2373 priusquam
1576 2318 1627 2360 de

103 2409 125 2434 ῃ
151 2385 299 2428 ritibus
338 2383 437 2425 ullis
477 2382 737 2425 instituendis
784 2386 1012 2441 quidquam
1061 2387 1232 2429 omnino
1273 2396 1538 2441 statueretur,
1582 2398 1626 2433 ut

104 2484 124 2509 η
150 2460 320 2501 illorum
369 2455 584 2497 diversitas
629 2471 766 2511 neque
816 2458 1021 2515 Anglicas
1063 2466 1203 2515 postea
1250 2459 1456 2504 Ecclesias
1496 2463 1625 2506 offen-

105 2555 126 2580 ῃ
151 2530 267 2573 deret
306 2536 346 2571 et
385 2535 548 2570 nostras
588 2529 686 2569 item
727 2529 767 2570 in
802 2531 1032 2573 servandae
1065 2547 1163 2573 cum
1194 2532 1277 2575 illis
1308 2536 1510 2578 societatis
1542 2538 1627 2579 offi-

107 2625 128 2650 η
153 2602 225 2644 ciis
265 2600 538 2643 nihilominus
584 2599 794 2642 retineret.
857 2601 1009 2645 Postea
1040 2603 1197 2645 rituum
1232 2604 1367 2648 forma
1398 2608 1628 2650 conscribe-

147 2778 172 2817 ¹)
196 2776 297 2807 LASCI
323 2776 434 2816 Opera,
458 2775 528 2806 Vol.
552 2774 595 2807 II.
618 2786 649 2816 p.
673 2775 722 2806 35.

145 2834 172 2873 2)
196 2833 406 2870 anomus,
433 2831 547 2863 Christ.
577 2831 827 2871 Ordomaeantien,
852 2832 902 2865 ed.
926 2833 1016 2873 1554,
1040 2838 1141 2878 praef.
1165 2848 1195 2880 p,
1218 2839 1255 2871 Α,
1280 2841 1308 2872 5,
1332 2851 1359 2872 a,

147 2889 173 2930 ³)
199 2888 395 2926 MENSINGA,
418 2898 446 2920 ο,
471 2887 491 2918 l.
515 2898 545 2931 p.
570 2887 620 2920 25.
