1818 3178
164 82 239 120 572
819 91 876 118 Ep.
910 91 1052 119 noc'rR.

165 189 365 241 appellant,
391 190 518 227 eodem
541 203 629 228 sane
655 192 864 241 spectantes
885 190 924 228 hi
943 203 1085 239 omnes,
1101 205 1194 243 quos
1213 196 1324 233 etiam
1339 197 1518 247 sequutus
1543 195 1690 235 videtur

166 258 316 293 sanctae
355 254 556 292 memoriae
601 253 927 306 Oecolampadius,
971 256 1045 295 nisi
1079 257 1181 308 quod
1216 259 1388 307 religiose
1421 261 1540 310 magis
1577 273 1689 312 quam

166 318 300 356 diserte
327 331 404 356 rem
431 317 529 356 hanc
556 318 630 356 sibi
657 318 747 357 olim
775 319 1011 358 tractandam
1038 333 1117 358 esse
1144 325 1334 372 putarunt,
1361 324 1578 375 praesertim
1607 337 1691 363 cum

166 382 269 421 nulla
297 395 337 420 ea
366 382 410 420 de
438 395 476 419 re
503 386 584 420 tum
613 383 868 421 controversia
895 384 1019 422 adhuc
1046 388 1220 425 exstaret.

216 448 345 486 Habes
384 453 553 486 nostram
582 448 626 487 de
655 462 770 487 coena
797 449 953 487 Domini
981 451 1218 496 sententiam,
1245 452 1301 489 vir
1328 453 1580 493 ornatissime!
1614 467 1692 493 non

163 525 183 550 e
221 511 448 549 refractariis
484 512 584 556 ullis,
613 513 677 551 sed
705 526 749 551 ex
775 513 867 564 ipsis
896 514 1101 565 scripturae
1129 515 1298 553 fontibus
1328 515 1571 568 desumptam,
1600 531 1691 556 con-

165 575 385 614 sentientem
422 575 493 613 toti
530 576 748 627 scripturae,
782 577 870 616 fidei
908 578 1121 628 analogiam
1148 579 1370 617 retinentem
1399 584 1434 618 et
1461 581 1616 631 proinde
1643 581 1691 620 ab

164 639 373 677 orthodoxa
410 640 667 691 catholicaque
703 641 872 679 Ecclesia
908 642 1061 680 minime
1097 643 1269 683 alienam.
1325 643 1439 682 Mitto
1477 645 1537 682 hio
1565 645 1693 684 Patres

163 718 322 757 quorum
350 706 691 756 praestantissimos
719 720 886 758 quosque
913 721 934 745 a
960 707 1133 758 partibus
1162 708 1301 746 nostris
1330 708 1522 748 habemus.
1578 708 1692 748 Mitto

164 770 347 817 Concilia,
385 784 545 821 quorum
582 771 823 809 celeberrima
860 786 1028 823 quaeque
1064 786 1130 824 pro
1168 773 1278 811 nobis
1315 773 1472 819 faciunt,
1507 774 1546 812 id
1591 774 1692 825 quod

165 834 276 872 facile
302 840 358 872 est
385 835 508 872 videre
535 848 580 873 ex
608 834 904 887 Oecolampadii,
931 837 1157 886 Bullingerii
1184 842 1220 875 et
1242 837 1406 875 Vadiani
1426 838 1694 878 monumentis.

166 899 293 945 Mitto,
321 900 485 951 inquam,
516 900 606 938 haec
634 900 771 947 omnia,
801 900 1105 953 quandoquidem
1134 902 1250 940 solius
1280 902 1484 954 scripturae
1511 903 1694 941 autoritas

164 964 274 1002 nobis
312 964 402 1001 satis
430 967 498 1009 est,
526 964 587 1001 cui
613 964 771 1002 nitimur
797 970 832 1003 et
860 970 966 1003 extra
994 979 1105 1017 quam
1133 966 1229 1004 nihil
1259 966 1319 1004 hic
1346 979 1416 1004 nos
1444 966 1576 1004 docere
1604 966 1695 1005 certi

166 1042 307 1068 sumus,
335 1028 448 1066 Plura
475 1042 533 1067 me
560 1028 606 1067 de
633 1029 691 1067 his
719 1029 766 1067 ad
793 1034 829 1068 te
858 1030 1021 1068 scribere
1048 1043 1123 1069 non
1152 1031 1291 1082 patitur
1311 1035 1390 1069 tum
1408 1031 1579 1069 valetudo
1600 1045 1696 1078 mea,

165 1098 245 1132 tum
283 1093 524 1142 negotiorum
561 1093 691 1133 moles.
747 1093 803 1132 De
830 1107 911 1132 mea
938 1095 1036 1133 istuc
1063 1096 1259 1133 vocatione
1285 1108 1363 1133 rem
1391 1108 1539 1133 omnem
1566 1096 1607 1134 in
1633 1109 1694 1134 ar·

165 1157 280 1195 bitrio
315 1162 440 1196 vestro
474 1171 589 1209 pono,
625 1158 738 1197 modo
773 1163 814 1198 ut
841 1159 1019 1211 Princeps
1046 1164 1176 1198 nostra
1203 1159 1441 1206 assentiatur,
1467 1173 1693 1211 quamquam

166 1223 228 1261 hic
254 1223 338 1274 plus
366 1223 456 1261 satis
485 1224 628 1273 negotii
655 1224 826 1270 habeam,
852 1238 973 1276 neque
1000 1225 1110 1263 facile
1144 1225 1273 1264 abesse
1308 1226 1462 1276 possim.
1516 1225 1610 1263 Vale
1637 1225 1696 1263 vir

167 1289 457 1328 humanissime!
487 1288 595 1327 Uxor
622 1302 703 1327 mea
732 1293 767 1327 te
795 1289 933 1328 salutat
950 1293 987 1328 et
1003 1293 1116 1329 tuam.
1136 1290 1321 1329 Dominus
1341 1295 1377 1329 te
1397 1295 1529 1330 servet.
1560 1291 1695 1330 Arnen.

728 2587 876 2625 Fixls
924 2586 1059 2623 'rom
1104 2584 1136 2623 I.
